2268 3848
314 307 387 376 84

778 308 843 361 Ρ.
900 307 1187 362 OVIDII
1229 303 1626 360 NASONIS.

395 425 519 483 Huc
549 422 766 483 accedat
794 421 993 504 Hylas,
1026 421 1328 504 Iliadesque
1359 441 1533 504 puer.·

312 523 582 603 Tempore
612 519 854 591 deficiar,
887 518 1124 596 tragicos
1154 518 1199 579 si
1227 541 1524 601 persequar
1551 517 1738 595 ignes3

389 617 603 698 Vixque
633 638 785 674 meus
813 615 990 697 capiat
1018 615 1244 692 nomina
1268 614 1416 674 nuda
1445 612 1600 673 liber;

307 714 414 772 Est
441 727 495 771 et
521 712 578 770 in
606 710 892 771 obscoenos
921 709 1123 770 deflexa
1154 708 1415 787 tragoedia
1444 709 1587 768 risus
1607 754 1625 780 ,

392 803 677 887 Multaque
706 804 964 887 praeteriti
995 805 1158 864 verba
1185 804 1413 887 pudoris
1438 804 1638 864 habet:

1988 817 2069 872 410

307 905 419 962 Nec
448 915 608 961 nocet
632 900 879 971 auctori,
911 898 1129 959 mollem
1159 899 1254 981 qui
1283 899 1414 971 fecit
1439 897 1742 969 Achillem,

386 997 677 1075 Infregisse
706 995 819 1055 suis
846 993 1011 1054 fortia
1039 993 1179 1054 facta
1207 994 1402 1069 modis.

306 1093 501 1152 Junxit
525 1090 791 1151 Aristides
823 1088 1040 1150 Milesia
1071 1089 1295 1151 crimina
1324 1112 1532 1163 seeum3

304 1227 417 1284 apud
431 1242 563 1283 quem
574 1225 726 1269 Thetis
738 1224 950 1269 Achillem
963 1226 1041 1269 sub
1050 1242 1142 1268 mu-

302 1293 424 1336 liebri
437 1293 587 1335 habitu
601 1290 768 1335 celavit:
784 1291 990 1347 quoniam
1003 1307 1025 1333 a
1039 1291 1139 1334 Pro-

302 1366 374 1400 teo
387 1364 630 1413 acceperat,
650 1355 770 1398 illum
787 1355 1031 1412 periturum
1051 1372 1140 1399 esse

299 1424 346 1465 in
380 1422 492 1465 bello
524 1421 732 1476 Trojano.
750 1443 803 1453 ·-·
823 1421 920 1463 Huc
949 1422 1142 1463 Hereum

300 1505 414 1531 uxor.
435 1488 659 1543 Megaram
683 1484 811 1538 dicit,
836 1500 965 1539 quam
990 1483 1137 1527 Creon

300 1569 373 1595 rex
383 1551 650 1602 Thebarum,
666 1548 835 1604 cognita
850 1548 1048 1591 Herculis
1059 1549 1140 1590 vir—

297 1626 389 1660 tute
403 1647 414 1668 ,
428 1614 486 1657 illi
503 1606 679 1656 uxorem
692 1612 812 1655 dedit
826 1645 837 1668 ,
854 1612 1055 1669 urbisque
1074 1613 1112 1656 ei
1123 1644 1135 1667 ,

296 1680 427 1723 veluti
454 1678 571 1732 filio,
594 1692 743 1721 curam
768 1676 975 1733 permisit.

350 1745 443 1799 406.
476 1745 572 1786 Huc
605 1745 784 1785 accedat
816 1743 967 1799 Hylas.
1001 1741 1137 1800 Hylas

297 1827 405 1867 puer
430 1810 538 1863 suit,
568 1824 712 1852 comes
742 1808 970 1862 Herculis,
1003 1824 1136 1864 quem

298 1876 436 1919 amisit
465 1875 510 1917 in
539 1874 666 1928 ⁴Ionia
696 1875 816 1929 juxta
839 1873 1028 1932 Mysiam
1047 1905 1059 1928 ,
1091 1881 1136 1917 et

297 1956 431 1996 quum
450 1946 722 1995 compertum
738 1970 749 1991 ‚
774 1937 1028 1980 exstinctum
1044 1954 1134 1981 esse

294 2006 340 2047 in
370 2003 523 2057 fonte,
556 2001 750 2045 instituta
783 2009 884 2044 sunt
910 2017 1026 2044 sacra
1045 2034 1057 2055 ,
1087 2002 1134 2044 in

296 2069 448 2125 quibus
479 2068 571 2123 ejus
604 2065 1131 2109 nomenclamabaturin
1158 2121 1164 2126 .

290 2134 313 2176 f
314 2133 497 2175 ontibus.
512 2155 565 2163 —
581 2132 816 2185 Iliacusque
826 2146 938 2183 puer.
964 2130 1022 2173 Et
1042 2129 1135 2173 Ga-

293 2196 502 2256 nymedes
518 2196 735 2250 Troianus
748 2226 762 2247 ‚
787 2193 899 2237 filius
915 2194 1041 2237 Trois
1061 2211 1134 2237 re-

293 2263 353 2318 gis
368 2294 379 2316 ,
405 2270 448 2305 et
467 2260 603 2303 frater
624 2259 675 2302 lli
696 2267 740 2302 et
763 2259 967 2303 Assaraci.

347 2330 437 2381 407.
469 2327 661 2379 Tempore
682 2326 879 2379 deficiam
904 2322 1003 2367 Cic.
1030 2324 1132 2367 Sall.

293 2390 359 2434 alii
379 2390 529 2433 dicunt
547 2405 557 2432 :
577 2397 734 2443 tempus
747 2404 810 2430 me
822 2389 993 2443 deficzbt.
1013 2387 1131 2432 Ciof.

294 2455 338 2497 in
367 2454 511 2496 multis
530 2455 747 2508 defle-ianm
777 2450 893 2493 unde
925 2451 1130 2494 Heinsius

257 2570 268 2582 „
292 2518 544 2574 conjiciebat
559 2523 740 2570 tempora
756 2518 961 2572 deficiant.
978 2515 1028 2558 Β.

268 2580 273 2587 4
343 2586 437 2640 408.
470 2586 513 2627 V
506 2589 626 2639 itque
653 2600 766 2626 meus
795 2587 941 2638 capiet.
979 2585 1135 2638 Capiat

290 2651 447 2694 rectius
467 2648 554 2691 duo
571 2657 749 2690 veteres.
767 2648 825 2690 H.

345 2719 438 2772 409.
449 2717 500 2757 In
511 2717 724 2755 obscenos
736 2715 856 2755 rtis-us.
867 2712 1050 2754 Tractat:
1058 2720 1129 2754 tur

290 2782 420 2824 etiam
450 2778 704 2834 plerumque
740 2776 783 2818 in
815 2775 1030 2831 tragoediis
1061 2792 1127 2818 res

289 2845 496 2887 obscoenae
506 2873 517 2894 ,
537 2841 689 2896 quibus
701 2839 845 2882 rident
859 2847 1127 2894 spectatores.

342 2910 435 2960 4ιο.
466 2907 676 2960 Multaque
690 2907 894 2958 pra-term·
907 2906 1030 2948 verba
1043 2921 1125 2958 pu·-

289 2977 400 3018 doris
417 2974 553 3014 habet.
584 2970 726 3012 Multa
750 2968 878 3011 habet
904 2969 948 3011 in
972 2968 1124 3024 quibus

288 3038 430 3095 pudor
448 3044 511 3079 est
533 3034 795 3091 praeteritus,
821 3049 845 3075 a
870 3033 1021 3088 quibus
1041 3033 1125 3075 ab-

288 3113 351 3146 est
366 3100 624 3145 verecundia
646 3116 656 3143 :
673 3097 844 3142 utinfra
865 3114 922 3140 vs.
936 3098 1037 3152 434,
1058 3097 1124 3140 lo-

267 3189 278 3192 *
288 3184 339 3210 co
354 3167 396 3209 in
411 3166 588 3221 vulgatis
601 3163 811 3207 mendoso
827 3179 876 3206 2¹«
890 3163 1001 3218 apud
1017 3178 1122 3218 quos

285 3231 432 3274 Rebus
472 3231 589 3273 abest
618 3229 758 3273 omnis
789 3228 1119 3283 nominibusque

285 3294 436 3351 pudor.
466 3312 486 3331 »
521 3293 659 3336 Simili
691 3292 823 3336 modo
860 3292 1024 3335 locutus
1058 3299 1121 3334 est

285 3360 457 3410 Noster,
478 3357 625 3400 Amor.
642 3357 710 3399 lib.
732 3358 824 3410 ΙΙΙ,
844 3357 909 3399 ΕΙ.
923 3371 956 3411 1,
972 3373 1031 3398 vs.
1045 3371 1116 3399 22:

283 3441 307 3463 «ι
330 3423 450 3466 Dum
480 3430 551 3465 tua
576 3421 791 3477 praeterito
812 3421 928 3465 furta
954 3421 1119 3478 pudore

1222 1227 1408 1271 refers.»
1435 1227 1587 1283 Quare
1616 1240 1707 1268 non
1743 1241 1915 1282 possum
1944 1243 2064 1271 acce-

1222 1291 1324 1334 dere
1345 1290 1603 1348 Tanaquillo
1628 1290 1770 1333 Fabro
1794 1290 1839 1332 in
1862 1291 2063 1347 Epistolis

1220 1358 1474 1414 reponenti,
1487 1359 1864 1412 proeleaetl‘pudoris.
1891 1358 1983 1401 Nec
1996 1358 2062 1401 fe-

1221 1421 1340 1466 licius
1359 1422 1421 1466 illi
1437 1422 1690 1478 conjectura
1707 1422 1902 1465 successit
1925 1423 1970 1465 in
1992 1422 2062 1465 al·-

1220 1494 1315 1529 tero
1328 1486 1510 1530 Nasonis
1526 1487 1624 1528 ioco
1638 1518 1650 1540 ,
1667 1485 1739 1528 lib.
1760 1486 1782 1528 Ι
1803 1486 1918 1529 Artis
1933 1486 2062 1529 Ama-

1219 1551 1340 1593 toriae
1359 1583 1372 1604 ,
1409 1550 1483 1594 ubi
1511 1565 1590 1606 pro
1618 1552 1869 1594 Praeteritum
1897 1555 2059 1600 tulerit,

1218 1616 1518 1670 reddfflquue
1552 1617 1664 1656 nihil
1677 1647 1688 1664 ‚
1736 1615 1891 1671 reponi
1930 1615 2022 1658 vult
2048 1631 2059 1658 :

1221 1682 1333 1724 Nam
1357 1684 1534 1736 pretium
1570 1683 1732 1731 tulerit,
1767 1682 2064 1736 redasdenvque

1217 1747 1349 1798 niht'l3
1372 1760 1508 1800 quum
1529 1744 1697 1801 vulgata
1719 1744 1928 1801 scriptura
1951 1744 2060 1788 nihil

1217 1809 1272 1855 sit
1292 1807 1455 1852 acutius
1475 1825 1523 1852 ac
1543 1807 1790 1865 elegantius.
1809 1808 1869 1850 H.

1271 1875 1296 1927 4
1305 1891 1318 1915 ι
1327 1874 1364 1915 3.
1385 1875 1541 1916 Junxit
1548 1874 1771 1916 Aristides.
1785 1872 1995 1921 Aristides
2005 1872 2059 1914 li-

1215 1936 1316 1980 bros
1351 1937 1559 1992 quosdam
1589 1935 1753 1990 edidit,
1793 1936 1867 1992 qui
1898 1939 2064 1980 Milesii

1215 1999 1556 2056 appellabantur,
1571 1999 1624 2042 de
1646 1999 1810 2043 luxuria
1834 2008 1877 2044 et
1898 1999 2058 2043 deliciis

1215 2065 1453 2120 compositi.
1471 2065 1612 2108 Fuere
1635 2070 1780 2108 autem
1801 2064 1959 2111 Milesii
1978 2063 2058 2107 de-

1214 2128 1317 2172 liciis
1337 2128 1525 2184 luxuque
1545 2128 1974 2172 notabiles—Iunxit
1989 2144 2059 2171 se-

1215 2209 1320 2235 cum.
1343 2192 1525 2249 Ingenio
1545 2208 1624 2235 suo
1643 2191 2056 2235 adcommodavit.—

1212 2258 1384 2299 M‘lesm
1407 2261 1593 2300 crimina.
1620 2255 1805 2300 Delicias
1845 2265 1889 2299 et
1924 2256 2054 2300 lasci-

1214 2323 1327 2365 viam
1360 2323 1646 2366 Milesiorum.
1670 2346 1725 2356 --
1761 2325 1916 2365 Junaeit
1943 2323 2053 2365 Ari-

1211 2391 1341 2430 stides
1359 2387 1532 2430 Muesm
1550 2391 1725 2430 crimina
1745 2403 1894 2430 secura.
1917 2386 2051 2430 Mile-

1211 2455 1424 2497 siacorum
1456 2453 1657 2498 Aristidae
1682 2453 1830 2509 scripti
1860 2453 2052 2509 spurcis-

1209 2520 1305 2563 simi
1325 2527 1482 2576 praeter
1503 2517 1784 2561 Plutarchum
1808 2518 1853 2560 in
1869 2517 2049 2573 Crasso,

1209 2583 1409 2626 meminit
1455 2583 1501 2624 in
1544 2582 1753 2626 Parthicis
1794 2582 2017 2638 Appianus
2037 2598 2052 2634 ς

1209 2648 1340 2691 etiam
1364 2645 1575 2690 Arrianus
1602 2647 1646 2689 in
1670 2646 1950 2702 Epictetum,
1977 2644 2049 2687 lib.

1208 2712 1292 2765 IV,
1311 2728 1400 2768 cap.
1417 2727 1445 2770 9
1459 2743 1471 2765 ,
1494 2710 1604 2767 (etsi
1623 2709 1887 2753 dissimulato
1904 2709 2048 2765 operis

1206 2776 1386 2819 nomine
1409 2777 1425 2830 )
1450 2784 1495 2818 et
1517 2774 1834 2830 Harpocration
1865 2773 1911 2815 in
1944 2779 2047 2835 Δερ-

1205 2846 1346 2897 μιστής
1365 2855 1375 2882 :
1393 2839 1483 2882 haec
1512 2838 1728 2881 Milesiaca
1747 2853 1836 2880 una
1854 2853 1952 2881 cum
1973 2855 2046 2882 se·

1206 2903 1270 2945 ria
1290 2902 1463 2945 historia
1476 2933 1489 2955 ,
1511 2917 1607 2958 quae
1620 2902 1773 2958 passim
1792 2902 1844 2944 ab
1859 2903 2045 2959 antiquis

1206 2965 1406 3008 laudatur
1416 2996 1428 3018 ,
1444 2964 1653 3008 Aristides
1666 2964 1837 3009 videtur
1850 2965 2045 3011 edidisse.

1206 3029 1301 3072 Viri
1321 3030 1434 3074 docti
1446 3030 1595 3087 legunt
1604 3034 1770 3084 Finxit,
1799 3033 1867 3075 vel
1887 3035 2049 3078 Panxz't

1201 3096 1374 3137 Mi'lesia
1387 3100 1558 3138 crimina
1570 3098 1745 3148 charta,
1768 3097 1921 3153 quibus
1936 3114 2044 3142 con-

1201 3159 1376 3215 jecturis
1411 3176 1500 3203 non
1532 3176 1706 3216 possum
1738 3162 2037 3221 subscribere;

1200 3235 1301 3268 sunt
1315 3226 1433 3268 enim
1446 3226 1744 3272 audacissimae.
1755 3230 1932 3273 Poterat
1942 3245 2039 3272 cer-

1201 3298 1242 3332 te
1257 3291 1416 3334 minori
1429 3292 1604 3348 negotio
1616 3293 1770 3351 refingi
1783 3293 2010 3338 commode
2025 3309 2036 3339 ;

1202 3372 1223 3392 α
1248 3356 1368 3399 Lusit
1404 3357 1613 3404 Aristides
1641 3359 1810 3407 Milesia
1842 3359 2037 3405 carmine

1198 3419 1328 3464 foedo.
1350 3438 1371 3465 ιι
1394 3422 1558 3466 Hssffls.
2032 3418 2036 3421 “
