2280 3776
438 269 892 325 TRISTIUM
930 269 1093 323 LIB.
1139 267 1270 323 ΙΙΙ.
1311 267 1557 323 ELEG.
1601 270 1752 324 VII.

1877 271 1978 325 125

290 388 379 447 Tu
410 411 632 471 quoque
658 387 732 448 sis
760 409 935 470 poenae
963 384 1072 445 fata
1103 401 1286 446 secuta
1319 408 1463 446 meae.

212 486 393 558 Pone,
423 485 654 558 Perille,
687 499 891 546 metum
916 508 929 543 z
957 483 1340 544 tantummodo
1370 483 1571 544 semina
1597 506 1708 543 non
1738 483 1812 544 sit

295 581 492 654 Devia‚
524 604 623 641 nec
653 580 870 663 scriptis
902 579 1075 640 discat
1102 603 1278 640 amare
1313 580 1439 641 tuis.
1928 595 1983 638 3ο

210 678 362 755 Ergo
390 676 608 737 desidiae
637 699 850 737 remove
868 723 882 748 ‚
912 676 1257 748 doctissima,
1289 699 1511 745 causzm,

293 774 467 855 Inque
495 771 672 831 bonas
701 786 842 832 artes
872 786 927 831 et
951 785 1043 831 tua
1073 795 1225 832 sacra
1254 769 1389 832 redi.

212 869 324 930 Ista
355 868 550 930 decens
580 869 745 929 facies
774 867 957 947 longis
986 867 1271 928 vitiabitur
1297 867 1489 939 anniS‚

292 966 564 1048 Rugaque
588 965 647 1025 in
675 965 899 1048 antiqua
930 965 1111 1025 fronte
1139 962 1325 1025 senilis
1352 962 1486 1034 erit;

210 1052 531 1144 Injicietque
560 1085 781 1121 manum
813 1061 999 1122 formae
1026 1061 1286 1120 damnosa
1315 1072 1564 1120 senectus
1583 1106 1598 1129 ‚
1929 1076 1983 1117 35

292 1157 431 1236 Quae
449 1203 464 1228 ‚
497 1158 793 1240 strepitum
820 1181 985 1240 passu
1016 1180 1130 1216 non
1159 1156 1413 1225 faciente,
1442 1155 1606 1214 venit.

213 1253 510 1334 Quumque
541 1250 741 1334 aliquis
769 1250 913 1311 dicet
937 1274 949 1311 :
974 1250 1079 1310 suit
1106 1250 1223 1310 baec
1251 1248 1523 1321 formosa;
1554 1246 1798 1321 dolebis,
1870 1241 1879 1248 ⁹

291 1349 366 1409 Et
392 1347 673 1433 speculum
704 1347 938 1410 mendax
966 1370 1085 1409 esse
1114 1371 1338 1431 querere
1369 1361 1540 1408 tuum.

214 1445 358 1504 Sunt
387 1443 491 1506 tibi
521 1466 656 1527 opes
685 1442 943 1516 modicae,
974 1466 1146 1526 quum
1177 1441 1252 1503 sis
1281 1441 1600 1521 dignissima
1631 1444 1878 1522 magnis:

293 1539 464 1619 Finge
494 1539 589 1600 sed
620 1539 900 1601 immensis
928 1539 1183 1601 censibus
1212 1562 1327 1599 esse
1358 1560 1531 1623 pares.
1930 1557 1983 1612 40

216 1635 424 1717 Nempe
455 1634 549 1695 dat
575 1633 634 1694 id
660 1634 983 1718 cuicumque
1011 1632 1150 1694 libet
1175 1632 1425 1706 fortuna,
1455 1632 1709 1717 rapitque
1735 1659 1749 1692 ε

296 1732 420 1792 Irus
446 1746 500 1792 et
529 1747 612 1793 est
641 1733 858 1806 subito,
893 1732 987 1815 qui
1015 1731 1180 1792 modo
1211 1731 1434 1790 Croesus
1462 1743 1594 1790 erat.

218 1826 447 1906 Singula
478 1827 615 1911 quid
638 1829 902 1890 referam?
931 1827 1010 1888 nil
1040 1852 1153 1888 uon
1182 1825 1411 1887 mortale
1443 1842 1719 1899 tenemus»,

295 1923 543 1985 Pectoris
572 1924 811 2008 exceptis
840 1924 1156 2007 ingeniique
1181 1923 1364 1983 bonis.

269 2074 333 2118 28.
353 2073 490 2119 Facta
501 2079 622 2118 ruz‘na
636 2083 746 2119 meoe.
762 2077 897 2119 Facta
914 2082 1059 2119 secuta

214 2155 286 2184 sex
315 2147 534 2196 septemve
569 2155 620 2182 ex
646 2139 898 2183 melioribus
922 2155 933 2191 ;
969 2138 1058 2182 duo

204 2205 309 2260 sata
328 2212 499 2257 κακίω·
514 2204 649 2249 codex
670 2204 810 2248 Servii
825 2219 930 2259 pars
949 2207 1060 2248 bona

203 2269 355 2328 [πίας
374 2269 578 2313 Muretus
591 2269 848 2325 conjiciebat
853 2269 983 2325 facta
997 2285 1061 2312 re-

217 2339 348 2378 missa
357 2349 372 2387 ‚·
382 2351 485 2379 nam
498 2335 710 2395 sequitur:
723 2352 745 2372 «
760 2334 878 2391 Ergo
886 2333 1061 2377 desidiae

219 2415 417 2456 remove,
433 2399 675 2443 doctissima
687 2430 699 2453 ,
719 2415 864 2442 causas
876 2430 888 2452 ,
907 2416 928 2436 n
944 2397 1061 2454 quod

220 2465 380 2521 probo:
401 2473 527 2520 atque
549 2464 607 2507 ita
625 2465 670 2507 in
688 2463 890 2520 Epistolis
905 2464 1062 2507 Tana—

222 2529 377 2587 quillus
396 2530 549 2573 Faber.
574 2529 633 2572 H.

277 2610 341 2653 29.
360 2595 534 2637 Femina
550 2595 668 2636 nulla
691 2594 799 2636 Neve
817 2596 883 2636 vir
899 2609 928 2635 a
948 2596 1064 2636 scri-

211 2662 311 2714 plt‘s.
338 2657 534 2715 Quidam
543 2657 711 2712 femina
723 2674 804 2700 non
819 2661 879 2700 sit
901 2659 1035 2700 Πενία
1048 2690 1062 2712 ,

218 2737 322 2776 nec,·
346 2722 463 2780 quod
483 2731 654 2766 secutus
670 2729 733 2764 est
751 2720 1064 2765 eruditissimus

221 2787 470 2832 Gronovius
487 2820 499 2842 ,
522 2785 706 2831 Observ.
729 2786 799 2830 lib.
827 2787 898 2839 11,
922 2802 958 2829 c.
979 2797 1062 2838 111;

222 2851 291 2894 alii
299 2851 443 2910 scripti
446 2850 614 2908 stmzna
627 2853 745 2895 nulla
759 2852 896 2893 Deoia
908 2867 976 2900 ne,
995 2849 1061 2892 vel

221 2919 273 2960 de
286 2920 478 2973 scn'pttssw
499 2916 586 2960 duo
606 2919 694 2960 Nec
694 2917 865 2973 juvenis
880 2921 1061 2970 scriptis.

277 2980 344 3022 32.
364 2982 424 3024 Et
441 2988 513 3033 tua
528 2996 652 3023 sacra
668 2983 767 3023 redi.
790 2979 860 3022 An
879 2987 1021 3022 castra
1035 2979 1061 3024 P

227 3053 275 3087 ut
290 3044 425 3101 Epist.
438 3045 603 3099 Herus,
616 3061 674 3088 vs.
695 3061 710 3087 1
720 3049 767 3100 57
782 3060 792 3087 ε
809 3061 830 3081 «
846 3044 899 3087 In
912 3053 986 3088 tua
998 3059 1062 3087 ca·

227 3119 313 3154 stra
322 3110 437 3166 redi,
456 3111 556 3155 socii
567 3111 762 3154 desertor
777 3110 947 3154 amoris.
965 3129 985 3148 ι»
1001 3112 1061 3154 Η.

278 3177 343 3229 34.
352 3177 404 3217 In
414 3179 586 3231 antiqua
584 3174 740 3229 fronte.
753 3175 805 3219 In
817 3174 964 3218 fronte
973 3175 1063 3231 jam

223 3240 344 3284 senio
362 3239 574 3284 confecta.

278 3305 344 3348 35.
353 3307 525 3362 Injicv'et
531 3322 678 3349 manus
677 3305 840 3362 formae.
855 3305 1064 3350 Formam

224 3369 300 3413 sibi
321 3370 580 3427 vindicabit,
604 3381 647 3417 et
666 3381 837 3429 turpem
858 3365 1023 3418 redde't.

1194 2073 1261 2118 36.
1288 2075 1509 2118 Damnosa
1535 2076 1741 2118 senec'lus.
1775 2073 1986 2120 Senectus

1141 2155 1238 2196 quae
1257 2139 1435 2196 juvenes
1456 2139 1619 2183 damno
1637 2139 1988 2185 adficit-Passa

1140 2222 1223 2248 non
1227 2205 1419 2261 faciente
1430 2210 1657 2261 strepitum.
1678 2204 1727 2248 ld
1744 2213 1827 2259 est,
1851 2206 1985 2262 gradu

1142 2270 1215 2326 qui
1235 2285 1325 2311 non
1342 2269 1541 2312 sentitur.
1559 2268 1748 2325 Obrepit
1761 2270 1881 2312 enim
1896 2286 1985 2313 non

1143 2333 1361 2376 intellecta
1378 2341 1590 2376 senectus.

1198 2399 1263 2456 39.
1284 2398 1389 2439 Sunt
1404 2405 1446 2439 e!
1463 2413 1561 2452 opes
1583 2399 1766 2441 modice.
1793 2399 1898 2441 Sunt
1911 2400 1995 2442 tibi

1143 2477 1240 2517 opes
1259 2460 1469 2518 plerique.
1493 2461 1551 2504 H.

1200 2529 1265 2582 42.
1293 2529 1387 2569 Irus
1416 2535 1459 2570 ct
1487 2537 1555 2571 es!
1581 2531 1718 2571 subito
1733 2563 1743 2578 ,
1776 2534 1846 2586 qui
1868 2532 1987 2573 modo

1151 2592 1316 2635 Croesus
1342 2600 1445 2635 erat.
1479 2594 1634 2636 Cossus
1663 2593 1829 2650 primus
1861 2594 1988 2638 Polit.

1144 2654 1269 2698 multi
1304 2654 1374 2699 alii
1407 2657 1615 2710 Crassus;
1640 2657 1708 2700 alii
1740 2657 1863 2702 aliter
1887 2676 1897 2702 2
1928 2660 1987 2702 nil

1145 2729 1277 2764 muta.
1301 2720 1580 2779 Propertius,
1601 2722 1672 2765 lib.
1694 2724 1764 2767 111
1780 2757 1791 2778 ‚
1816 2723 1884 2768 El.
1905 2738 1987 2778 ιιι,

1143 2803 1205 2830 vs.
1224 2788 1301 2844 39.
1318 2805 1340 2824 «
1356 2787 1501 2846 Lydus
1515 2787 1720 2831 Dulichio
1738 2788 1841 2845 quid
1862 2788 1989 2833 distat

1147 2848 1321 2893 Croesus
1343 2852 1395 2894 ab
1419 2852 1493 2895 Iro
1511 2851 1531 2894 ?
1552 2871 1573 2889 »v
1594 2851 1821 2910 Superiori
1835 2869 1962 2896 versu
1978 2887 1990 2906 ,

1143 2932 1223 2972 pro
1246 2918 1398 2971 Nempe
1408 2918 1487 2960 dat
1497 2925 1541 2960 et
1555 2919 1851 2973 quodcumque,
1877 2933 1991 2959 unus

1146 2979 1372 3024 Medieeus
1384 3014 1396 3036 ,
1409 2985 1647 3038 cuicumque
1662 2998 1673 3024 :
1688 2981 1825 3024 scribe
1839 3014 1851 3034 ,
1866 2983 1991 3024 Nem-

1138 3061 1193 3101 pe
1205 3047 1282 3087 dat
1296 3047 1376 3087 has
1395 3050 1634 3102 cuicumque
1653 3049 1755 3090 libel
1763 3081 1773 3096 ‚
1797 3062 1899 3102 opes
1919 3047 1992 3089 ni—

1145 3108 1309 3151 mirum
1323 3126 1332 3151 z
1348 3126 1426 3166 pro
1439 3119 1483 3152 et
1494 3109 1696 3152 nonnulli
1709 3114 1765 3154 id.
1780 3111 1931 3156 Posset
1948 3119 1990 3154 et

1146 3173 1227 3230 legi
1250 3190 1261 3217 ε
1287 3192 1307 3211 «
1332 3175 1500 3231 Nempe
1520 3174 1594 3217 dat
1614 3184 1661 3217 ut
1683 3174 1988 3232 quodcumque

1145 3240 1250 3284 libet
1266 3240 1446 3284 fortuna
1461 3274 1473 3296 ‚
1494 3241 1691 3299 rapitque
1708 3261 1719 3294 ;
1736 3261 1758 3281 a
1782 3243 1841 3286 ita
1858 3252 1903 3287 et
1919 3260 1992 3286 ra-

1145 3307 1236 3365 pit,
1254 3309 1384 3351 etiam
1400 3309 1536 3366 rapit;
1557 3308 1632 3353 sed
1653 3309 1735 3353 hoc
1750 3309 1911 3353 durius.
1930 3311 1990 3353 H.

1205 3374 1268 3427 43.
1289 3374 1463 3430 Singula
1476 3390 1528 3417 nc
1541 3374 1726 3431 teſseram.
1755 3378 1870 3430 Quid
1884 3376 1992 3429 refi-⁴
