2268 3848
446 343 908 402 TRISTIUM
948 343 1663 400 LIB.1.ELEG.1x.
1869 342 1942 414 43

158 465 348 548 thue
375 487 558 526 comes
586 463 772 525 radios
799 487 900 547 per
927 460 1073 524 Solis
1101 461 1364 523 euntibus
1391 459 1585 522 umbra
1602 507 1619 534 ‚

240 563 431 642 Quum
460 560 593 622 latet
619 561 711 622 hic
741 582 965 645 pressus
995 558 1247 620 nubibus
1268 605 1283 631 ‚
1314 556 1407 619 illa
1435 557 1614 637 sugit;

159 656 375 719 Mobile
406 658 483 720 sic
513 658 764 741 sequitur
789 657 1023 718 fortunae
1049 654 1257 717 lumina
1284 653 1519 734 vulgus3

243 757 383 838 Quae
411 755 573 818 simul
602 756 826 817 inducta
859 755 1010 817 nube
1039 769 1334 835 teguntur,
1366 753 1502 814 abit.

159 853 293 915 Haec
320 876 518 937 precor
547 867 610 914 ut
643 876 860 936 semper
881 852 1103 937 possint
1132 851 1235 912 tibi
1264 849 1402 911 salsa
1431 847 1605 911 videri
1638 871 1652 909 :
1904 862 1953 906 15

244 949 386 1010 Sunt
416 963 596 1009 tamen
621 963 818 1010 eventu
846 972 971 1009 vera
992 946 1211 1009 fatenda
1239 970 1379 1007 meo.

162 1047 311 1108 Dum
343 1047 627 1120 stetimus,
661 1047 837 1108 turbae
867 1062 1134 1132 quantum
1166 1046 1299 1107 satis
1331 1059 1502 1118 esset,
1527 1042 1770 1105 habebat

242 1143 388 1201 Nota
418 1141 640 1225 quidem
660 1189 675 1214 ‚
706 1143 802 1203 sed
831 1166 945 1202 non
974 1142 1296 1213 ambitiosa,
1327 1140 1548 1200 domus,

161 1239 239 1301 At
268 1236 431 1299 simul
461 1237 699 1323 impulsa
732 1254 843 1310 est,
880 1262 1074 1299 omnes
1103 1238 1331 1299 timuere
1362 1236 1576 1297 ruinam
1601 1282 1616 1309 ,

248 1336 534 1420 Cautaque
564 1337 841 1397 communi
875 1352 1026 1415 terga
1059 1336 1253 1397 dedere
1283 1336 1442 1414 fugae.
1911 1359 1964 1391 20

163 1434 314 1495 Saeva
341 1456 441 1494 nec
470 1434 715 1496 admiror
739 1449 997 1495 metuunt
1026 1435 1073 1494 si
1102 1433 1362 1501 fulmina,
1397 1454 1637 1516 quorum

246 1531 480 1611 Ignibus
502 1530 692 1595 adflari
724 1532 973 1615 proxima
1005 1554 1237 1614 quaeque
1268 1530 1474 1591 vident.

165 1627 276 1689 Sed
306 1642 485 1690 tamen
515 1628 573 1688 in
604 1628 756 1690 duris
785 1643 1159 1693 remanentem
1191 1628 1358 1689 rebus
1388 1628 1623 1688 amicum
1642 1674 1657 1699 ‚

253 1725 578 1807 Quamlibet
605 1726 784 1799 inyiso
802 1773 816 1799 ‚
848 1729 1063 1800 Caesar,
1095 1725 1151 1787 in
1176 1726 1337 1787 hoste
1356 1774 1371 1798 ‚
1402 1725 1636 1809 probat;
1659 1790 1663 1794 ⁴

166 1814 454 1883 Nec'solet
481 1822 671 1895 irasci,
703 1846 882 1906 neque
911 1823 1056 1883 euim
1086 1822 1421 1883 moderatior
1450 1820 1619 1891 alter,
1909 1833 1963 1875 αὖ

250 1921 441 2002 Quum
473 1922 600 2006 quis
627 1922 685 1982 iu
715 1921 986 1994 adversis,
1017 1922 1062 1985 si
1092 1921 1217 2006 quis
1242 1921 1472 1993 amavit,
1504 1934 1666 1981 amat.

167 2021 253 2084 De
279 2019 477 2083 comite
507 2019 760 2101 Argolici
789 2035 1089 2106 postquam
1121 2019 1382 2100 cognovit
1409 2020 1661 2091 Orestae,

182 2224 184 2226 .
226 2182 288 2226 13.
312 2182 504 2227 Fortuna·
516 2184 691 2227 lumina.
710 2182 878 2227 Auram
895 2191 940 2227 et
954 2182 1027 2227 se-

167 2243 377 2290 licitatem
396 2245 602 2293 fortunae.

228 2310 290 2354 16.
311 2313 477 2356 Eventu
487 2328 586 2356 vera
590 2313 779 2370 fatenda
795 2329 897 2357 meo.
911 2312 1026 2357 Ma·-

170 2372 248 2418 lim
266 2378 382 2421 mihi.
396 2377 573 2423 Hnms.

226 2453 295 2482 ιο.
328 2442 466 2485 Cauta
484 2450 613 2498 terga.
635 2443 722 2500 Ipsi
745 2442 860 2487 cauti
882 2450 926 2485 et
945 2441 1026 2485 sibi

172 2504 473 2551 consulentes:
495 2506 563 2551 vel
579 2517 699 2551 certe
720 2517 845 2552 cauta
867 2507 993 2550 turba
1011 2538 1024 2559 ,

173 2569 257 2612 hoc
275 2579 364 2624 est,
386 2571 513 2615 turba
532 2571 610 2615 sibi
631 2588 788 2616 cavens
804 2604 817 2626 ,
842 2588 898 2615 ne
922 2571 1029 2628 quid

174 2635 399 2691 Augustus
418 2636 462 2679 in
489 2652 563 2680 eos
584 2653 683 2680 mea
706 2653 833 2680 causa
859 2637 1030 2694 gravius

173 2699 419 2744 moliretur.
435 2701 500 2746 M.
512 2725 567 2734 —
579 2702 671 2746 Lib.
688 2703 757 2746 ΙΙΙ
781 2702 833 2745 de
852 2703 1000 2745 Ponto
1014 2734 1026 2756 ,

173 2765 294 2823 Eleg.
311 2779 376 2822 11,
405 2784 454 2824 7:
481 2786 502 2805 «
525 2767 787 2825 ignoscimus
806 2768 910 2821 illis,
934 2767 1029 2824 Qui

172 2847 274 2874 cum
292 2830 474 2877 fortuna
496 2840 616 2890 terga
633 2832 794 2876 dedere
815 2832 946 2890 fugae.
963 2852 985 2871 »ι

227 2897 294 2951 24.
318 2899 516 2951 Quolibet
531 2901 680 2941 inviso.
703 2899 943 2953 Quamlibet
957 2915 1029 2942 sex

172 2969 343 3006 veteres
358 2995 371 3016 ,
392 2963 542 3020 probe.
568 2963 735 3008 Hnms.
800 3001 805 3007 .

227 3028 295 3085 87.
323 3029 395 3072 De
415 3034 564 3074 comite
587 3032 788 3087 Argolico
803 3038 1029 3088 poslqaam

173 3099 368 3150 cognovit
381 3095 580 3140 Orestem.
599 3098 746 3141 Oreste
758 3098 935 3154 plurimi
954 3115 1030 3142 ve-

174 3167 300 3203 teres.
317 3159 477 3204 >Scribe
499 3161 700 3218 Argolici
719 3164 889 3206 Oreste.
912 3164 1026 3207 Nam

174 3223 361 3283 Pylades
386 3224 611 3281 Phoceus,
646 3243 740 3270 non
766 3227 994 3286 Argolicus
1015 3247 1026 3282 ;

174 3291 331 3335 Amor.
351 3291 461 3335 libro
478 3293 547 3348 ΙΙ,
570 3293 692 3352 Eleg.
716 3308 765 3337 v1
781 3327 793 3349 ‚
815 3311 925 3340 vers.
953 3298 1001 3338 15
1019 3312 1030 3340 ε

176 3374 198 3392 «
226 3356 430 3414 Argolico
450 3355 648 3411 Orestae;
670 3378 692 3398 »
722 3359 819 3404 vide
832 3369 957 3404 notas
973 3360 1029 3404 ad

176 3421 260 3478 Ep.
274 3435 364 3465 Vlu
378 3455 390 3477 ‚
407 3439 466 3466 vs.
481 3439 521 3482 9.
546 3424 780 3469 HEINs.-
797 3427 868 3469 De
882 3430 1031 3470 comite

176 3491 389 3546 Argolico.
410 3490 624 3537 Pacuvius
643 3491 897 3552 tragoediam
922 3493 1029 3539 scri-

1107 2183 1217 2240 psit,
1243 2182 1288 2226 in
1312 2197 1397 2239 qua
1416 2179 1728 2226 continebatur
1740 2174 1966 2235 quomodo

1109 2248 1522 2305 Orestes‚cupiensa
1534 2260 1578 2289 se
1591 2245 1727 2287 furias
1736 2257 1965 2286 removere

1107 2329 1160 2356 ex
1180 2322 1322 2356 morte
1344 2311 1495 2355 matris
1516 2318 1748 2366 conceptas
1762 2341 1775 2361 ,
1806 2320 1966 2348 oracu-

1108 2378 1200 2421 lum
1217 2377 1451 2430 consuluit,
1466 2374 1582 2433 quod
1596 2372 1838 2431 respondit,
1850 2369 1966 2413 utad

1108 2442 1324 2500 templum
1343 2441 1497 2485 Dianae
1513 2441 1557 2483 in
1572 2440 1807 2483 Tauricam
1824 2436 1969 2494 regio-

1108 2524 1212 2550 nem
1231 2506 1595 2564 proficiscen-etun
1611 2520 1700 2563 quo
1713 2520 1851 2562 quum
1872 2520 1968 2561 per-

1110 2572 1327 2627 venisset,
1368 2573 1527 2616 comite
1568 2581 1613 2616 et
1653 2571 1763 2615 duce
1797 2570 1967 2613 itineris

1111 2637 1274 2697 Pylade
1291 2671 1303 2692 ,
1326 2637 1475 2682 Thoas
1507 2654 1582 2681 rex
1613 2636 1668 2680 de
1703 2652 1829 2679 more
1860 2651 1966 2678 eum

1110 2712 1300 2748 mactare
1311 2703 1727 2749 volebat.Caeterum
1738 2703 1969 2761 ignorabat

1110 2778 1210 2813 uter
1223 2779 1334 2814 esset
1347 2769 1542 2814 Orestes.
1555 2770 1741 2830 Pylades
1753 2769 1966 2813 Orestem

1109 2851 1154 2878 se
1178 2851 1268 2878 esse
1290 2835 1517 2893 respondit
1531 2869 1544 2891 ,
1569 2844 1619 2879 ut
1639 2852 1720 2893 pro
1742 2834 1815 2878 illo
1833 2850 1969 2877 neca-

1110 2908 1246 2942 retur.
1279 2899 1462 2944 Orestes
1490 2910 1638 2944 autem
1654 2933 1665 2954 ,
1696 2900 1755 2943 ita
1773 2908 1822 2942 ut
1842 2907 1936 2942 erat
1951 2930 1965 2952 ‚

1058 2982 1059 2986 ¹
1112 2964 1323 3010 Orestem
1340 2983 1385 3011 se
1402 2982 1492 3010 csse
1509 2965 1837 3023 perseverabat:
1856 2979 1969 3020 quo-

1111 3047 1212 3073 rum
1242 3031 1377 3075 fidem
1398 3032 1458 3075 ita
1483 3031 1632 3075 Thoas
1656 3030 1883 3088 probavit,
1917 3038 1970 3073 ut

1112 3095 1262 3141 Oresti
1277 3098 1534 3154 ignosceret.
1552 3098 1669 3140 Rem
1684 3096 1809 3139 aliter
1823 3104 1866 3139 et
1878 3095 1966 3152 ple·

1110 3163 1210 3205 nius
1220 3163 1498 3208 refertOvid.
1510 3163 1583 3206 lib.
1599 3164 1667 3207 111
1678 3162 1731 3206 de
1747 3163 1966 3215 Ponto‚ea

1112 3228 1262 3285 Elegia
1285 3245 1418 3285 quam
1441 3228 1494 3271 ad
1518 3227 1698 3273 Cottam
1722 3228 1882 3271 scribit.
1896 3229 1968 3270 De

1109 3299 1261 3338 comite
1282 3295 1483 3349 Argolico
1509 3293 1622 3337 male
1651 3293 1757 3337 dant
1785 3294 1930 3351 plures
1953 3325 1966 3346 ‚

1111 3376 1163 3403 ex
1180 3360 1347 3416 optima
1368 3359 1646 3404 distinctione
1667 3359 1863 3410 Heinsii;
1885 3375 1967 3402 cu-

1109 3427 1179 3484 jus
1203 3427 1273 3472 bic
1291 3427 1525 3472 lectionem
1558 3426 1748 3472 libenter
1765 3461 1777 3484 ,
1816 3443 1962 3485 neque

1109 3494 1335 3539 immerito
1355 3527 1369 3553 ‚
1397 3495 1532 3540 secuti
1557 3510 1720 3540 sumus.
