2280 3776
493 294 604 348 EX
646 291 945 348 PONTO
986 292 1152 346 LIB.
1198 291 1311 347 IV.
1357 289 1628 345 EPIST.
1671 293 1846 346 XIV.

279 412 536 473 Gramina
562 411 743 472 cultus
774 433 902 489 ager
920 458 935 483 ‚
965 410 1142 489 frigus
1169 410 1353 470 minus
1385 407 1505 469 odit
1530 409 1801 482 hirundo,

363 508 618 568 Proxima
649 506 958 568 Marticolis
985 530 1147 589 quam
1179 505 1301 566 loca
1328 510 1476 567 Naso
1511 508 1682 568 Getis.

275 603 430 665 Talia
461 617 782 664 succensent
812 617 1045 686 propter
1074 602 1210 663 mihi
1241 604 1406 663 verba
1432 605 1666 665 Tomitae
1686 651 1701 676 ,
2018 623 2062 664 15,

357 703 557 784 Iraque
585 700 921 762 carminibus
949 697 1172 783 publica
1197 714 1349 760 mota
1378 701 1528 762 meis.

273 799 424 877 Ergo
451 821 553 875 ego
583 796 808 858 cessabo
839 819 1120 879 nunquam
1143 819 1243 879 per
1270 797 1514 859 carmina
1543 796 1691 868 laedi;

353 895 569 958 Plectar
595 910 650 957 et
678 896 898 955 incauto
926 916 1139 977 semper
1169 893 1237 955 ab
1270 893 1493 973 ingenio
1517 896 1540 953 ?

273 994 424 1071 Ergo
454 1015 582 1071 ego,
610 1015 678 1053 ne
710 991 975 1064 scribam,
1005 990 1208 1070 digitos
1233 991 1474 1052 incidere
1505 1006 1739 1052 cunctor
1758 1038 1773 1062 ,

353 1086 596 1170 Telaque
626 1088 803 1148 adhuc
833 1088 1080 1160 demens,
1115 1111 1233 1170 quae
1265 1111 1503 1150 nocuere
1523 1136 1537 1160 ,
1563 1090 1805 1172 sequor?
2007 1119 2059 1144 «ιι»

273 1183 361 1244 Ad
390 1200 595 1246 veteres
625 1185 883 1269 scopulos
910 1186 1107 1245 iterum
1136 1185 1418 1258 devertor,
1450 1185 1516 1246 ad
1536 1184 1659 1246 illas
1678 1231 1692 1257 ,
1908 1199 1911 1201 ’

351 1282 418 1341 In
447 1282 653 1365 quibus
679 1282 912 1342 offendit
941 1281 1202 1357 naufraga
1227 1281 1462 1364 puppis,
1492 1303 1680 1366 aqpaS.

272 1377 380 1439 Sed
408 1376 548 1438 nihil
577 1378 772 1440 admisi
794 1406 805 1449 3
831 1377 981 1439 nulla
1014 1394 1096 1439 est
1124 1401 1240 1438 mea
1272 1379 1463 1462 culpa,
1493 1378 1755 1450 'l'omitae‚

303 1515 306 1519 Δ
357 1474 519 1554 Quos
551 1499 652 1555 ego
673 1522 686 1547 ,
721 1499 890 1559 quum
922 1475 1039 1536 loca
1069 1476 1170 1537 sim
1201 1490 1378 1536 vestra
1410 1499 1673 1559 perosuS,
1703 1498 1845 1535 amo.

275 1572 531 1652 Quilibet
562 1574 799 1634 excutiat
826 1574 1007 1634 nostri
1035 1588 1391 1634 monumenta
1423 1573 1635 1635 laboris
1656 1620 1672 1647 ,
2008 1592 2063 1633 οῦ

353 1671 538 1730 Litera
570 1670 634 1731 de
665 1671 827 1731 vobis
856 1686 937 1732 est
966 1694 1079 1731 mea
1112 1685 1304 1753 questa
1333 1669 1491 1729 nihil.

274 1765 501 1842 FriguS,
533 1780 585 1825 et
613 1765 867 1826 incursus
894 1767 1047 1826 omni
1077 1766 1143 1826 de
1174 1780 1327 1847 parte
1359 1765 1663 1838 timendoS,

351 1862 427 1920 Et
455 1863 604 1945 quod
634 1862 886 1945 pulsetur
913 1885 1104 1922 murus
1132 1862 1200 1923 ab
1228 1863 1387 1923 hoste
1408 1909 1422 1932 ,
1454 1880 1672 1946 queror.

268 1958 335 2017 In
365 1955 507 2030 loca,
541 1983 655 2019 non
685 1959 971 2031 homines,
1003 1959 1283 2035 verissima
1313 1958 1535 2020 crimina
1561 1959 1673 2020 dixi
1698 1985 1709 2019 :

350 2054 602 2139 Culpatis
630 2071 871 2117 vestrum
898 2080 999 2116 vos
1029 2080 1254 2139 quoque
1287 2080 1429 2140 saepe
1458 2056 1658 2119 solum.
2008 2077 2061 2117 3⁴·

268 2154 431 2215 Esset
459 2169 730 2237 perpetuo
758 2178 856 2215 sua
890 2178 1056 2237 quam
1087 2152 1328 2214 vitabilis
1353 2153 1555 2226 Ascra,

349 2250 501 2309 Ausa
525 2265 608 2310 est
634 2248 884 2328 agricolae
910 2251 1077 2310 Musa
1107 2249 1298 2309 docere
1328 2249 1492 2308 senis,

267 2346 343 2406 At
371 2346 551 2408 suerat
579 2361 721 2408 terra
750 2345 967 2427 genitus
985 2394 998 2419 ‚
1034 2347 1130 2430 qui
1156 2346 1407 2430 scripsit,
1432 2347 1490 2405 in
1513 2344 1606 2405 illa
1633 2371 1646 2416 ;

349 2445 625 2506 Intumuit
654 2445 763 2505 vati
792 2469 893 2506 nec
924 2460 1105 2506 tamen
1134 2446 1307 2505 Ascra
1335 2468 1456 2505 suo,

327 2588 389 2630 ιδ’.
408 2589 627 2630 Gramina.
639 2586 812 2631 Herbas
832 2587 918 2630 scil.
931 2587 1118 2632 inutiles.

326 2651 389 2694 16.
407 2652 590 2695 Publica
608 2658 734 2695 mota.
754 2653 886 2694 Parta
903 2668 1015 2694 unus
1033 2652 1120 2695 Va-

267 2714 395 2759 tican.
418 2716 478 2759 H.
498 2739 554 2750 —
580 2719 652 2759 Ira
671 2721 859 2771 publica.
896 2716 1118 2761 Omnium

269 2780 548 2825 Tomitarum
569 2782 826 2841 indignatio.

316 2860 389 2889 ao.
414 2847 519 2889 Tela
535 2859 623 2903 qua·
641 2863 827 2890 nocuere.
844 2845 1057 2890 Carmina
1073 2856 1117 2891 et

269 2907 512 2967 ingenium.
1103 2952 1108 2957 ,

325 2991 390 3022 21.
410 2979 616 3022 Βίου-[ον.
643 2980 850 3021 Devedor
867 2994 918 3021 ex
936 2978 1117 3035 scriptis.

326 3041 392 3084 23.
419 3043 520 3085 Mea
541 3047 678 3097 culpa.
702 3046 820 3086 Jmhi
833 3047 958 3100 culpa
978 3044 1116 3088 Vatic.

325 3109 391 3149 25.
410 3107 627 3150 Excutiat.
655 3109 868 3165 Inquirat.
893 3133 947 3141 —
969 3112 1123 3154 Nostri

268 3180 531 3214 monumenta
550 3175 720 3215 laboris.
748 3173 911 3216 Versus
932 3183 1116 3218 nostros.

326 3234 392 3276 26.
413 3237 482 3277 De
501 3239 632 3278 vobis.
654 3236 724 3278 De
748 3236 1000 3280 hominibus
1022 3239 1118 3282 To-

271 3299 458 3344 mitanis.

327 3382 392 3420 27.
413 3367 474 3408 Et
492 3370 684 3409 incursus
705 3371 824 3409 omni
843 3369 894 3409 de
910 3377 1033 3423 parte
1058 3373 1117 3412 ti-

269 3432 455 3473 mendos.
484 3431 541 3474 Et
558 3429 759 3475 hostilem
781 3432 995 3489 impetum
1012 3467 1024 3487 ,
1046 3434 1115 3478 cui

1202 2587 1387 2630 obnoxia
1415 2595 1480 2630 est
1500 2586 1695 2643 undique
1719 2586 1955 2630 Tomitana
1984 2589 2056 2631 ci-

1200 2653 1334 2706 vitas,
1363 2667 1459 2707 quae
1481 2650 1698 2695 Getarum
1731 2651 1888 2708 praedae
1913 2653 2053 2695 obno-

1200 2716 1267 2759 xia
1287 2724 1365 2760 est.

1254 2781 1320 2825 30.
1347 2783 1537 2824 Vestrum
1555 2785 1703 2825 solum.
1717 2781 1923 2825 Vestram
1941 2781 2054 2825 hanc

1199 2847 1428 2904 regionem
1464 2846 1659 2890 sterilem
1682 2881 1694 2902 ‚
1735 2856 1780 2890 et
1816 2846 1967 2903 frigori
2003 2864 2050 2891 ac

1198 2910 1320 2954 bellis
1335 2912 1584 2954 obnoxiam.

1253 2977 1320 3020 31.
1341 2979 1471 3021 Esset
1482 2986 1679 3034 perpetuo
1698 2995 1778 3021 sua
1795 2995 1919 3034 quam
1940 2983 2048 3022 υἱέα-

1198 3046 1297 3086 bilis
1317 3044 1473 3092 Ascra.
1494 3045 1663 3087 Versus
1680 3053 1915 3101 suspectus.
1933 3045 2050 3087 H.—

1199 3109 1246 3152 Si
1263 3110 1443 3166 quidem
1459 3110 1681 3154 Hesiodus
1698 3111 1879 3154 Ascram
1899 3111 2052 3155 civita-

1199 3184 1289 3218 tem
1306 3184 1350 3219 et
1362 3175 1548 3231 patriam
1564 3175 1773 3232 culpavit,
1794 3191 1885 3218 non
1900 3185 2050 3220 tamen

1201 3257 1356 3284 eorum
1378 3242 1491 3284 cives
1511 3257 1810 3284 succensuere.

1253 3307 1320 3349 32.
1339 3307 1459 3349 Senis
1471 3309 1679 3361 agricola.
1693 3306 1822 3349 Senis
1835 3306 2017 3349 Hesiodi
2033 3339 2044 3358 ,

1199 3371 1272 3427 qui
1296 3370 1349 3413 de
1366 3371 1626 3428 agricultura
1647 3371 1827 3427 scripsit.

1251 3436 1316 3479 33.
1337 3437 1387 3478 In
1402 3439 1482 3479 illa
1495 3445 1614 3480 term.
1639 3436 1690 3478 In
1711 3435 1843 3478 Ascra
1863 3434 2048 3477 civitate.
