2280 3776
314 275 420 330 238

774 277 837 328 P.
893 268 1194 330 OVIDII
1244 277 1627 335 NASONIS

396 392 584 472 thue
614 405 759 450 caret
787 405 980 472 portu,
1017 392 1093 451 sic
1122 407 1300 455 tamen
1332 411 1505 456 exstat
1531 397 1705 479 aquis.

314 491 428 548 Nec
458 489 652 556 vitam,
683 510 780 545 nec
811 511 973 567 opeS,
1007 512 1103 548 nec
1126 490 1215 570 jus
1243 492 1375 550 mihi
1407 493 1538 552 civis
1569 494 1798 567 ademit3
2033 515 2079 555 15

396 584 533 661 Quae
561 583 733 641 merui
762 582 895 641 vitio
926 584 1152 664 perdere
1178 602 1371 647 cuncta
1404 612 1560 649 meo:

314 680 420 739 Sed
449 678 574 760 quia
603 693 828 760 peccato
856 678 1066 741 facinus
1088 706 1202 741 non
1234 683 1410 743 adfuit
1439 683 1549 755 illi,

391 773 483 833 Nil
514 773 620 832 nisi
649 798 734 833 me
762 774 956 855 patriis
983 775 1143 855 jussit
1178 778 1367 838 abesse
1397 778 1555 838 focis.

312 874 500 952 thue
528 869 676 941 aliis,
709 892 993 930 numerum
1027 895 1263 954 quorum
1296 873 1683 955 comprendere
1709 897 1821 932 non
1848 887 1959 945 est,

396 966 701 1024 Caesareum
727 988 957 1036 numen,
991 964 1067 1025 sic
1097 965 1266 1035 mihi,
1298 968 1428 1025 mite
1457 968 1580 1027 fuit.
2031 999 2084 1026 20

309 1060 434 1141 Ipse
462 1057 718 1136 relegati,
751 1083 865 1118 non
898 1058 1098 1119 exsulis
1118 1107 1133 1132 ‚
1163 1060 1341 1120 utitur
1366 1061 1422 1120 in
1451 1084 1536 1121 me

391 1156 626 1216 Nomine
653 1181 664 1215 ε
691 1171 808 1217 tuta
838 1181 938 1217 suo
961 1157 1142 1239 judice
1173 1182 1334 1218 causa
1362 1183 1478 1219 mea
1512 1173 1608 1220 est.

307 1258 439 1315 Jure
471 1255 640 1333 igitur
668 1253 891 1326 laudes,
923 1257 1128 1327 Caesar,
1161 1280 1263 1338 pro
1294 1271 1447 1339 parte
1475 1255 1620 1316 virili

391 1353 644 1415 Carmina
670 1369 860 1414 nostra
893 1369 1015 1414 tuas
1044 1354 1444 1437 qualiacunque
1474 1370 1712 1415 canunt:

306 1454 439 1511 Jure
467 1452 644 1523 De08‚
676 1466 740 1510 ut
769 1451 945 1511 adhuc
975 1450 1089 1511 eaeli
1123 1452 1228 1511 tibi
1254 1450 1440 1511 limina
1469 1450 1755 1523 claudant,
2028 1467 2082 1510 25

387 1550 575 1629 Teque
603 1546 771 1606 velint
797 1547 915 1609 sine
945 1572 1001 1607 se
1034 1571 1350 1630 comprecor
1382 1572 1496 1609 esse
1519 1550 1714 1608 Deum.

308 1647 484 1728 Optat
512 1644 655 1704 idem
686 1643 930 1727 populus
957 1669 969 1704 :
996 1644 1088 1705 sed
1120 1659 1185 1705 ut
1214 1646 1271 1705 in
1301 1669 1446 1706 mare
1474 1645 1697 1707 flumina
1724 1661 1964 1719 vastum,

388 1742 477 1801 Sic
510 1740 650 1801 solet
680 1741 884 1819 exiguae
912 1764 1127 1802 currere
1155 1742 1501 1825 rivusvaquae.

307 1842 384 1900 At
412 1855 471 1899 tu
501 1840 776 1900 fortunam
794 1887 808 1915 ,
843 1841 997 1922 cujus
1025 1864 1194 1901 vocor
1222 1840 1374 1901 exsul
1404 1841 1473 1901 ab
1503 1864 1626 1913 ore,

387 1937 625 1996 Nomine
652 1935 899 1997 mendaci
928 1959 1089 2018 parce
1119 1961 1336 2015 gravare
1365 1961 1554 1998 meam.
2028 1952 2082 1993 30

311 2089 403 2117 non
446 2074 717 2130 submergor.
748 2074 1010 2117 Submersus
1035 2073 1155 2116 fuis-

310 2155 431 2193 sem,
455 2139 488 2182 si
515 2155 587 2181 me
611 2137 914 2182 interemisset.
935 2139 986 2181 P.

371 2207 433 2247 15.
454 2207 543 2247 Nec
551 2204 631 2260 jus
645 2207 865 2247 mt‘hz’cz'vtlr
880 2207 1047 2248 ademit.
1068 2206 1156 2248 Nec

314 2273 476 2313 ademit
497 2285 625 2325 posse
659 2274 821 2318 reverti,
865 2286 1001 2321 unus;
1037 2270 1155 2326 quod

311 2335 465 2378 sumsit
495 2334 693 2378 librarius
712 2352 763 2378 ex
783 2335 854 2378 lib.
882 2336 903 2379 I
935 2352 987 2379 ex
1010 2336 1157 2380 Ponto

310 2414 380 2443 vn
394 2434 405 2454 ,
422 2402 487 2456 47.

374 2466 436 2508 16.
462 2467 550 2519 Qui
569 2469 707 2508 merui.
734 2464 913 2508 Rectius
938 2465 1158 2519 Qua-<libri

313 2538 501 2586 quatuor
517 2546 525 2572 :
544 2532 677 2583 Quam
697 2529 825 2586 prim.
839 2528 1020 2590 Palatin.
1042 2530 1158 2572 H.—

321 2597 434 2638 Vitio
454 2610 551 2637 meo.
575 2593 682 2637 Meo
698 2609 861 2635 errore.

370 2675 385 2700 1
395 2676 430 2714 7.
450 2658 633 2700 Facinus
650 2674 731 2700 non
744 2656 887 2711 adfuit
904 2660 1045 2699 ullum.
1059 2659 1153 2710 Illi,

315 2731 412 2766 octo
424 2740 475 2767 ex
489 2723 754 2766 melioribus.
769 2723 830 2766 H.

373 2805 440 2831 20.
460 2788 683 2843 M‘tefue't.
712 2791 837 2832 Venit
854 2789 1099 2846 Hamburg.

370 2870 438 2895 22.
469 2855 581 2896 Tuta
599 2861 675 2896 est.
698 2853 798 2896 Non
834 2852 973 2909 potest
1001 2853 1156 2909 perire.

318 2919 396 2962 Suo
407 2921 568 2975 judice.
588 2919 786 2976 Augusto
805 2919 960 2975 judice.
977 2920 1019 2963 Is
1036 2919 1157 2962 enim

315 2986 521 3042 judicavit
540 3003 610 3029 me
625 3002 716 3030 non
734 2986 938 3041 exsulem,
954 2985 1030 3029 sed
1048 2985 1158 3027 rele-

318 3060 480 3107 gatum:
489 3067 716 3112 quaepoena
727 3052 901 3096 mollior
909 3060 1013 3096 erat.
1026 3050 1156 3093 Mna.

1292 2076 1357 2117 25.
1380 2077 1582 2118 Coelitibe·
1594 2076 1753 2116 limina.
1773 2074 1834 2115 Ut
1852 2075 1944 2116 caeli
1966 2073 2084 2116 lumi-

1236 2155 1293 2182 na
1318 2139 1438 2195 prior
1461 2137 1613 2189 lentim
1635 2136 1801 2193 poetica
1822 2136 2082 2193 periphrasis

1236 2220 1315 2260 pro
1333 2203 1437 2247 caelo
1450 2236 1461 2257 ,
1476 2201 1585 2246 sicut
1601 2205 1762 2244 lumina
1777 2205 1882 2244 solis
1901 2218 1981 2257 pro
1993 2201 2083 2244 sole

1239 2267 1354 2325 apud
1386 2267 1558 2310 Lucret.
1588 2265 1831 2309 imitatione
1868 2264 2082 2325 Homeri,

1239 2332 1353 2389 apud
1375 2347 1505 2388 quem
1521 2331 1649 2374 simili
1662 2330 1927 2374 circuitionis
1945 2329 2085 2385 figura

1240 2399 1329 2455 φάος
1339 2401 1357 2448 ἦ
1366 2395 1710 2452 ελίοιοεωρίεείηιε
1721 2395 1890 2451 legitur.
1900 2395 2083 2437 Bmzsm.

1240 2465 1306 2508 Ita
1321 2463 1458 2507 edidit
1469 2462 1638 2522 Gryph.
1654 2471 1698 2506 et
1713 2462 1781 2505 alii
1799 2479 1808 2513 ;
1829 2461 1903 2505 sed
1922 2462 2082 2518 inepte.

1294 2531 1359 2573 26.
1400 2532 1537 2587 Teque
1565 2533 1706 2573 velint.
1740 2529 1789 2572 ld
1823 2536 1913 2582 est,
1948 2527 2082 2570 velint

1240 2612 1331 2641 esse
1355 2604 1397 2640 te
1420 2595 1566 2639 Deum
1588 2594 1829 2638 nobiscum.
1944 2644 1946 2646 V

1295 2679 1359 2719 2¹7·
1373 2662 1460 2705 Sed
1465 2669 1513 2704 ut
1523 2665 1567 2704 in
1583 2661 1896 2716 mareflumt‘na.
1909 2657 2008 2699 Hoc
2022 2654 2080 2697 di-

1238 2728 1295 2771 cit
1318 2743 1328 2770 z
1349 2727 1414 2770 lta
1445 2732 1580 2781 m'eae,
1604 2735 1654 2769 ut
1684 2723 1830 2780 populi
1858 2737 2003 2779 preces
2026 2719 2080 2763 ad

1238 2790 1358 2834 Deos
1389 2790 1674 2846 perveniunt,
1705 2785 2078 2843 quemadmodum

1239 2862 1285 2898 et
1319 2860 1448 2910 parva
1470 2853 1654 2896 flumina
1679 2866 1800 2893 mare
1833 2850 1892 2892 ita
1923 2850 2080 2904 ingre-

1239 2920 1423 2963 diuntur
1438 2951 1449 2971 ,
1467 2926 1515 2962 ut
1535 2933 1704 2973 magna.
1730 2917 1860 2959 MER.

1292 2984 1360 3026 30.
1380 2985 1554 3028 Nomine
1574 2983 1778 3025 mendaci.
1806 2980 1932 3024 Falso
1954 2995 1963 3022 ε
1988 2993 2078 3021 nou

1239 3047 1358 3091 enim
1375 3063 1473 3091 sum
1487 3047 1616 3091 exsui.
1641 3048 1689 3091 Ρ,

982 3231 1375 3261 m
