2280 3776
448 312 881 372 TRISTIUM
923 312 1079 366 LIB.
1123 311 1252 366 III.
1297 310 1537 366 FLEG.
1580 311 1756 365 XIV.

1884 309 1987 384 149

222 431 326 493 Est
354 431 482 510 fuga
511 431 653 491 dicta
684 429 846 499 mihi,
878 452 991 487 non
1024 442 1108 488 est
1138 428 1265 506 suga
1293 427 1437 487 dieta
1467 424 1696 498 libellis,

305 527 419 605 Qui
447 526 653 587 domini
684 548 898 608 poenam
931 548 1041 583 non
1077 547 1318 584 meruere
1346 523 1476 606 pati.

1948 549 1997 579 10

227 619 386 703 Saepe
415 644 513 704 per
538 635 802 681 extremas
827 619 1098 703 profugus
1126 633 1279 701 pater
1308 617 1518 677 exsulat
1547 636 1701 688 oras;

310 717 460 777 Urbe
494 731 669 777 tamen
702 717 844 776 natis
876 714 1076 776 exsulis
1103 738 1218 783 esse
1246 714 1389 775 licet.

225 812 463 874 Palladis
492 812 738 896 exemplo
757 859 771 885 ‚
805 813 870 872 de
900 835 985 872 me
1016 812 1130 873 sine
1162 825 1355 920 matre·
1363 824 1538 870 creata

312 908 566 968 Carmina
595 923 755 979 sunt;
789 910 958 991 stirps
988 909 1099 968 haec
1129 908 1526 992 progeniesque
1556 926 1675 965 mea
1703 917 1800 963 est.

229 1003 385 1065 Hanc
419 1004 522 1064 tibi
555 1005 919 1065 commendo:
909 1028 1094 1087 ·‚quae
1126 1029 1237 1087 quo
1271 1004 1441 1083 magis
1472 1003 1604 1063 orba
1633 1013 1888 1085 parente,
1949 1014 1997 1059 15

310 1100 433 1159 Hoc
464 1099 565 1159 tibi
596 1102 765 1160 tutori
793 1101 1003 1160 sarcina
1033 1101 1205 1182 majm
1230 1101 1349 1160 erit.

224 1194 360 1258 Tres
389 1197 524 1256 mihi
553 1213 682 1258 sunt
709 1199 821 1258 nati
854 1199 1104 1276 contagia
1130 1212 1313 1258 nostra
1344 1196 1550 1256 secuti:

250 1363 252 1365 ¹
305 1294 510 1354 Caetera
537 1294 621 1355 fac
650 1318 789 1355 curae
820 1296 892 1354 sit
924 1295 1024 1355 tibi
1059 1295 1218 1354 turba
1248 1294 1460 1377 palam:

226 1392 371 1454 Sunt
404 1415 626 1474 quoque
654 1407 873 1453 mutatae
904 1408 985 1453 ter
1013 1391 1257 1475 quinque
1286 1390 1558 1452 volumina
1586 1389 1801 1463 sormae,

307 1490 562 1551 Carmina
589 1490 654 1550 de
685 1489 889 1550 domini
921 1489 1107 1551 funere
1138 1504 1290 1573 rapta
1319 1490 1401 1549 sui
1431 1514 1443 1548 :

1937 1518 1993 1548 20

224 1586 370 1648 Illud
401 1612 542 1671 opus
572 1589 781 1671 potuit,
811 1591 857 1649 si
884 1612 995 1647 non
1024 1589 1177 1671 prius
1208 1589 1322 1670 ipse
1354 1591 1642 1670 perissem,

309 1682 526 1743 Certius
553 1707 584 1743 a
610 1707 818 1744 summa
845 1707 1044 1743 nomen
1076 1684 1271 1744 habere
1299 1708 1496 1743 manu:

224 1780 385 1842 Nunc
415 1780 778 1840 incorrectum
808 1779 1003 1862 populi
1033 1780 1277 1862 pervenit
1307 1780 1362 1839 in
1394 1803 1522 1851 στας

304 1879 368 1937 In
399 1877 593 1960 populi
627 1878 923 1960 quidquam
953 1878 996 1936 si
1032 1893 1206 1938 tamen
1238 1901 1331 1938 ore
1361 1901 1539 1938 meum
1571 1891 1668 1936 est.

223 1974 345 2035 Hoc
379 1998 631 2058 quoque,
662 1974 845 2034 nescio
876 1973 1006 2056 quid
1029 2021 1043 2043 ‚
1075 1975 1279 2035 nostris
1310 1975 1523 2058 adpone
1555 1972 1783 2047 libellis,

1940 1991 1993 2034 25

303 2071 535 2132 Diverso
567 2072 792 2132 missum
822 2071 970 2153 quod
1003 2070 1102 2132 tibi
1128 2071 1197 2132 ab
1226 2072 1359 2133 orbe
1389 2072 1547 2133 venit.

223 2167 393 2247 Quod
423 2168 754 2252 quicumque
783 2167 954 2246 leget,
988 2168 1033 2227 si
1058 2167 1182 2250 quis
1210 2167 1382 2245 leget,
1410 2169 1634 2228 aestimet
1659 2181 1808 2239 ante,

306 2266 687 2349 Composituin
721 2289 831 2347 quo
857 2264 929 2325 sit
961 2279 1228 2346 tempore,
1261 2288 1481 2345 quoque
1511 2262 1667 2323 loco:

224 2362 440 2444 AEquus
466 2362 569 2422 erit
598 2361 843 2443 scriptis,
874 2384 1109 2442 quorum
1142 2362 1457 2435 cognoverit
1489 2384 1604 2422 esse

306 2454 579 2516 Exsilium
613 2469 855 2537 tempus,
887 2454 1300 2535 barbariemque
1328 2453 1544 2526 locum3

226 2599 348 2643 lianis
364 2631 380 2652 ,
399 2615 506 2642 vers.
527 2598 607 2642 533
622 2615 638 2642 2
655 2616 675 2635 «
693 2599 783 2641 Nec
798 2597 954 2653 legitur
971 2612 1068 2653 pars

225 2665 312 2708 ulla
334 2665 468 2721 magis
488 2663 540 2707 de
562 2680 742 2721 corpore
765 2672 857 2706 toto
871 2695 883 2715 ‚
915 2662 1064 2718 Quam

225 2744 317 2774 non
333 2729 524 2785 legitimo
536 2727 698 2772 foedere
711 2729 1031 2783 junctusamor.
1043 2745 1064 2764 ³»

283 2808 346 2836 11.
380 2793 491 2847 Soepe
508 2808 587 2847 per
604 2803 812 2836 externas.
842 2793 1067 2834 Extremas

226 2855 373 2907 multi3
394 2866 436 2900 et
455 2857 605 2914 placet.
627 2858 685 2901 H.

286 2923 344 2964 13.
366 2925 560 2967 Palladis
578 2927 775 2978 exemplo.
796 2924 948 2968 Tertio
972 2924 1066 2967 Fa-

227 2982 420 3040 storum,
436 3005 542 3031 vers.
557 2991 631 3042 841
649 3005 658 3031 :
674 3007 693 3025 1«
711 2989 800 3033 Aut
819 2989 917 3046 quia
932 2989 986 3032 de
1001 3005 1064 3031 ra-

229 3051 326 3107 pitis
334 3051 488 3104 fertur‚
499 3053 588 3096 sine
605 3062 741 3097 matre
752 3086 763 3106 ,
779 3054 947 3110 paterni
960 3055 1066 3096 Ver-

228 3117 310 3160 tice
329 3148 340 3168 ,
362 3132 460 3158 cum
484 3117 634 3174 clypeo
654 3117 894 3172 prosiluisse
915 3134 993 3161 suo
1009 3151 1022 3171 ,
1042 3137 1065 3156 2»

230 3179 346 3222 unde
372 3189 415 3222 et
443 3182 598 3242 ἂμάτῑοιι,
616 3180 776 3224 Graecis
799 3182 911 3225 dicta
928 3201 946 3233 ;·
965 3184 1064 3239 quia

232 3245 455 3302 Sapientia
477 3247 604 3290 solius
624 3247 706 3290 Dei
728 3263 887 3291 munus
909 3249 962 3292 sit
983 3282 994 3302 ,
1021 3258 1065 3293 et

230 3329 332 3356 cum
353 3314 568 3369 voluptate
590 3315 778 3370 corporis
802 3330 890 3357 non
914 3315 1061 3358 consi-

229 3387 328 3421 stat.
354 3377 502 3433 Quam
516 3378 570 3420 ob
582 3394 752 3421 causam
764 3412 775 3431 ‚
795 3378 941 3422 Musas
953 3396 1065 3436 quo-

233 3459 316 3500 que.
334 3443 519 3500 virgines
536 3443 659 3489 finxit
672 3443 909 3501 antiquitas.
933 3445 981 3490 P.

1936 2476 1989 2517 30

1210 2603 1272 2642 15.
1300 2601 1427 2642 Hanc
1446 2602 1788 2644 ffbimmmendo.
1816 2601 1990 2658 Opinor

1148 2664 1383 2721 legendum
1403 2668 1505 2708 Hoec
1522 2684 1532 2707 .·
1552 2676 1593 2709 et
1614 2668 1811 2723 sequenti
1833 2684 1958 2711 versu
1973 2701 1986 2724 ,

1144 2734 1316 2772 sarcina
1332 2732 1470 2783 major
1483 2741 1612 2774 erunt.
1634 2734 1693 2776 H.

1207 2813 1264 2851 ¹7·
1298 2799 1394 2839 Tres
1411 2800 1624 2841 mihisunt
1642 2803 1742 2840 nati.
1761 2798 1870 2842 Tres
1892 2798 1986 2842 illos

1146 2861 1199 2904 de
1215 2861 1321 2904 Arte
1331 2862 1504 2904 amandi
1519 2862 1647 2905 libros
1656 2862 1876 2918 significat.
1891 2867 1987 2907 Fra-

1145 2935 1252 2970 tres.
1290 2942 1402 2970 unus
1422 2926 1679 2970 Gallicanus.
1700 2952 1754 2963 -
1779 2932 1986 2983 Contagt’a

1145 2999 1298 3034 nostra.
1318 2992 1473 3035 Nostra
1491 2993 1603 3036 mala
1622 3009 1754 3040 :Vnam
1775 3003 1819 3036 et
1840 2995 1917 3050 ipsi
1932 3012 1984 3039 ex

1145 3058 1251 3101 urbe
1273 3056 1397 3111 ejecti
1417 3067 1531 3102 sunt.

1205 3126 1264 3167 18.
1283 3126 1348 3167 Si!
1357 3127 1573 3168 tibiturba.
1590 3126 1685 3167 Sint
1694 3125 1981 3171 Richelianus.

1204 3204 1218 3228 1
1226 3203 1265 3246 9.
1280 3189 1384 3230 Sunt
1390 3203 1556 3243 quoque.
1570 3187 1682 3244 Lege
1693 3189 1810 3237 Sint.-
1822 3205 1981 3246 nempe

1144 3266 1257 3295 curae
1278 3250 1367 3293 tibi.
1390 3251 1449 3294 H.

1201 3334 1263 3358 20.
1278 3317 1346 3357 De
1361 3317 1681 3371 domt'm'fimere.
1696 3316 1846 3360 Subita
1861 3317 1979 3359 enim

1144 3380 1406 3435 relegatione
1416 3396 1522 3437 opus
1536 3380 1980 3425 illudinemendatum

1143 3446 1349 3490 emissum
1368 3453 1444 3491 est.
