2280 3776
529 321 634 375 EX
680 317 980 373 PONTO
1021 319 1179 373 LIB.
1223 317 1341 374 IV.
1383 316 1664 372 EPIST.
1708 320 1782 371 X.

1931 319 2041 394 459

266 438 514 519 Cumque
542 434 910 518 Borysthenio
938 433 1341 517 liquidissimus
1369 457 1526 495 amne
1555 435 1865 519 DyraspeS‚

345 533 421 591 Et
449 530 607 592 tacite
635 552 903 612 peragens
934 528 1053 590 lene
1083 527 1407 591 Melanthus
1435 530 1555 590 iter.

268 627 492 710 Quique
521 627 654 687 duas
687 641 857 687 terras
886 625 1076 686 Asiam
1105 625 1410 708 Cadmique
1440 650 1681 687 sororem
1994 644 2045 684 55

349 725 602 808 Separat,
637 739 691 785 et.
719 747 913 785 cursus
942 724 1084 785 inter
1112 738 1401 807 utramque
1431 725 1578 785 facit.

266 820 655 903 Innumerique
687 818 809 893 alii,
840 844 982 903 quos
1013 819 1158 880 inter
1184 819 1453 880 maximus
1484 843 1674 880 omnes

351 916 555 979 Cedere
585 917 881 978 Danubius
914 942 971 979 se
1003 917 1142 990 tibi,
1174 917 1333 990 Nile,
1365 933 1543 997 neget.

270 1013 443 1098 Copia
473 1027 558 1073 tot
584 1011 835 1085 laticum,
871 1036 1006 1096 quas
1037 1028 1234 1092 auget,
1267 1013 1541 1076 adulterat
1566 1014 1773 1087 undas,

348 1113 463 1172 Nec
491 1110 703 1194 patitur
730 1111 871 1171 vires
900 1135 1088 1194 aequor
1115 1111 1316 1173 habere
1348 1135 1496 1174 suas.
1993 1133 2050 1173 συ

271 1207 425 1288 Quin
454 1206 614 1266 etiam
645 1221 840 1284 stagno
871 1206 1093 1279 similis,
1123 1207 1403 1291 pigraeque
1430 1207 1621 1292 paludi

353 1302 631 1364 Caeruleus
659 1303 748 1363 vix
779 1317 893 1376 est,
924 1302 1265 1388 diluiturque
1288 1304 1458 1365 color.

271 1401 492 1461 Innatat
521 1399 668 1462 unda
696 1399 838 1461 freto
869 1399 1077 1474 dulcis,
1106 1400 1385 1485 leviorque
1417 1399 1625 1462 marina
1652 1412 1768 1469 est,

351 1496 496 1576 ‚Quae
524 1497 820 1580 proprium
848 1498 1015 1560 misto
1045 1498 1110 1560 de
1142 1498 1251 1560 sale
1282 1498 1506 1583 pondus
1531 1496 1713 1558 habet.

275 1590 336 1650 Si
364 1606 520 1671 roget
545 1590 660 1652 haec
688 1591 914 1676 aliquis,
947 1618 1046 1655 cur
1074 1595 1187 1655 sint
1211 1609 1428 1656 narrata
1458 1592 1699 1663 Pedoni,
1998 1606 2054 1648 65

356 1687 576 1767 Quidve
602 1688 762 1772 loqui
790 1690 951 1751 certis
975 1691 1177 1771 juverit
1205 1691 1311 1752 ista
1338 1690 1554 1763 modis;

276 1784 537 1859 Detinu'i,
568 1785 770 1860 dicam,
802 1801 1052 1870 tempuS‚
1084 1811 1352 1871 curasque
1379 1786 1546 1849 fefelli
1574 1810 1588 1846 ε

357 1883 524 1943 Hunc
549 1881 788 1943 fructum
814 1907 1052 1966 praesens
1082 1883 1283 1945 adtulit
1310 1884 1447 1944 hora
1474 1883 1627 1944 mihi.

273 2028 391 2070 virete.
438 2024 712 2083 Argonautas
749 2026 952 2083 intelligit
985 2042 995 2070 :
1027 2026 1120 2085 lege

275 2089 573 2147 Apollonium.

330 2156 396 2199 33.
428 2157 609 2212 Cumque
637 2157 929 2214 Borysthenio.
969 2157 1122 2216 Bory-

276 2221 451 2266 sthenes
464 2253 477 2277 ‚
493 2221 652 2266 fluvius
663 2255 676 2276 ,
697 2222 941 2267 secundum
958 2223 1122 2266 Istrum

277 2285 480 2330 omnium
496 2286 709 2329 maximus
723 2317 736 2339 ,
756 2301 911 2343 pascua
925 2286 1124 2343 praebens

281 2351 709 2405 amoenissima3idem
719 2352 771 2396 ad
783 2352 1025 2410 potandum
1035 2369 1125 2396 sua-

280 2416 490 2462 vissimus.
498 2441 552 2451 -—
562 2419 887 2474 liquidissimus
896 2418 1125 2477 Dyraspes.

282 2479 557 2526 Clarissimus
572 2515 585 2536 ,
617 2498 696 2526 seu
715 2482 1038 2540 limpidissimus
1055 2482 1126 2526 ille

281 2544 466 2600 fluvius,
493 2546 616 2603 cujus
646 2554 795 2590 tamen
819 2546 985 2589 nullam
1012 2545 1128 2603 apud

281 2620 480 2656 auctores
493 2613 769 2656 mentionem
785 2611 963 2656 invenio
980 2644 992 2666 ,
1017 2627 1130 2668 prae-

282 2683 486 2732 terquam
507 2676 577 2720 hic
599 2677 714 2734 apud
733 2676 959 2722 Ovidium.

341 2741 406 2794 54.
423 2742 681 2784 ΜΙαιιίῆω.
703 2739 958 2784 Melanthus
972 2739 1129 2784 fluvius

285 2811 350 2848 est
369 2804 414 2846 in
435 2805 632 2848 Pontum
652 2805 814 2850 labens.

329 2871 395 2914 55.
413 2871 572 2926 Quique
581 2872 689 2913 duas
699 2878 847 2913 terras.
855 2868 1044 2913 Tanaim
1057 2869 1129 2914 ‹le-
1148 2907 1152 2910 .

284 2931 450 2988 signat,
473 2934 547 2990 qui
567 2943 684 2978 vasta
701 2935 858 2992 palude
879 2934 1128 2992 profluens,

283 2997 330 3041 in
347 2998 473 3042 aliam
489 3000 720 3044 vastiorem
741 3000 1010 3044 diffunditur
1024 3034 1037 3056 ‚
1052 3017 1132 3044 no-

285 3063 407 3108 mine
425 3065 475 3108 M
481 3066 639 3111 aeotim.
658 3090 712 3101 —
731 3069 885 3112 Asiam
907 3069 1133 3124 Cadmique

286 3145 473 3174 sororem.
497 3131 688 3188 Exponit
710 3149 806 3189 quae
830 3134 917 3177 sint
942 3133 1009 3178 hae
1034 3133 1131 3177 duae

290 3203 443 3250 terrae,
465 3211 571 3252 quas
590 3197 750 3242 Tanais
771 3207 952 3253 separat.

345 3260 410 3303 56.
419 3262 534 3304 Inter
539 3268 761 3319 utramque.
773 3263 896 3306 Inter
906 3262 1131 3320 Europam

290 3335 335 3370 et
350 3327 497 3370 Asiam
515 3361 526 3381 ‚
549 3344 653 3385 quas
672 3329 762 3386 ipse
776 3327 938 3372 Tanais
952 3328 1129 3386 dividit,

291 3400 340 3434 ut
358 3391 554 3436 diximus.
860 3411 862 3413 ’

349 3461 413 3514 57.
439 3460 605 3502 Omnes.
629 3462 789 3504 Amnes
806 3460 983 3505 Mox-eti.

1261 2031 1328 2086 59.
1361 2027 1593 2071 Adultera!
1617 2026 1769 2068 undas.
1796 2022 2055 2081 Corrumpit

1203 2101 1250 2136 et
1269 2100 1411 2135 mutat
1432 2091 1565 2135 maris
1589 2098 1809 2133 naturam.

1257 2156 1325 2199 63.
1364 2157 1491 2198 Unda
1519 2157 1670 2198 dulcis.
1707 2155 1834 2210 Aqua
1862 2151 2058 2196 fluvialis.

1205 2222 1488 2277 ——Leviorque
1505 2224 1671 2263 marina
1682 2229 1759 2264 est.
1775 2218 1969 2263 Causam
1985 2219 2059 2262 ad-

1204 2286 1375 2342 signat,
1409 2301 1543 2341 quare
1568 2300 1680 2342 aqua
1716 2284 1853 2328 dulcis
1888 2285 2059 2329 innatet

1207 2366 1328 2408 aquae
1352 2351 1534 2394 marine
1548 2383 1561 2405 ,
1584 2351 1686 2407 quia
1705 2349 1777 2394 illa
1795 2350 1933 2394 levior
1953 2360 2031 2394 est.

1261 2416 1328 2471 64.
1363 2417 1465 2470 Quae
1482 2419 1696 2471 proprium
1728 2420 1863 2459 mitto
1891 2418 1944 2459 de
1965 2419 2057 2459 sale

1200 2483 1369 2536 pondus
1398 2483 1565 2524 habent.
1598 2480 1716 2537 Quae
1745 2496 1856 2537 aqua
1886 2481 2056 2524 marina

1209 2545 1340 2589 habet
1373 2544 1656 2603 gravedinem
1685 2546 1803 2589 illam
1833 2546 2056 2603 propriam

1210 2612 1263 2654 ab
1289 2611 1382 2668 ipso
1413 2610 1557 2665 mari,
1590 2611 1726 2655 mixto
1757 2619 1906 2656 tamen
1941 2612 2061 2668 aquis

1210 2678 1292 2722 illis
1312 2677 1521 2723 dulcibus.

1264 2743 1332 2786 65.
1357 2744 1442 2786 Cur
1464 2745 1553 2786 ᾗσι·
1579 2747 1668 2785 sint
1691 2751 1864 2785 narrata
1883 2744 2059 2786 Pedoni.

1213 2805 1311 2849 Cur
1329 2807 1422 2851 haee
1440 2807 1720 2851 Albinovano
1741 2807 1927 2852 Pedoni.

1266 2874 1332 2930 67.
1346 2876 1539 2925 Detiaui,
1561 2877 1699 2917 dicam
1711 2908 1721 2923 ,
1742 2891 1868 2918 curas
1882 2883 2056 2930 tempus-

1210 2954 1288 2994 que
1294 2937 1455 2994 fefelli.
1466 2941 1661 2991 Damni,
1684 2942 1822 2982 dic-am
1836 2973 1847 2989 ,
1869 2949 2049 2995 tempus,

1211 3019 1408 3059 curasque
1424 3004 1578 3059 fefelli
1598 3021 1651 3048 ex
1679 3004 1790 3047 libro
1818 3003 1988 3048 Feschii
2012 3014 2056 3047 et

1214 3071 1405 3128 quinque
1439 3071 1559 3124 aliis;
1590 3071 1649 3115 sic
1673 3071 1859 3115 Metam.
1893 3071 1967 3115 lib.
1999 3073 2020 3115 I
2039 3105 2051 3125 ,

1213 3154 1272 3179 vs.
1286 3137 1383 3189 682,
1397 3154 1419 3175 κ
1434 3136 1638 3180 Detinuit
1657 3152 1860 3180 sermone
1876 3135 2017 3187 diem3
2038 3156 2056 3173 ν

1214 3202 1383 3246 Auctor
1412 3202 1633 3260 pervigilii
1656 3202 1868 3257 Veneris,
1890 3219 1951 3245 vs.
1978 3202 2056 3257 46:

1215 3286 1237 3304 «
1258 3266 1512 3311 Detinenda
1542 3276 1632 3310 tota
1670 3283 1756 3311 nox
1787 3276 1832 3311 et
1860 3268 2057 3325 pervigi—

1212 3331 1340 3376 landa
1365 3332 1569 3384 canticis;
1593 3351 1615 3371 ιο
1646 3349 1743 3390 quae
1772 3333 1833 3376 ibi
1864 3349 1966 3376 vera
1994 3341 2059 3375 est

1213 3397 1450 3454 scriptura3
1480 3397 1715 3452 Manilius,
1740 3399 1811 3442 lib.
1837 3399 1879 3438 V
1903 3414 1912 3440 :
1934 3416 1955 3434 «
1979 3397 2054 3440 Ille

1215 3462 1333 3506 dabit
1353 3473 1504 3507 cantus
1524 3463 1641 3507 inter
1664 3463 1860 3506 convivia
1886 3462 2029 3503 dulces
2046 3494 2058 3511 2
