2280 3776
525 322 967 378 TRISTIUM
1015 323 1179 376 LIB.
1226 322 1300 378 V.
1354 322 1595 377 ELEG.
1645 325 1735 376 ΙΙ.

1910 345 1939 378 2
1949 346 2020 400 09

248 435 482 512 Jussus‚
513 441 579 502 ad
608 438 807 501 Euxini
836 436 1097 499 deformia
1126 436 1288 499 litora
1316 439 1439 499 veni

335 536 598 619 AEquoris
623 561 635 596 :
662 536 775 595 haec
803 533 983 614 gelido
1013 549 1153 595 terra
1183 534 1287 595 sub
1315 558 1413 595 axe
1438 535 1594 616 jacet.

255 632 369 693 Nec
395 656 481 693 me
510 647 617 694 tam
648 632 852 693 cruciat
883 652 1167 715 nunquam
1197 632 1313 692 sine
1341 630 1543 710 frigore
1574 631 1789 705 caelum,
1973 650 2027 691 65

344 726 624 810 Glebaque
652 726 863 787 canenti
893 750 1106 809 semper
1133 725 1334 786 obusta
1364 725 1490 804 gelu
1508 773 1522 799 ‚

259 821 564 905 Nesciaque
592 836 674 883 est
699 822 848 884 vocis
881 821 1029 905 quod
1061 822 1290 883 barbara
1321 821 1507 900 lingua
1535 824 1739 884 Latinae
1757 870 1772 896 ‚

238 922 241 925 ’
344 919 617 1002 Graiaque
648 919 799 1001 quod
833 919 1025 980 Getico
1054 919 1194 979 victa
1222 917 1440 1001 loquela
1471 944 1641 993 son0‚

262 1015 446 1095 Quam
478 1013 627 1096 quod
657 1013 894 1073 finitimo
925 1014 1136 1075 cinctus
1166 1037 1384 1096 premor
1409 1015 1654 1094 undique
1683 1017 1894 1091 Marte,

342 1110 560 1194 Vixque
586 1111 768 1172 brevis
798 1126 975 1172 tutum
1006 1134 1196 1172 murus
1224 1111 1292 1171 ab
1323 1112 1487 1171 hoste
1512 1113 1656 1172 facit.
1984 1148 2039 1190 7⁰

261 1208 374 1270 Pax
408 1224 589 1269 tamen
614 1209 888 1269 interdum
909 1255 923 1278 ‚
952 1209 1101 1290 pacis
1128 1208 1323 1268 fiducia
1351 1232 1634 1292 nunquam
1665 1226 1773 1271 est:

347 1302 436 1364 Sic
464 1327 607 1364 nunc
639 1303 731 1362 hic
761 1302 994 1386 patitur,
1025 1326 1171 1363 nunc
1204 1303 1356 1363 timet
1385 1328 1530 1363 arma
1551 1351 1566 1374 ‚
1604 1304 1773 1367 locus.

266 1396 413 1458 Hinc
443 1420 544 1476 ego
571 1397 702 1458 dum
734 1412 938 1470 muter,
971 1396 1055 1457 vel
1080 1420 1167 1457 me
1191 1395 1432 1459 Zanclaea
1457 1399 1765 1482 Charybdis

347 1494 616 1566 Devoret‚
648 1516 786 1576 aque
817 1492 931 1554 suis
962 1493 1030 1553 ad
1058 1493 1228 1576 Styga
1254 1492 1439 1553 mittat
1465 1495 1656 1577 aquis:

267 1589 373 1652 Vel
400 1590 602 1675 rapidae
630 1589 861 1650 flammis
892 1612 1019 1650 urar
1046 1588 1315 1673 patienter
1341 1591 1398 1650 in
1425 1591 1637 1663 AEtnae3
1995 1611 2047 1668 75

351 1687 455 1747 Vel
487 1687 626 1748 freta
656 1686 914 1748 Leucadii
943 1686 1130 1746 mittar
1157 1687 1215 1746 in
1244 1686 1347 1747 alta
1379 1688 1499 1747 Dei.

274 1782 448 1863 Quod
469 1782 700 1865 petitur,
731 1806 892 1865 poena
915 1796 995 1843 est
1021 1807 1032 1841 :
1061 1806 1240 1864 neque
1265 1783 1410 1842 enim
1435 1783 1599 1842 miser
1625 1806 1742 1843 esse
1765 1806 1988 1856 recuso;

352 1878 463 1939 Sed
490 1902 711 1962 precor,
739 1894 802 1939 ut
828 1879 1039 1961 possim
1070 1879 1244 1939 tutius
1275 1902 1391 1939 esse
1419 1879 1597 1940 miser.

323 2016 391 2062 63.
409 2015 642 2081 Deftrmt‘a5
665 2015 784 2059 Litus
801 2015 973 2073 proprie
989 2016 1120 2062 maris

271 2091 361 2134 est;
383 2082 475 2138 ripa
489 2079 696 2126 fluminis.
720 2080 950 2125 Interdum
971 2080 1120 2137 adpel-

272 2147 388 2192 latur
409 2146 532 2203 litus,
562 2146 678 2204 quod
701 2147 818 2203 iuxta
838 2162 996 2202 aquam
1015 2155 1092 2190 est.

327 2211 395 2267 64.
404 2212 554 2255 Gele‘do
563 2214 639 2254 sub
647 2226 742 2254 asc.
752 2209 1121 2267 Septemtrionali.

328 2276 396 2320 66.
414 2279 597 2321 Canenti
600 2280 709 2332 gelu.
732 2275 948 2320 Canentia
958 2276 1123 2332 frigora

277 2340 376 2386 alibi
390 2341 618 2398 adpellavit
629 2374 642 2397 ,
657 2342 774 2399 quod
789 2342 907 2398 quasi
917 2342 1122 2385 canitiem

278 2416 408 2451 terrae
423 2406 610 2451 inducan
617 2415 646 2451 t.
664 2409 846 2458 Obusta,
870 2407 970 2462 quia
983 2415 1028 2450 et
1038 2405 1121 2448 fri-

281 2489 359 2528 gus
380 2487 507 2515 urere
529 2471 701 2515 dieitur.

335 2539 402 2581 68.
417 2540 631 2594 Graiaque
638 2539 750 2594 quod
759 2540 920 2581 Getico.
934 2535 1124 2591 Propter

282 2602 460 2647 colonos
473 2618 496 2646 e
511 2601 677 2646 Graecia
689 2617 742 2644 eo
756 2600 974 2644 deductos.
1001 2603 1124 2643 Victa

282 2670 446 2724 loquela
470 2683 574 2710 sono
599 2675 674 2709 est.
699 2666 906 2709 Meliores
930 2663 1123 2719 plerique

271 2732 454 2788 juncta,·
467 2730 539 2774 alii
550 2729 751 2774 nonnulli
766 2745 864 2774 cum
881 2727 1026 2784 priscis
1039 2727 1126 2770 edi-

284 2795 477 2839 tionibus
507 2800 646 2839 mista.
677 2794 767 2839 Nos
795 2809 943 2837 veram
976 2793 1128 2836 lectio-

285 2876 390 2904 nem
410 2859 682 2915 exhibuimus
701 2875 711 2902 :
728 2860 788 2902 sic
808 2859 925 2901 infra
947 2858 1012 2901 ΕΙ.
1034 2870 1123 2908 vn,

287 2927 336 2967 51
361 2939 372 2967 t
391 2941 413 2961 «
430 2925 483 2968 In
506 2924 651 2984 paucis
672 2931 838 2966 exstant
859 2921 1023 2965 Graecae
1049 2937 1130 2964 ve-

285 2987 408 3044 stigia
419 2987 577 3045 lingum
591 3021 603 3043 ,
624 2989 731 3031 Haec
743 3003 917 3044 quoque
934 2988 1022 3042 jam
1037 2985 1130 3029 Ge-

286 3051 374 3096 tico
394 3052 575 3095 barbara
594 3052 707 3096 facta
726 3068 844 3096 sono.
862 3070 884 3089 »
907 3053 1074 3095 Hnms.

345 3132 409 3172 7ο.
429 3118 588 3171 Vixque
601 3119 734 3159 breois
751 3125 873 3159 tutos.
895 3118 1040 3159 Tutum
1058 3133 1132 3159 re-

286 3181 396 3225 ctius
416 3179 611 3223 Patavin.
628 3189 673 3224 et
693 3179 933 3223 Zulichem.
954 3180 1025 3223 lib.
1047 3180 1128 3235 IV,

292 3246 413 3300 Eleg.
430 3257 464 3297 1,
477 3259 586 3286 vers.
601 3259 674 3300 70:
690 3262 712 3282 «
727 3244 896 3301 Vixque
909 3244 976 3287 sui
986 3253 1132 3296 tutum

291 3309 508 3353 moenibus
525 3325 614 3352 esse
628 3308 721 3353 loci.
735 3327 756 3347 »
771 3310 1037 3353 H.—Bm›is
1050 3327 1134 3353 mu*

292 3388 375 3415 rus.
389 3372 439 3416 Id
455 3380 540 3426 est,
556 3372 732 3417 humilis
744 3406 758 3429 ,
778 3389 870 3417 non
887 3374 1017 3428 altus,
1033 3375 1133 3419 ἀκυ-

293 3441 461 3499 ρῶτερον.
483 3437 628 3481 Pom.

455 3521 606 3579 VII.

1260 2033 1280 2072 7
1292 2032 1305 2058 ι
1315 2048 1324 2059 .
1344 2017 1646 2071 Ραειὶτβόιιειὶ
1663 2030 1882 2072 nunquam.
1908 2020 2047 2063 Nun-

1205 2096 1334 2137 quam
1351 2089 1469 2123 certa
1486 2088 1550 2124 est
1563 2096 1654 2135 pax.

1260 2162 1323 2201 7²·
1337 2146 1407 2188 Sic
1426 2147 1496 2187 hic
1514 2162 1638 2188 nunc.
1660 2148 1731 2188 Sic
1742 2148 1821 2189 hoc
1846 2148 2021 2204 quidam
2039 2169 2051 2201 ;

1204 2209 1290 2263 atii,
1311 2212 1395 2252 Hic
1405 2214 1495 2261 s1‘c‚·
1514 2209 1627 2266 lego,
1639 2211 1709 2253 Sic
1719 2214 1917 2263 nunchic,
1936 2215 2052 2270 quod

1208 2274 1397 2321 mollius.
1414 2274 1575 2317 BURM.

1267 2339 1329 2395 73,
1354 2341 1544 2381 Pantheo
1578 2341 1826 2398 Charybdis.
1854 2344 2055 2387 Zanclaea

1209 2403 1536 2458 Charybdis-:sic
1560 2405 1677 2446 enim
1702 2413 1838 2460 poetae
1860 2423 1957 2450 eam
1975 2408 2056 2451 ad·-

1208 2467 1394 2522 pellant,
1415 2468 1467 2510 ab
1490 2469 1595 2512 urbe
1617 2469 1772 2513 Siciliae
1792 2472 1975 2526 Zancle,
1997 2475 2058 2519 sic

1207 2531 1419 2588 adpellata
1443 2548 1465 2574 a
1487 2533 1625 2589 specie
1647 2533 1786 2586 salcis;
1811 2537 2025 2592 siquidem
2042 2573 2055 2595 ,

1206 2604 1382 2639 auctore
1414 2597 1671 2657 Thucydide
1687 2631 1700 2653 ‚
1734 2600 1890 2644 falcem
1923 2604 2059 2648 Siculi

1205 2665 1400 2703 zanclam
1414 2661 1631 2719 adpellant
1650 2681 1659 2707 :
1681 2681 1781 2707 nam
1801 2666 1889 2709 loca
1903 2684 1952 2710 ea
1961 2686 2057 2712 cur·

1206 2742 1257 2768 va
1277 2724 1407 2769 fuisse
1427 2759 1439 2780 ,
1467 2727 1594 2771 docet
1616 2730 1747 2772 etiam
1769 2732 1940 2776 strabo.

1267 2790 1331 2846 76.
1364 2791 1575 2834 Leucadii
1593 2795 1691 2836 Dei.
1722 2796 1938 2841 Leucadio
1963 2801 2059 2842 Deo

1208 2861 1393 2909 uterque
1411 2855 1538 2901 Polit.
1558 2857 1824 2912 pr.Vatican.
1838 2870 1925 2917 opt.
1936 2862 2059 2908 Med.

1216 2926 1259 2961 et
1275 2918 1459 2975 Regius;
1474 2919 1581 2965 alter
1592 2922 1724 2964 etiam
1740 2923 1945 2967 Politiani
1958 2937 2062 2981 apta

1198 2998 1204 3002 ·
1215 2998 1295 3038 pro
1306 2985 1398 3024 alta
1406 2999 1419 3024 :
1429 2999 1484 3026 an
1494 2985 1706 3028 Leucadio
1717 2994 1837 3029 modo
1849 2993 1873 3033 ,Ρ
1886 2998 1934 3031 ut
1947 2991 1982 3032 F
1985 3000 2064 3034 ast.

1213 3049 1270 3101 V,
1286 3049 1367 3090 630
1382 3065 1391 3091 :
1409 3067 1428 3086 «
1447 3050 1606 3094 Tristia
1623 3052 1838 3095 Leucadio
1852 3071 1969 3098 sacra
1988 3072 2062 3112 pe·-

1215 3122 1331 3156 racta
1362 3115 1508 3158 modo.
1527 3135 1549 3153 »
1575 3118 1639 3159 lta
1662 3117 1782 3160 enim
1810 3119 1869 3162 ibi
1893 3131 2061 3166 veteres

1213 3179 1427 3222 nonnulli.
1444 3181 1503 3223 At
1518 3181 1649 3225 Trist.
1667 3182 1737 3225 111
1750 3214 1762 3236 ,
1778 3183 1898 3242 Eleg.
1915 3199 1933 3228 1
1946 3219 1958 3240 ,
1978 3190 2029 3242 42
2046 3206 2058 3232 ε

1216 3263 1237 3281 «
1262 3245 1333 3286 An
1362 3246 1461 3300 quia
1483 3244 1701 3288 Leucadio
1719 3263 1893 3305 semper
1918 3263 2060 3297 amata

1214 3310 1312 3353 Deo
1329 3310 1421 3354 est?
1447 3329 1468 3349 »
1492 3312 1656 3356 HEms.

1270 3392 1332 3431 77.
1350 3378 1475 3429 Quod
1474 3381 1667 3430 petimus.
1681 3380 1957 3434 Petf‘turbene
1971 3383 2061 3427 duo

1220 3449 1315 3487 vete
1322 3457 1389 3485 res
1399 3459 1410 3495 3
1423 3458 1533 3485 unus
1540 3449 1719 3498 flatilem·
1737 3446 1861 3491 multi
1867 3454 2063 3501 patimur.

1739 3531 1804 3597 ¹4
