2280 3776
315 315 416 375 166
599 275 602 278 Δ
766 317 828 367 Ρ.
889 314 1187 369 ovlnu
1233 306 1605 367 NASONIS

307 430 479 491 Crede
506 430 656 512 quod
689 443 795 500 est,
831 428 977 510 quod
1006 428 1116 500 vis,
1146 452 1207 488 ac
1237 429 1422 488 desine
1454 442 1572 488 tuta
1600 425 1803 500 vereri;

385 527 576 607 Deque
602 525 707 583 fide
737 538 879 583 certa
910 524 984 583 sit
1011 523 1114 584 tibi
1143 539 1286 584 certa
1312 524 1446 584 fides
1473 548 1486 583 :

306 624 583 704 Quodque
607 622 737 704 polo
766 621 883 681 fixae
910 637 1190 703 nequeunt
1219 621 1318 680 tibi
1351 621 1528 682 dicere
1555 620 1810 691 flammae,
2023 635 2070 677 15

383 721 514 778 Non
544 718 837 776 mentitura
866 731 926 775 tu
955 717 1059 790 tibi
1085 740 1214 776 voce
1241 716 1415 777 refer:

306 818 438 875 Esse
468 815 549 873 tui
580 837 906 887 memorem,
937 813 1002 873 de
1034 838 1141 895 qua
1166 813 1268 872 tibi
1294 813 1526 875 maxima
1555 837 1683 872 cura
1713 826 1824 884 est3

387 910 666 992 Quodque
696 924 906 991 potest,
940 933 1119 968 secum
1146 933 1344 969 nomen
1370 908 1571 969 habere
1597 922 1768 967 tuum.

306 1005 572 1065 Vultibus
603 1004 696 1064 illa
724 1005 832 1064 tuis
850 1051 864 1075 ‚
899 1019 1158 1087 tanquam
1187 1005 1500 1087 praesentis,
1529 1004 1783 1076 inhaeret,

385 1101 573 1181 Teque
602 1115 806 1160 remota
833 1098 1057 1182 procul,
1089 1099 1138 1184 si
1165 1100 1331 1159 modo
1361 1099 1520 1171 vivit,
1553 1112 1711 1159 amat.
2024 1124 2076 1152 20

305 1194 549 1275 Ecquid,
582 1208 645 1253 ut
672 1193 925 1252 incubuit
949 1195 1098 1274 justo
1127 1217 1279 1254 mens
1307 1217 1447 1273 aegra
1478 1191 1681 1271 dolori,

386 1290 552 1350 Lenis
578 1290 647 1349 ab
682 1290 960 1350 admonito
990 1305 1211 1372 pectore
1240 1313 1466 1350 somnus
1493 1289 1656 1349 abit?

306 1389 462 1447 Tunc
491 1388 731 1451 subeunt
759 1400 926 1459 curae,
958 1388 1088 1448 dum
1119 1402 1171 1448 te
1199 1386 1482 1469 lectusque
1511 1386 1775 1469 locusque

386 1483 613 1558 Tangit,
642 1497 696 1541 et
723 1481 951 1541 oblitam
979 1506 1095 1542 non
1123 1482 1254 1542 sinit
1279 1505 1396 1542 esse
1423 1481 1573 1543 mei?

306 1581 379 1638 Et
408 1579 634 1638 veniunt
662 1593 850 1651 aestuS,
885 1593 939 1638 et
966 1603 1077 1637 nox
1107 1579 1371 1639 immensa
1397 1578 1649 1638 videtur?
1864 1586 1870 1591 ’
2024 1592 2076 1633 25

387 1675 660 1754 Fessaque
686 1673 872 1754 jactati
903 1673 1151 1755 corporis
1180 1696 1303 1733 ossa
1333 1671 1565 1732 dolent?

307 1770 437 1827 Non
468 1770 720 1851 equidem
748 1769 979 1841 dubito,
1010 1769 1144 1851 quin
1173 1769 1286 1830 haec
1316 1783 1369 1834 et
1396 1776 1586 1829 caetera
1607 1767 1771 1840 fiant,

388 1867 604 1948 Detque
634 1882 760 1927 tuus
789 1868 923 1928 casti
956 1867 1110 1945 signa
1138 1866 1344 1927 doloris
1372 1890 1558 1926 amor·
1545 1914 1559 1939 ‚

307 1964 422 2022 'Nec
450 1963 682 2023 cruciere
712 1963 923 2035 mium,
957 1987 1121 2045 quam
1151 1987 1321 2070 quum
1349 1961 1614 2022 Thebana
1644 1973 1931 2020 cruentum

306 2125 422 2180 quod
446 2134 626 2180 praestat.
643 2125 701 2167 At
719 2120 1039 2168 Arondelianus
1056 2141 1150 2179 spes

303 2193 412 2232 bona
431 2194 557 2233 mista
578 2200 710 2242 metm
732 2200 780 2233 ut
801 2190 977 2247 epistola
1000 2190 1149 2233 Cana-

304 2272 393 2308 ces,
419 2256 484 2302 61,
506 2257 606 2309 §joes
628 2259 737 2297 bona
754 2258 825 2298 det
839 2260 949 2307 vire-5
965 2271 978 2298 t
996 2255 1147 2298 malim

303 2323 433 2364 etiam
454 2325 565 2366 victa
584 2330 692 2363 metu
707 2337 837 2376 quam
851 2326 978 2363 mista
993 2337 1008 2374 ;
1026 2330 1145 2364 certe

302 2387 347 2429 in
371 2403 459 2428 uno
484 2386 654 2436 Italico,
679 2390 793 2428 nixa.
815 2384 982 2430 HEINS.

362 2453 423 2494 13.
459 2454 585 2493 Crede
608 2454 723 2507 quod
736 2460 820 2500 est,
855 2460 899 2494 et
919 2457 1000 2496 vis.
1029 2453 1168 2506 Quod

302 2519 369 2558 vis
384 2516 572 2571 quinque
594 2525 773 2560 veteres.
796 2514 1118 2560 Arondelianus
1133 2549 1144 2571 ,

302 2572 499 2636 quamvis.
522 2581 686 2624 HEINS.

360 2662 376 2687 1
385 2649 420 2688 5.
442 2647 640 2700 Quodque
645 2648 862 2701 polofixoe.
876 2648 1031 2689 Post'loe
1038 2647 1147 2689 Vos-

300 2711 403 2754 sian.
422 2721 469 2754 ut
486 2713 593 2755 Met.
612 2713 672 2766 II,
700 2714 775 2768 173
790 2729 798 2754 :
815 2730 836 2749 «
858 2712 1058 2768 Quaeque
1073 2727 1147 2768 po-

298 2774 342 2818 lo
374 2777 509 2832 posita
541 2786 605 2820 est
633 2777 793 2834 glaciali
821 2777 1016 2834 proxima
1043 2794 1145 2821 ser-

300 2857 407 2898 pens
431 2859 465 2883 ».
488 2843 654 2886 HEms.

356 2922 417 2964 19·
458 2908 672 2961 Tanquam
700 2910 972 2960 pauentibus
1008 2908 1144 2950 ἥκει-εί.

297 2971 517 3013 Passerem
544 2973 713 3014 inhaeret
743 2980 911 3028 septem
943 2980 1140 3024 veteres3

297 3043 428 3078 recte.
449 3036 621 3080 Hssms.

351 3118 416 3141 21.
441 3102 625 3156 Ecquid,
642 3104 719 3142 ubi
727 3104 924 3144 incubuit.
946 3103 1006 3144 Ut
1020 3105 1144 3144 incu-

297 3167 385 3205 buit
404 3164 529 3207 multi
555 3174 721 3208 veteres
748 3181 850 3208 cum
872 3165 1017 3222 priscis
1038 3164 1141 3208 edi-

296 3227 483 3269 tionibus
522 3244 531 3269 ;
563 3228 783 3283 quomodo
816 3230 975 3275 Noster
994 3228 1139 3285 saepis-

294 3291 324 3333 s}
331 3307 398 3332 ine
405 3293 598 3335 Aietius.

403 3357 493 3396 ‚¹03
497 3371 612 3397 mnus
631 3360 731 3399 abit.
756 3360 891 3401 Abest
918 3376 983 3416 pr.
1013 3358 1140 3402 Polit.

296 3437 357 3475 pr.
350 3373 516 3464 ‚Vatia
539 3429 583 3464 et
604 3421 690 3464 duo
710 3422 793 3465 alii.
818 3425 985 3468 HEINS.

1284 2128 1349 2169 25.
1363 2128 1425 2169 Et
1434 2129 1605 2169 veniunt
1614 2132 1752 2168 oestus.
1777 2126 1893 2167 Tunc
1908 2127 2078 2167 veniunt

1228 2205 1343 2233 unus
1359 2190 1450 2234 Ital.
1470 2187 1644 2233 Combii
1665 2189 1773 2232 liber
1796 2190 2076 2242 Conven1unt,·

1227 2264 1272 2298 et
1298 2256 1526 2299 Barberin.
1560 2261 1745 2312 questus,
1769 2270 1874 2297 nam
1896 2254 1949 2297 de
1969 2262 2075 2298 aestu

1227 2320 1360 2362 animi
1374 2321 1463 2376 jam
1475 2320 1573 2378 egit.
1587 2319 1737 2363 Scribe
1750 2352 1763 2372 ,
1780 2322 1891 2363 Num
1905 2323 2078 2361 veniunt

1227 2394 1397 2442 questus
1412 2399 1428 2438 ‚⁶
1463 2394 1507 2429 et
1540 2385 1752 2442 superiori
1792 2385 2044 2428 hexametro
2057 2416 2070 2438 ,

1229 2455 1340 2495 Num
1356 2455 1532 2496 subeunt
1540 2466 1675 2503 curae,·
1693 2465 1797 2494 nam
1815 2451 1942 2495 multi
1955 2458 2072 2493 vete-

1228 2534 1297 2561 res
1324 2519 1429 2561 Tum
1444 2534 1454 2561 ε
1471 2535 1533 2575 pr.
1557 2517 1650 2561 Pol.
1672 2520 1770 2560 Nec.
1791 2518 1850 2560 H.
1860 2519 2070 2559 ——AEstus.

1228 2582 1560 2629 sollicitudines.
1579 2581 1730 2639 Virgil.
1744 2581 1920 2624 AEneid.
1940 2581 2066 2632 VIII,

1227 2663 1286 2689 vs.
1310 2663 1374 2705 19,
1394 2664 1544 2703 magno
1564 2663 1752 2691 curarum
1756 2648 1943 2701 fluctuat
1955 2652 2068 2686 aeslu.

1281 2714 1347 2756 26.
1372 2716 1550 2757 Jactati.
1578 2714 1742 2754 Versata·
1765 2711 1854 2754 'duo
1874 2709 1998 2754 codd.
2021 2718 2070 2752 ut

1227 2778 1381 2826 Amor.
1401 2778 1472 2821 lib.
1493 2779 1537 2830 1,
1564 2776 1632 2819 El.
1649 2789 1707 2829 11,
1728 2791 1838 2819 vers.
1858 2777 1907 2828 43
1930 2783 1974 2816 et
1987 2774 2067 2816 Lu-

1225 2852 1329 2886 cret.
1342 2843 1413 2885 lib.
1430 2842 1490 2894 11,
1513 2858 1569 2884 vs.
1589 2843 1664 2884 35.
1683 2858 1702 2876 «
1718 2839 1954 2883 Textilibus
1973 2840 2067 2883 siin

1225 2909 1416 2964 picturis,
1432 2916 1635 2962 ostroque
1650 2906 1786 2949 ruben
1793 2905 1824 2949 ti
1837 2906 1867 2948 J
1870 2907 2033 2949 actaris.
2045 2924 2069 2944 ³>

1280 2976 1346 3016 28.
1367 2975 1512 3017 Maste·
1519 2977 1643 3027 511ng
1655 2975 1811 3015 doloris
1823 2987 1950 3015 amor.
1966 2972 2068 3015 Ele-

1224 3053 1305 3094 gan
1313 3046 1378 3079 ter
1387 3053 1464 3093 pro
1475 3036 1641 3079 diversa
1649 3035 1832 3079 lectione
1841 3036 2068 3078 Barberin.

1221 3107 1338 3145 casti
1353 3106 1522 3145 doloris.
1543 3100 1765 3144 Leidensis
1778 3133 1790 3154 ,
1812 3105 1928 3144 tacti.
1953 3101 2013 3143 H.

1278 3184 1342 3223 29.
1376 3168 1572 3210 mebana
1582 3174 1822 3221 peremtum.
1851 3166 2069 3207 Cruentum

1221 3232 1415 3288 plerique
1439 3240 1630 3282 veteres3
1654 3229 1781 3273 multi
1804 3229 1935 3272 etiam
1956 3231 2069 3272 trabi

1221 3311 1300 3350 pro
1314 3300 1410 3349 rapi
1428 3311 1552 3337 versu
1571 3295 1780 3351 proximo.
1794 3295 2065 3335 —Thebanan

1222 3360 1548 3413 Andromache,
1569 3359 1656 3402 filia
1671 3359 1884 3414 Eetionis,
1895 3358 2063 3402 Theba-

1220 3439 1321 3466 rum
1342 3424 1387 3466 in
1413 3422 1564 3468 Cilicia
1581 3424 1708 3479 regis.
