2280 3776
299 280 411 349 404

747 283 810 334 Ρ.
876 280 1178 335 OVIDII
1225 279 1608 338 NASONIS

380 397 601 457 Gratius
632 419 692 456 ex
723 396 845 479 ipso
878 395 1030 455 fonte
1057 396 1336 458 bibuntur
1365 423 1552 482 aquae:

294 498 369 556 Et
395 497 566 574 magis
595 495 835 554 adducto
865 518 1090 578 pomum
1122 495 1408 579 decerpere
1435 521 1621 569 ramo,

376 593 559 671 Quam
589 590 655 651 de
687 589 868 650 caelata
900 614 1111 652 sumere
1140 591 1322 665 lance,
1349 594 1518 674 juvat.
2022 628 2076 656 ρο

290 690 368 748 At
396 687 502 747 nisi
531 711 839 770 peccassem
857 734 872 759 ,
899 688 1010 748 nisi
1037 709 1124 747 me
1149 712 1266 749 mea
1299 689 1463 749 Musa
1489 688 1759 767 fugasset,

374 786 546 866 Quod
576 785 716 865 legi,
744 801 836 846 tua
870 810 974 845 vox
1002 786 1341 847 exhibuisset
1371 810 1533 868 opus.

289 885 476 965 thue
502 883 581 943 fui
608 880 829 953 solituS‚
862 881 1126 942 sedissem
1152 883 1386 943 forsitan
1414 907 1560 944 unus

367 978 454 1037 De
484 992 702 1038 centum
731 977 894 1058 judex
924 977 981 1035 in
1008 991 1102 1037 tua
1130 978 1294 1037 verba
1320 977 1467 1038 viris.

287 1073 469 1154 Major
497 1087 549 1132 et
571 1070 854 1154 implesset
884 1072 1183 1155 praecordia
1217 1087 1406 1132 nostra
1436 1071 1691 1156 voluptas
1712 1118 1728 1145 ,
2018 1091 2071 1133 25

369 1171 560 1250 Quum
591 1170 835 1230 traherer
866 1170 1029 1232 dictis
1058 1170 1466 1253 adnueremque
1497 1170 1624 1230 tuis.

284 1268 466 1347 Quem
498 1267 757 1350 quoniam
791 1267 994 1339 fatum,
1025 1267 1184 1327 vobis
1213 1267 1500 1351 patriaque
1526 1265 1730 1327 relictis
1749 1313 1764 1340 ‚

362 1368 514 1426 Inter
539 1367 874 1427 inhumanos
906 1366 1103 1427 maluit
1129 1389 1245 1427 esse
1276 1367 1480 1428 Getas:

281 1464 452 1543 Quod
480 1464 642 1536 licet,
676 1478 741 1523 ut
771 1464 955 1525 videar
984 1479 1163 1524 tecum
1193 1465 1366 1544 magis
1399 1488 1546 1536 esse,
1582 1463 1844 1544 legendo,

360 1562 548 1644 Saepe,
584 1584 804 1643 precor,
835 1560 1007 1620 studii
1038 1561 1270 1644 pignora
1296 1561 1454 1622 mitte
1483 1562 1596 1621 tui:
2012 1583 2066 1624 30

278 1658 662 1742 Exemploque
692 1683 849 1731 men,
882 1658 991 1718 nisi
1021 1659 1334 1738 dedignaris
1367 1658 1425 1718 id
1455 1659 1666 1742 ipsum,

358 1758 530 1817 Utere
557 1781 569 1817 :
598 1755 747 1838 quod
777 1756 944 1817 nobis
975 1756 1179 1817 rectius
1209 1755 1327 1839 ipse
1356 1755 1529 1817 dares.

274 1855 525 1935 Namque
555 1876 655 1931 ego
676 1900 689 1925 ,
722 1854 818 1936 qui
848 1853 987 1936 perii
1012 1855 1122 1935 jam
1155 1853 1368 1936 pridem
1388 1900 1402 1926 ,
1431 1852 1699 1925 Maxime,
1732 1853 1917 1926 vobiS,

353 1950 585 2028 Ingenio
620 1950 773 2010 nitor
798 1975 912 2011 non
941 1951 1170 2034 periisse
1202 1974 1342 2011 meo.

273 2046 466 2107 Redde
500 2048 705 2119 vicem3
739 2071 851 2107 nec‘
869 2071 990 2108 rara
1023 2048 1104 2107 tui
1127 2061 1483 2121 monumenta
1509 2046 1716 2107 laboris
2011 2065 2065 2105 35

352 2143 647 2226 Accipiant
677 2158 907 2215 nostrae,
940 2135 1094 2221 grata
1119 2143 1334 2215 sutura,
1366 2166 1576 2203 manus

269 2239 374 2299 Dic
406 2256 619 2310 tamen,
655 2263 688 2298 o
715 2239 932 2320 juvenis
961 2238 1272 2299 studiorum
1301 2238 1462 2322 plene
1490 2262 1764 2312 meorum,

352 2335 570 2419 Ecquid
598 2335 667 2396 ab
696 2334 786 2394 his
816 2333 954 2417 ipsis
986 2334 1316 2401 admoneare
1345 2336 1494 2397 mei?
1621 2340 1626 2346 ’

264 2434 512 2517 Ecquid,
541 2432 640 2494 ubi
667 2446 765 2492 aut
788 2431 986 2492 recitas
1012 2430 1215 2493 factum
1243 2433 1412 2494 modo
1444 2456 1663 2495 carmen
1690 2436 1907 2508 amicis,

318 2586 382 2613 20.
409 2572 546 2624 Quam
564 2571 617 2613 de
632 2572 755 2613 lance
767 2571 933 2613 coelata.
959 2569 1113 2625 Quam

259 2637 312 2680 de
337 2637 479 2693 aliqua
499 2635 643 2692 patina
662 2667 674 2689 ,
698 2643 742 2678 et
762 2652 859 2678 vase
877 2634 1059 2691 sculpto.

315 2719 380 2744 22.
402 2702 496 2743 Tua
511 2717 607 2744 vox.
625 2700 725 2743 Tua
742 2700 951 2743 recitatio.
967 2700 1114 2744 Multo

261 2769 396 2825 magis
411 2768 531 2812 enim
546 2767 642 2810 viva
655 2783 736 2810 vox
750 2766 969 2810 adficit.—
980 2769 1115 2811 Exhi-

256 2838 426 2877 buisset.
459 2833 559 2876 Hoc
583 2841 671 2886 est,
710 2831 970 2876 audivissem
986 2865 998 2887 ,
1020 2848 1112 2875 non

260 2900 457 2957 legissem
478 2898 727 2942 orationem
748 2907 883 2941 tuam.

312 2964 376 3005 26.
391 2965 506 3005 Dum
518 2964 704 3005 traherer
713 2967 799 3004 lmls·
810 2966 951 3005 dicar.
977 2964 1112 3015 Quum

258 3026 466 3071 Heinsius
486 3026 623 3070 edidit
642 3043 692 3069 ex
714 3027 931 3070 codicibus
948 3041 1110 3083 magno

256 3107 458 3134 numero.
478 3116 532 3124 —
551 3091 708 3147 Quum
727 3092 950 3135 dicentem
966 3100 1007 3134 te
1021 3107 1111 3133 au-

253 3153 411 3210 direm,
429 3157 529 3198 etin
549 3165 623 3199 tua
639 3156 771 3199 verba
785 3165 828 3199 et
842 3155 1109 3199 sententiam

253 3219 496 3264 adducerer
510 3223 593 3266 tuis
616 3222 871 3266 rationibus.

305 3301 372 3342 29.
412 3285 471 3327 Ut
509 3289 659 3328 videar
687 3296 820 3330 tecum
851 3291 989 3342 magar
1017 3301 1107 3328 esse

247 3351 434 3403 legendo.
453 3347 605 3392 Codex
624 3350 832 3407 Scaliger-i
847 3383 860 3404 ‚
882 3353 1098 3406 loquendo,

248 3422 296 3456 ut
333 3422 376 3456 et
418 3412 487 3459 alii
528 3414 732 3460 nonnulli
749 3431 759 3465 ;
795 3415 871 3459 sed
907 3415 1070 3458 frustra
1092 3430 1102 3456 t

1197 2588 1299 2616 mox
1317 2605 1328 2626 ,
1352 2576 1618 2630 exemploque
1633 2578 1737 2619 mei.
1773 2590 1853 2631 pro
1868 2591 1958 2618 meo
1971 2575 2051 2618 de·—

1196 2654 1294 2683 cem
1314 2647 1483 2682 veteres
1499 2671 1512 2693 ‚
1535 2648 1581 2682 et
1604 2639 1756 2683 nostri.

1250 2705 1317 2746 32.
1344 2705 1490 2758 'Quod
1506 2706 1626 2748 nobis
1653 2707 1820 2748 rectius.
1848 2704 2047 2746 Minores

1195 2768 1315 2812 enim
1349 2784 1373 2811 a
1402 2769 1642 2826 majoribus
1671 2778 1820 2826 petere
1850 2768 2045 2825 exempla

1195 2833 1370 2878 debent.
1404 2834 1551 2878 Pom.

1247 2899 1315 2953 34.
1333 2900 1507 2954 Ingenio
1525 2906 1607 2942 ete.
1625 2898 1781 2942 Scribo
1801 2898 1854 2941 ad
1874 2916 1948 2942 vos
1966 2915 2045 2943 sae-

1193 2962 1288 3019 pius
1303 2994 1315 3016 ,
1338 2970 1383 3004 et
1398 2977 1452 3004 eo
1466 2971 1591 3018 pacto
1608 2978 1745 3006 conor
1758 2964 1878 3006 vobis
1895 2965 2045 3007 absen-

1193 3027 1307 3069 tibus
1327 3057 1340 3079 ,
1376 3034 1584 3081 tanquam
1611 3028 1896 3083 praesentibus
1927 3028 2043 3083 frui,

1191 3100 1235 3133 et
1255 3089 1392 3133 videri
1415 3107 1504 3134 esse
1524 3092 1746 3136 vobiscum
1771 3126 1782 3147 ,
1815 3103 1859 3136 et
1890 3094 2045 3136 nonin

1190 3156 1352 3198 exsilio.

1243 3221 1309 3279 39.
1341 3222 1555 3276 Ecque‘bus
1578 3229 1656 3265 aut
1682 3226 1848 3266 recitas.
1878 3224 2046 3278 Ecquid

1187 3287 1423 3328 ube'recitas
1437 3287 1652 3329 nonnulli.
1667 3287 1818 3330 Scribe
1828 3289 2040 3343 Ecquibus

1188 3357 1235 3392 ul
1251 3355 1432 3403 κτήσῃ
1468 3362 1512 3395 et
1537 3368 1653 3409 pone
1685 3351 2037 3409 interrogationis

1186 3423 1339 3457 notam
1359 3425 1456 3471 post
1482 3416 1554 3460 illa
1569 3449 1580 3469 ,
1610 3422 1792 3472 queritur
1817 3423 1892 3460 tua
1921 3432 2034 3458 mens
