2268 3848
425 302 891 360 TRISTIUM
942 303 1112 358 LIB.
1166 303 1215 357 Ι.
1275 303 1529 357 ELEG.
1567 302 1766 357 VIII.
1920 302 1994 378 39

750 589 1148 660 ELEGIA
1192 590 1420 661 VIII.

746 893 1427 950 ARGUMENTUM.

211 1048 435 1105 Queritur
475 1056 605 1106 poeta
625 1082 636 1103 ‚
676 1064 779 1093 eum
798 1082 810 1103 ‚
846 1065 1037 1107 quocum
1062 1049 1138 1093 diu
1169 1049 1441 1095 familiariter
1470 1050 1663 1107 vixerat,
1692 1051 1834 1097 subita
1861 1062 2002 1111 poetae

258 1119 614 1163 consternatione
632 1152 643 1173 ‚
679 1128 723 1163 et
745 1119 876 1164 exsilii
906 1121 1035 1164 ruina
1056 1120 1192 1164 fidem
1217 1130 1419 1165 mutasse.
1448 1121 1557 1165 Mox
1582 1131 1730 1166 tamen
1763 1122 1886 1166 illum
1914 1123 2001 1167 ad-

258 1198 414 1233 monet
430 1221 443 1244 ,
468 1197 517 1233 ut
536 1189 582 1233 in
605 1189 691 1234 fide
714 1199 1000 1248 permaneat,
1029 1206 1115 1249 quo
1135 1192 1232 1248 ejus
1250 1190 1449 1235 officium
1467 1190 1644 1238 laudare
1663 1200 1809 1250 queat.

203 1335 286 1423 IN
315 1377 483 1447 caput
509 1363 616 1426 alta
648 1388 809 1428 suum
841 1365 1100 1428 labentur
1127 1366 1200 1452 ab
1228 1389 1447 1451 aequore
1470 1381 1622 1429 retro

283 1460 539 1524 Flumina
563 1488 575 1535 ;
610 1465 888 1526 conversis
917 1464 1125 1549 Solque
1151 1480 1395 1526 recurret
1421 1466 1613 1550 equis;

201 1559 372 1620 Terra
400 1561 537 1623 feret
567 1561 789 1633 stellas';
824 1562 1016 1624 caelum
1047 1561 1290 1624 findetur
1316 1577 1497 1624 aratro
1522 1587 1536 1635 ;

285 1657 451 1719 Unda
481 1658 638 1720 dabit
665 1658 910 1720 flammas
930 1707 943 1731 ‚
978 1673 1033 1720 et
1064 1659 1219 1720 dabit
1246 1659 1391 1740 ignis
1414 1683 1619 1744 aquas3

206 1751 411 1813 Omnia
437 1768 646 1815 naturae
674 1769 1007 1838 praepostera
1034 1753 1252 1834 legibus
1282 1754 1480 1826 ibunt;

284 1849 530 1934 Parsque
561 1876 719 1912 suum
750 1852 944 1912 mundi
974 1851 1125 1913 nulla
1156 1851 1369 1914 tenebit
1396 1853 1528 1914 iter:

206 1947 409 2009 Omnia
436 1949 546 2031 jam
573 1949 708 2010 fient
728 1997 743 2022 ‚
779 1950 894 2011 fieri
929 1974 1050 2034 quae
1079 1974 1243 2034 posse
1273 1951 1573 2031 negabam,

284 2044 360 2103 Et
386 2044 525 2105 nihil
555 2062 661 2118 est,
693 2046 760 2107 (le
793 2071 905 2130 quo
931 2071 1045 2107 non
1075 2047 1149 2108 sit
1175 2046 1430 2109 habenda
1458 2047 1611 2108 fides,

202 2138 336 2201 Haec
363 2163 467 2220 ego
498 2142 769 2202 vaticinor
787 2188 802 2214 ‚
837 2143 965 2226 quia
994 2166 1120 2204 sum
1149 2143 1415 2228 deceptus
1437 2145 1509 2205 ab
1538 2144 1666 2215 illo,
1895 2229 1900 2233 .

284 2240 554 2301 Laturum
581 2241 782 2302 misero
814 2266 979 2325 quem
1006 2242 1144 2302 mihi
1174 2242 1337 2303 rebar
1366 2266 1546 2327 opem.
1954 2275 2001 2301 u·

203 2336 453 2398 Tantane
481 2352 560 2410 te,
593 2336 755 2399 fallax
773 2386 789 2409 ,
821 2363 1014 2422 cepere
1042 2338 1250 2399 oblivia
1278 2340 1504 2399 nostri?

287 2433 660 2496 Adflictumne
686 2436 793 2496 fuit
822 2448 1010 2496 tantus
1035 2436 1186 2496 adire
1215 2427 1438 2518 pudor?

210 2531 291 2590 Ut
318 2554 499 2614 neque
522 2533 821 2617 respiceres
838 2581 853 2605 ‚
884 2555 984 2594 nec
1013 2532 1249 2594 solarere
1270 2534 1535 2615 jacentem
1554 2582 1569 2605 ‚

289 2629 442 2690 Dure
470 2633 483 2690 !
515 2654 615 2691 nec
645 2629 928 2714 exsequias
956 2652 1355 2714 prosequerere
1383 2633 1568 2693 meas?

207 2723 356 2786 Illud
381 2725 634 2787 amicitiae
663 2741 911 2788 sanctum
942 2750 1005 2788 ac
1033 2727 1341 2790 venerabile
1371 2753 1574 2791 nomen
1956 2749 2004 2791 μ’»

265 2886 281 2911 ι
290 2902 300 2912 .
314 2870 494 2912 Insuum
507 2877 645 2925 caput.
660 2869 807 2927 Caput
817 2870 976 2915 dicitur
986 2869 1066 2914 ssu-

206 2932 339 2977 minis
349 2934 485 2991 origo.
498 2937 585 2977 Hic
595 2937 705 2977 mibi
717 2950 872 2990 magna
883 2938 1031 2978 domus
1047 2949 1064 2988 ,·

204 3001 332 3042 ce‘lslk·
342 3003 650 3055 coputurbibus
662 3003 769 3048 etit,
785 3000 823 3039 V
827 3000 905 3057 irg.
917 2999 1034 3043 VIII
1047 3032 1059 3049 ,

206 3064 278 3118 65,
291 3063 344 3108 de
357 3063 543 3108 caeruleo
554 3065 694 3108 Tibri.
707 3065 764 3108 Et
777 3066 939 3109 Noster
950 3066 1061 3108 Met.

208 3131 254 3175 ΙΙ
267 3163 280 3186 ,
299 3147 360 3176 vs.
377 3134 480 3187 254:
497 3149 518 3169 α
535 3132 662 3176 Nilus
675 3132 719 3175 in
731 3141 977 3176 extremum
996 3131 1062 3174 fu-

208 3195 270 3253 git
297 3197 554 3254 perterritus
571 3198 749 3252 orbem,
770 3197 1065 3255 occuluitque

206 3270 359 3319 caput,
376 3262 491 3319 quod
506 3262 648 3306 adhuc
662 3263 779 3307 latet.
796 3282 815 3300 υ
827 3266 932 3307 —In
946 3281 1067 3307 suum

206 3335 346 3383 caput.
369 3327 574 3372 Inductio
594 3337 659 3372 est
671 3362 684 3384 ‚
709 3346 760 3372 ex
784 3329 835 3372 iis
864 3339 1067 3375 constans

208 3409 305 3451 quae
320 3394 415 3439 fieri
431 3405 675 3453 nequeunt.
688 3397 1066 3454 P.—Expressisse

211 3459 386 3505 videtur
419 3461 582 3506 Noster
620 3462 843 3520 Euripidis
875 3472 1067 3510 senten-

1149 2871 1253 2914 tiam
1281 2872 1327 2915 in
1353 2871 1518 2916 Medea
1535 2906 1546 2927 ‚
1581 2872 1655 2916 ubi
1677 2871 1872 2930 loquitu,-
1891 2873 2007 2917 cho-

1147 2947 1223 2981 rus
1256 2953 1266 2981 z
1299 2957 1321 2976 «
1354 2933 1447 2986 Α”νω
1480 2951 1661 2995 ποταμῶν
1696 2945 1804 3002 iupis,
1838 2950 2008 3002 χωροῦςε

1147 3009 1270 3060 παγαὶ
1285 3037 1298 3060 ,
1322 3011 1404 3050 Καὶ
1418 3010 1505 3050 δίκα
1519 3038 1531 3059 ,
1550 3012 1616 3050 καὶ
1636 3006 1758 3049 πάντα
1773 3005 1884 3049 πάλιν
1902 3009 2007 3069 ’κρέ’

1148 3089 1270 3127 feroce.

1208 3152 1222 3177 1
1233 3152 1270 3177 2.
1281 3137 1600 3192 Adflw'clumque.
1614 3135 1739 3178 Malo
1750 3137 1796 3179 A
1797 3139 2008 3194 afflictum-

1146 3216 1209 3242 nc.
1225 3199 1392 3244 Hssms.
1404 3225 1459 3233 —
1469 3203 1614 3244 Pudor
1627 3217 1640 3243 :
1653 3201 1723 3243 alii
1744 3206 1877 3246 timor.

1207 3282 1223 3307 1
1232 3268 1268 3308 5.
1282 3266 1328 3308 A
1329 3270 1500 3309 mtkilioe·
1507 3275 1699 3309 sanctum
1712 3275 1756 3310 et
1771 3271 2008 3312 venerabile

1147 3348 1308 3375 nomen.
1326 3335 1547 3388 Quondam
1568 3337 1803 3377 venerabile
1824 3335 2002 3391 quidam

1147 3406 1344 3452 veteres,
1367 3408 1411 3442 et
1437 3416 1587 3443 numen
1610 3399 1720 3443 liber
1748 3400 1869 3443 Petri
1890 3401 2006 3444 Ser-

1148 3464 1237 3522 vii,
1260 3474 1310 3510 ut
1325 3466 1458 3512 Pont.
1470 3466 1544 3512 lib.
1560 3467 1605 3512 11
1621 3499 1633 3524 ,
1651 3467 1718 3511 El.
1742 3480 1799 3511 111
1815 3499 1828 3523 ,
1851 3483 1911 3510 vs,
1931 3482 2003 3526 19:
