2280 3776
450 402 562 457 EX
602 400 912 457 PONTO
951 402 1112 456 LIB.
1158 402 1289 456 ΙΙΙ.
1336 401 1611 459 EPIST.
1657 404 1703 457 Ι.

1866 406 1969 480 373

203 515 478 600 Exposuit
503 540 620 578 mea
651 540 735 578 me
764 515 979 600 populo
1006 516 1224 577 fortuna
1255 518 1546 581 videndum
1566 567 1582 594 ‚

286 613 359 673 Et
385 611 510 695 plus
539 612 779 685 notitiae‚
808 636 971 696 quam
1002 612 1109 672 {uit
1136 628 1263 675 ante
1282 661 1297 687 ‚
1329 615 1495 676 dedit.
1925 633 1978 675 50

203 711 405 773 Notior
431 725 510 772 est
538 710 715 772 factus
745 711 1032 819 Capaneus
1058 733 1087 770 a
1115 710 1361 774 fulminis
1392 714 1544 787 ictu13

283 808 465 868 Notus
495 806 664 867 humo
691 805 882 867 mersis
912 805 1280 889 Amphiaraus
1303 810 1490 892 equis·
1479 858 1492 880 ‚

205 905 262 965 Si
290 905 472 965 minus
499 919 760 986 errasset,
793 919 959 965 notus
989 904 1171 966 minus
1193 921 1337 966 esset
1371 906 1623 989 Ulysses·
1611 955 1625 980 ,

284 1002 490 1081 Magna
522 1001 843 1062 Philoctetae
873 1001 1096 1063 vnlnere
1127 1002 1267 1064 sama
1297 1026 1400 1064 suo
1431 1019 1530 1065 est.

203 1096 262 1156 Si
292 1097 446 1160 locus
476 1114 560 1160 est
587 1097 786 1183 aliquis
815 1113 963 1160 tanta
991 1099 1138 1159 inter
1165 1100 1386 1160 nomina
1416 1101 1623 1184 parvis,
1926 1118 1979 1160 55

282 1194 400 1254 Nos
431 1217 651 1278 quoque
682 1194 1009 1278 conspicuos
1036 1210 1224 1257 nostra
1251 1196 1408 1257 ruina
1436 1196 1582 1258 facit.

204 1290 316 1350 Nec
352 1303 404 1350 te
433 1290 629 1350 nesciri
658 1290 869 1373 patitur
895 1314 1012 1352 mea
1040 1290 1275 1374 pagina3
1308 1316 1414 1375 qua
1443 1316 1560 1353 non

277 1384 515 1447 Inferius
547 1387 660 1449 Coa
682 1387 903 1448 Battide
932 1411 1130 1448 nomen
1166 1387 1349 1449 habes.

203 1482 487 1567 Quicquid
521 1509 647 1564 ages
676 1485 876 1564 igitur,
910 1509 1070 1547 scena
1100 1485 1414 1569 spectabere
1446 1510 1673 1566 magna3

284 1581 357 1640 Et
385 1582 473 1664 pia
501 1606 614 1643 non
642 1584 824 1667 parvis
851 1584 1085 1645 testibus
1116 1607 1256 1643 uxor
1286 1583 1409 1643 eriS.
1921 1601 1977 1643 oo

206 1676 379 1738 Crede
407 1678 574 1750 mihi;
613 1680 829 1762 quoties
860 1679 1099 1741 laudaris
1130 1680 1369 1741 carmine
1398 1695 1627 1754 nostr0,

287 1773 427 1852 Quae
456 1771 591 1852 legit
617 1775 716 1835 has
746 1774 962 1846 laudeS‚
992 1798 1061 1834 an
1088 1798 1351 1847 mereare,
1384 1791 1558 1853 rogat.

204 1869 392 1954 thue
422 1871 600 1930 favere
627 1894 751 1931 reor
782 1871 968 1953 plures
997 1871 1298 1930 virtutibus
1328 1871 1473 1943 istis,

283 1965 372 2026 Sic
406 1979 499 2026 tua
531 1990 647 2026 non
680 1989 863 2049 paucae
892 1989 1115 2049 carpere
1144 1966 1286 2026 facta
1317 1965 1517 2026 volent.

201 2060 387 2140 Quare
405 2108 421 2135 ‚
452 2076 512 2124 tu
543 2077 773 2146 praesta,
805 2086 874 2123 ne
904 2062 1046 2123 livor
1073 2063 1251 2124 dicere
1279 2062 1460 2145 possit
1485 2086 1499 2122 ε
1924 2080 1978 2123 65

203 2227 311 2268 ἔικτον
333 2255 345 2278 ,
381 2222 498 2280 quod
530 2224 868 2269 commentatori
895 2225 1048 2282 impo-

202 2288 335 2334 suim
357 2289 544 2334 videtur.
566 2290 734 2335 MlcYL.

255 2345 322 2414 49⁹.
330 2355 543 2410 Exposuit
550 2365 696 2399 meme!
700 2373 811 2411 popu
815 2355 1051 2412 lisfhrtuna

203 2422 435 2463 videndum.
459 2423 619 2476 Populo
641 2421 814 2477 scripti;
844 2423 1054 2476 Exposuit

204 2487 321 2528 mala
336 2488 490 2541 populo
510 2487 689 2544 Argent.
716 2485 892 2542 quidam
910 2501 1048 2530 meme.

207 2549 356 2594 Scribe
374 2566 383 2593 :
399 2569 419 2588 «
441 2549 650 2609 Exposuit
673 2567 770 2594 mea
795 2567 863 2594 me
889 2551 1049 2608 populo

203 2614 385 2660 fortuna
403 2616 655 2661 videndum.
674 2636 695 2655 »
714 2617 775 2661 H.

261 2685 326 2726 50.
356 2683 418 2724 Et
442 2684 558 2726 dedit
570 2687 671 2738 plus
693 2686 858 2726 notitae.
886 2681 945 2725 Et
971 2681 1051 2724 tri-

204 2745 301 2790 huit
315 2745 423 2790 mihi
445 2747 538 2805 plus
559 2747 687 2791 famae
706 2765 715 2792 :
738 2763 807 2791 me
824 2747 942 2791 enim
961 2747 1050 2791 haec

206 2815 306 2856 me'a
330 2813 547 2857 calamitas
573 2815 709 2871 magis
734 2823 892 2858 notum
919 2812 1047 2868 fecit,

207 2877 338 2933 quam
355 2879 474 2936 prius
493 2878 668 2922 fuerim.

265 2946 329 2986 51.
350 2945 499 2987 Notior
511 2945 728 3000 estfactus
745 2946 976 2999 Capaneus.
987 2945 1052 2986 Es

194 3005 349 3057 sactus
368 3008 565 3063 Capaneu
581 3009 689 3052 alter
703 3009 920 3052 Medonii.
937 3009 995 3051 H.

265 3073 329 3114 52.
359 3073 495 3117 Notus
518 3075 641 3116 humo
670 3079 816 3117 mersis
841 3075 1052 3130 Amphia-

209 3153 309 3181 raus
333 3141 461 3194 equt's.
486 3139 738 3198 Amphiarai
757 3141 949 3184 fabulam
971 3157 1050 3184 re-

208 3202 299 3246 fert
320 3202 542 3247 Diodorus
563 3220 573 3247 :
595 3214 639 3247 et
665 3221 744 3248 nos
768 3206 815 3248 in
838 3204 1052 3249 Ovidium

212 3270 266 3314 de
299 3270 407 3314 Arte
439 3269 628 3314 amandi.
655 3294 709 3303 —
733 3273 889 3314 ffirsis
919 3275 1052 3316 humo.

213 3336 364 3380 Terrae
378 3337 496 3380 enim
511 3336 630 3380 hiatu
645 3336 936 3394 Amphiaraus
950 3353 1053 3381 cum

213 3401 335 3458 equis
356 3410 400 3445 et
417 3418 549 3445 curru
569 3403 792 3459 absorptus
809 3411 884 3446 est.

268 3468 334 3524 57.
347 3469 447 3521 Qua·
461 3483 555 3510 non.
573 3469 667 3522 Qua
674 3484 756 3510 non
766 3483 866 3511 cum
876 3466 1054 3524 scriptis.

273 3531 336 3573 58.
358 3533 446 3574 Coa
464 3533 649 3576 Battide.
657 3530 877 3595 Philetas,
893 3547 942 3575 ex
960 3531 1055 3576 Coo

1129 2224 1269 2269 insula
1285 2215 1498 2269 oriundus
1515 2258 1526 2279 ,
1549 2240 1681 2282 quem
1700 2224 1859 2269 Strabo
1879 2226 1979 2270 alio·

1131 2307 1231 2334 rum
1253 2291 1513 2347 scriptorum
1543 2291 1732 2347 judicem
1757 2293 1977 2336 severissi-

1131 2351 1254 2398 mum
1276 2354 1407 2398 fuisse
1426 2354 1581 2407 tradit,
1606 2355 1779 2399 Battida
1793 2357 1978 2413 amavit,

1132 2429 1176 2463 et
1198 2435 1296 2462 eam
1318 2419 1510 2463 carmine
1534 2419 1734 2462 laudavit.

1187 2487 1253 2545 59.
1269 2486 1403 2528 Scena
1416 2502 1579 2539 magna.
1598 2485 1765 2543 Magno
1779 2485 1949 2531 theatro
1961 2519 1974 2541 ,

1129 2559 1173 2594 et
1192 2550 1427 2594 hominum
1445 2550 1705 2608 frequentia.

1184 2617 1251 2659 50.
1266 2618 1361 2659 Non
1368 2616 1724 2671 paucztr'testibus.
1735 2617 1853 2674 Quia
1867 2618 1975 2660 mul-

1130 2690 1195 2725 tos
1209 2682 1385 2727 habebis
1402 2692 1529 2727 testes
1543 2692 1630 2727 tuae
1648 2701 1749 2742 erga
1770 2701 1841 2728 me
1857 2684 1977 2728 fidei.

1130 2748 1342 2791 -Parvis
1373 2753 1557 2792 testibus.
1595 2749 1681 2792 Alii
1702 2756 1880 2804 paucis,
1874 2766 1884 2775 ·
1913 2749 1976 2792 nil

1130 2823 1252 2857 muta
1282 2831 1292 2858 ε
1321 2814 1380 2858 sic
1403 2815 1568 2858 Fastor.
1591 2815 1683 2870 IV,
1714 2817 1824 2859 203:
1846 2832 1977 2872 «pro

1130 2895 1287 2936 magna
1308 2887 1415 2922 teste
1432 2888 1619 2924 vetustas
1636 2879 1886 2924 Creditur.
1887 2882 1972 2924 H.

1132 2930 1440 2999 Pannquidem
1455 2952 1500 2986 et
1513 2961 1654 3000 magm
1653 2948 1793 2987 testes
1805 2945 1971 3000 optime

1132 3006 1351 3050 dicuntur·
1343 3007 1665 3062 .sedpauc1·shic
1678 3007 1971 3062 reddendum,

1132 3081 1310 3130 propter
1345 3073 1606 3116 sententiam
1639 3090 1788 3116 versus
1806 3074 1979 3130 prioris.

1134 3139 1284 3182 Aocr.
1305 3149 1462 3182 ncnc-r.
1483 3150 1556 3181 ΕΤ.
1572 3138 1719 3181 Nostri
1737 3171 1748 3192 ‚
1764 3142 1920 3192 parvis.

1186 3203 1252 3246 52.
1277 3204 1365 3256 Qui
1374 3205 1489 3258 legit.
1506 3201 1783 3246 Francofurt.
1803 3203 1905 3256 Quae
1921 3204 1977 3244 lc·

1130 3272 1196 3324 git
1208 3282 1223 3320 ‚·
1246 3283 1339 3310 non
1362 3267 1473 3310 male
1487 3300 1499 3322 ‚
1522 3275 1571 3310 ut
1591 3276 1686 3324 agat
1706 3266 1760 3310 de
1779 3265 1979 3308 mulieri-

1133 3334 1236 3387 bus,
1259 3347 1356 3388 quae
1375 3331 1558 3375 aliarum
1571 3331 1722 3376 laudes
1731 3348 1822 3375 non
1837 3331 1981 3374 liben-

1136 3408 1203 3444 ter
1222 3399 1405 3455 legunt,
1437 3397 1514 3441 sed
1541 3397 1695 3453 cupide
1723 3397 1978 3440 detrectant.

1136 3467 1195 3509 Et
1214 3466 1277 3508 ita
1295 3481 1378 3508 non
1390 3480 1544 3519 paucoe
1563 3465 1771 3521 sequitur.

1193 3531 1258 3574 65.
1287 3531 1468 3586 Quarum
1481 3535 1701 3586 tupraesla.
1712 3528 1865 3572 'Scribe
1879 3542 1978 3570 cum
