2280 3776
251 377 355 412 200
700 362 762 413 P.
821 359 1121 416 OVIDII
1175 362 1550 421 NASONIS

245 474 323 531 Ut
352 473 548 544 cecidi,
583 473 751 533 subiti
783 497 982 556 perago
1009 479 1277 558 praeconia
1306 503 1493 552 casm,

325 572 563 652 Sumque
589 572 890 649 argumenti
922 574 1172 635 conditor
1199 576 1314 659 ipse
1343 577 1464 636 mei.
1953 610 2001 637 w

244 668 427 748 thue
454 668 634 747 jacens¹
658 668 805 750 ripa,
838 669 1030 729 deflere
1061 672 1343 754 Caystrius
1371 673 1480 733 ales

324 763 540 822 Dicitur
570 788 663 823 ore
694 788 844 825 suam
877 765 1155 828 deficiente
1183 792 1400 829 necem:

242 856 330 914 Sic
358 880 460 934 ego
479 904 494 927 ‚
526 858 845 920 Sarmaticas
869 859 1030 938 longe
1057 863 1334 943 projectus
1360 861 1418 920 in
1444 884 1566 921 oras
1585 906 1601 934 ,

319 951 513 1012 Efficio
547 955 769 1014 tacitum
797 976 865 1013 ne
896 956 1031 1015 mihi
1055 956 1219 1018 funus
1249 972 1351 1017 eat.

239 1047 476 1108 Delicias
508 1048 553 1107 si
583 1049 734 1131 quis,
769 1049 1074 1132 lascivaque
1106 1051 1341 1111 carmina
1374 1050 1597 1132 quaerit,
1955 1069 2004 1111 15

321 1145 633 1206 Praemoneo
664 1171 946 1229 nunquam
976 1147 1178 1231 scripta
1207 1147 1354 1230 quod
1384 1148 1487 1207 ista
1517 1147 1674 1225 legat.

239 1241 446 1322 Aptior
476 1243 603 1302 huic
638 1242 859 1315 Gallus,
891 1243 1191 1326 blandique
1219 1245 1538 1327 Propertius
1569 1245 1706 1318 oriS,

316 1336 546 1419 Aptior,
578 1337 856 1415 ingenium
886 1362 1063 1411 come,
1089 1338 1346 1399 Tibullus
1376 1340 1494 1400 erit.

289 1494 329 1535 9.
353 1479 511 1531 Perago
527 1481 749 1531 proecom‘a.
773 1479 882 1521 Sum
910 1494 1049 1533 praeco
1064 1512 1076 1533 ,

237 1549 281 1583 et
300 1541 660 1584 scribo.—-Sub12i
673 1558 812 1585 casus.
830 1543 994 1585 Subitae
1006 1560 1077 1586 re-

232 1604 468 1662 legationis.
492 1606 619 1649 MER.

293 1690 307 1714 1
316 1689 353 1714 ο.
368 1673 540 1727 Sumque
553 1677 787 1728 argumenti
794 1675 994 1715 conditor.
1010 1673 1076 1729 Ip-

232 1747 371 1781 semet
395 1737 502 1781 mihi
534 1739 760 1782 materiam
789 1739 842 1782 ad
873 1739 1075 1782 scriben—

234 1805 340 1847 dum
368 1805 658 1861 subpeditavi;
696 1805 763 1848 alii
794 1805 964 1849 aliunde
993 1822 1075 1848 su—

234 1880 361 1913 munt
381 1889 391 1924 ;
434 1872 640 1927 quoniam
678 1872 927 1915 calamitatis
967 1887 1076 1914 meae

235 1951 367 1991 quam
395 1936 597 1992 deploro,
628 1937 765 1979 habeo
794 1946 951 1992 praeter
977 1953 1073 1990 me,

236 2009 455 2044 auctorem
478 2001 716 2043 neminem.
733 2002 877 2044 PON'r.

291 2083 309 2110 1
322 2083 335 2107 1
346 2100 354 2108 .
365 2069 581 2122 Caystrius
595 2068 698 2108 ales.
716 2065 890 2123 Cycnus
902 2065 954 2107 ad
966 2063 1076 2124 Cay-

235 2141 373 2175 strum
395 2132 579 2175 fluvium
596 2131 833 2187 pervolans.

293 2215 353 2239 12.
381 2198 462 2239 Ore
481 2200 700 2253 deficiente.
724 2196 967 2239 Deficiente
989 2196 1075 2252 spir

233 2264 321 2307 ritu
337 2296 348 2316 ,
379 2263 446 2305 vel
474 2263 911 2317 corpore.--I)1‘c1'lur
933 2265 1078 2317 deflere

233 2345 352 2371 suam
364 2343 513 2370 necem.
526 2323 698 2369 Dicitur
707 2327 874 2382 plorare
885 2336 1075 2370 mortem
1101 2328 1104 2332 ’

234 2409 372 2443 suam;
385 2391 501 2448 quod
517 2392 643 2434 docet
656 2391 786 2434 etiam
809 2392 1073 2447 Aristoteles,

233 2457 286 2500 de
302 2458 465 2499 Natura
477 2455 731 2498 animalium
745 2456 854 2499 libro
865 2473 996 2499 nono,
1014 2457 1074 2500 At

233 2521 340 2565 mihi
356 2537 496 2576 neque
513 2520 604 2563 aliae
622 2536 718 2563 aves
734 2537 821 2577 prae
840 2521 987 2564 dolore
1009 2522 1076 2563 vi-

237 2585 398 2628 dentur
421 2600 576 2627 canere
598 2616 610 2638 ‚
648 2601 788 2640 neque
824 2585 945 2643 cycni
967 2603 978 2629 :
998 2585 1075 2628 sed

237 2650 336 2705 quia
352 2649 516 2692 Phoebo
533 2649 637 2692 sacri
653 2658 777 2702 sunt,
800 2658 847 2692 ut
864 2650 1050 2692 arbitror
1061 2683 1072 2704 ,

234 2713 497 2756 divinatione
521 2713 710 2769 praediti,
734 2714 992 2769 praesagiunt
1013 2714 1076 2756 al-

235 2778 368 2821 terius
390 2778 486 2820 vitae
507 2779 621 2821 bona
635 2793 644 2819 :
660 2777 843 2834 ideoque
871 2788 1072 2833 cantant,

234 2844 498 2899 alacriusque
531 2844 719 2899 gestiunt
743 2861 794 2887 ea
816 2844 908 2900 die,
943 2860 1074 2901 quam

234 2909 443 2966 superiori
462 2918 670 2964 tempore.
692 2910 820 2951 RIER.

295 2978 354 3028 14.
386 2977 448 3018 Ne
460 2975 611 3029 fimus.
635 2977 701 3019 Ne
732 2976 937 3032 relegatio
962 2992 1073 3019 mea.

236 3040 323 3080 Eat
330 3042 627 3083 mihz'tacitum.
641 3040 682 3083 A
698 3057 766 3083 me
780 3041 949 3085 silentio
965 3054 1074 3097 prae-

235 3113 438 3147 tereatur.
455 3104 559 3160 Vel,
579 3122 635 3149 ne
651 3106 770 3162 quasi
783 3121 956 3149 summo
971 3121 1073 3149 cum

235 3167 403 3211 silentio
422 3169 536 3211 diem
560 3186 708 3212 meum
730 3170 895 3213 obeam.
917 3170 1044 3213 MER.

295 3232 356 3272 16.
402 3236 635 3276 Praemoneo
673 3251 878 3290 nunquam
917 3239 1074 3289 scrtjola

234 3297 346 3351 quod
359 3299 443 3337 ista
456 3300 577 3351 legal.
601 3299 699 3341 Non
722 3300 820 3341 satis
841 3298 1072 3341 Latinum:

236 3376 315 3415 pro
327 3376 532 3414 nunquam
549 3378 610 3416 pr.
630 3363 822 3406 Vatican.
845 3380 907 3418 pr.
923 3363 1011 3406 Pal.
1030 3371 1073 3404 et

237 3422 402 3464 Richel.
420 3432 573 3465 nostra.
590 3423 860 3479 Castigabam
877 3426 1073 3480 aliquan-

236 3487 321 3532 do:
345 3506 365 3526 «
389 3490 647 3533 Praemoneo
671 3506 896 3547 nunquam
916 3491 1072 3546 scripta

1159 1479 1261 1534 quid
1277 1478 1354 1522 ista
1374 1479 1486 1536 legat
1498 1512 1509 1534 ,
1528 1479 1627 1523 »vel
1648 1495 1847 1535 nusquam
1864 1493 1880 1532 ,⁶
1898 1487 1948 1524 ut
1959 1483 2002 1524 τὲ

1158 1555 1205 1587 ut
1220 1544 1563 1601 subintelligatur
1574 1578 1586 1599 ,
1605 1549 1646 1589 τὲ
1660 1549 1762 1601 quid
1772 1545 2002 1590 redundet.

1160 1608 1453 1665 Capoferreus
1468 1626 1538 1653 me
1553 1611 1760 1653 monebat
1773 1610 1908 1653 videri
1921 1610 2003 1654 sibi

1155 1673 1390 1730 legendum
1415 1690 1424 1717 :
1443 1692 1464 1711 «
1482 1675 1742 1718 Praemoneo
1772 1691 2001 1731 nunquam

1158 1739 1317 1783 Tristia
1351 1749 1500 1783 nostra
1531 1739 1656 1797 legat.
1671 1759 1692 1779 »
1724 1741 1825 1784 Non
1854 1742 1965 1784 male
1987 1758 1998 1785 z

1156 1804 1236 1847 nisi
1259 1804 1373 1859 quod
1397 1821 1543 1848 versus
1563 1803 1632 1848 hic
1652 1804 1759 1847 mihi
1781 1821 1860 1861 pro
1881 1803 2001 1847 Ovi-

1157 1870 1287 1912 diano
1307 1886 1397 1912 non
1420 1879 1504 1924 est,
1522 1879 1572 1914 ut
1593 1887 1673 1914 nec
1693 1870 1761 1914 ille
1775 1903 1787 1924 ,
1808 1871 1879 1926 qui
1901 1887 2001 1913 mox

1155 1936 1363 1991 sequitur.
1397 1937 1456 1979 H.
1478 1960 1530 1968 —-
1554 1938 1699 1979 Versu
1725 1935 1831 1990 hoc,
1865 1940 1996 1992 quod,

1157 2008 1231 2042 aut
1251 2015 1479 2055 perperam
1500 1999 1585 2043 huc
1599 2000 1817 2056 irrepsisse
1838 1999 1997 2051 cred‘o;

1157 2074 1229 2106 aut
1245 2080 1358 2106 novo
1377 2073 1503 2120 atque
1517 2065 1721 2107 inusitato
1734 2064 1867 2107 modo
1884 2098 1895 2117 ,
1918 2081 2001 2121 pro

1156 2136 1214 2177 ut,
1243 2128 1429 2183 positum
1451 2144 1540 2171 esse
1555 2161 1566 2182 ,
1585 2128 1818 2171 dicendum
1839 2137 1914 2173 est.
1931 2128 2000 2170 M.

1217 2195 1276 2236 18.
1293 2193 1338 2235 A
1339 2199 1433 2248 lque
1447 2197 1543 2244 alii,
1561 2210 1726 2250 quorum
1737 2198 1903 2236 nomina
1915 2209 2002 2235 ma-

1150 2274 1236 2312 gna
1247 2261 1397 2312 vfigent.
1420 2259 1509 2301 Pro
1529 2274 1615 2313 quo
1637 2258 1764 2314 prim.
1785 2258 1912 2301 Polit.
1932 2274 1998 2314 pr.

1158 2321 1248 2366 Pal.
1265 2338 1329 2378 pr.
1346 2323 1485 2365 Vatic.
1505 2331 1549 2365 et
1563 2331 1750 2378 quatuor
1764 2320 1833 2364 alii
1848 2339 1897 2365 ex
1910 2337 2000 2364 me-

1155 2386 1333 2429 lioribus
1347 2386 1508 2442 optime
1522 2403 1532 2430 :
1544 2404 1566 2424 «
1580 2387 1757 2444 Aptior,
1771 2387 2000 2443 ingenium

1156 2467 1278 2495 come
1291 2484 1302 2506 ,
1319 2452 1515 2495 Tibullus
1529 2453 1657 2495 erit.»
1675 2452 1791 2508 Qui,
1808 2452 1913 2508 quin
1928 2468 2000 2508 ge-

1157 2518 1318 2562 nuinus
1345 2519 1398 2561 sit
1418 2518 1547 2574 ipsius
1573 2518 1780 2572 Nasonis,
1811 2517 2000 2561 dubitari

1157 2601 1249 2627 non
1268 2594 1420 2641 potest.
1436 2585 1640 2628 AEmilius
1655 2586 1823 2628 Probus
1835 2585 1878 2627 in
1893 2584 2000 2627 Dio-

1157 2667 1269 2694 nez«
1281 2651 1400 2695 Dion
1427 2661 1595 2702 autem,
1618 2661 1774 2708 praeter
1802 2651 1996 2694 nobilem

1156 2716 1541 2773 propinquitatem,
1552 2731 1890 2774 generosamque
1901 2731 1997 2757 ma-

1156 2781 1302 2835 jorum
1314 2781 1475 2824 famam
1492 2814 1504 2835 ,
1523 2781 1657 2824 multa
1675 2781 1754 2822 alia
1773 2781 1825 2822 ab
1839 2789 1996 2823 natura

1156 2844 1306 2887 habuit
1318 2845 1431 2887 bona
1445 2861 1455 2886 z
1469 2845 1512 2886 in
1527 2844 1591 2888 his
1600 2844 1827 2899 ingenium
1839 2843 1993 2898 docile,

1155 2925 1279 2952 come
1289 2942 1300 2962 ‚
1316 2918 1464 2965 aptum
1475 2909 1526 2952 ad
1542 2917 1653 2952 artes
1663 2910 1856 2967 optimas.
1869 2928 1890 2946 »
1905 2909 1995 2951 Ta-

1155 2974 1261 3032 citus
1275 3006 1286 3025 ,
1311 2973 1548 3015 Annalium
1562 2975 1627 3016 VI
1645 2991 1654 3017 ε
1676 2992 1697 3011 «
1719 2974 1995 3016 Artabanum

1155 3038 1334 3096 Scythas
1347 3039 1462 3082 inter
1476 3039 1680 3083 eductum
1691 3072 1702 3093 ,
1718 3041 1773 3082 ob
1786 3040 1994 3083 saevitiam

1154 3103 1376 3157 exsecrati,
1395 3119 1517 3146 come
1541 3104 1746 3148 Tiridatis
1765 3103 1996 3160 ingenium

1155 3167 1376 3210 Romanas
1396 3184 1474 3224 per
1494 3177 1605 3211 artes
1625 3169 1865 3225 sperabant.
1884 3187 1904 3205 υ
1921 3166 1997 3210 Sic

1153 3235 1283 3274 comis
1295 3248 1402 3273 anus
1418 3231 1463 3274 in
1479 3233 1613 3276 Fastis
1627 3250 1637 3284 ;
1656 3237 1785 3276 comis
1795 3236 1934 3275 amica
1949 3240 1993 3274 et

1153 3297 1304 3350 similia
1320 3298 1473 3352 passim
1489 3297 1600 3353 apud
1618 3298 1840 3340 Nostrum.
1863 3295 1993 3339 Cice-

1153 3377 1203 3402 ro
1215 3361 1262 3403 in
1280 3362 1462 3404 Limone
1478 3395 1490 3416 ,
1512 3364 1682 3418 Fragm.
1709 3377 1852 3418 poem.
1877 3378 1898 3397 κ
1919 3360 1991 3402 Tu

1155 3443 1325 3482 quoque
1347 3459 1358 3480 ,
1392 3427 1465 3482 qui
1485 3427 1598 3470 solus
1629 3426 1738 3470 lecto
1760 3441 1987 3478 sermone,

1154 3490 1376 3535 Terenti...
1390 3490 1616 3548 Quidquid
1627 3507 1750 3536 come
1761 3491 1952 3547 loquens.
1967 3505 1990 3527 υ
