2280 3776
437 275 548 330 Ex
589 245 895 328 PON'To
937 273 1103 327 ΜΒ.
1148 273 1283 326 111.
1327 271 1606 328 EPIST.
1654 275 1746 329 lx

1758 317 1822 342 .,
1899 277 2004 347 4ιῦ

298 391 586 470 Corrigere
608 438 623 464 ‚
654 404 708 450 et
735 389 890 469 longi
917 391 1056 451 ferre
1086 388 1294 452 laboris
1319 413 1475 451 onus·
1960 428 2013 454 νυ

220 490 564 551 Scribentem
593 488 744 570 juvat
770 487 888 570 ipse
914 488 1100 559 favor,
1135 488 1448 571 minuitque
1480 487 1723 551 laborem
1750 539 1764 562 ‚

306 588 562 668 Cumque
593 609 695 646 suo
727 606 973 645 crescens
999 599 1223 667 pectore
1250 585 1424 645 fervet
1453 610 1610 669 opus.

227 683 513 762 Corrigere
545 698 600 742 at
627 705 714 743 res
743 696 828 743 est
855 695 1012 741 tanto
1043 681 1222 760 magis
1248 682 1448 755 ardua,
1482 700 1692 767 quanto

309 780 549 856 Magnus
577 776 903 837 Aristarcho
927 776 1105 858 major
1134 778 1412 839 Homerus
1444 794 1576 841 erat.

231 874 322 933 Sic
353 874 593 933 animum
621 872 769 934 lento
800 896 1054 934 curarum
1080 871 1286 951 frigore
1316 872 1465 935 laedit
1485 922 1498 946 ‚

310 974 391 1032 Ut
420 971 606 1055 cupidi
634 996 827 1032 cursor
855 972 1020 1032 fraena
1049 985 1287 1032 retentat
1312 971 1460 1055 equi.

230 1069 416 1152 Atque
449 1069 525 1130 ita
552 1070 627 1129 Di
657 1070 818 1131 mites
845 1068 1098 1129 minuant
1127 1067 1263 1130 mihi
1295 1068 1527 1130 Caesaris
1556 1070 1721 1142 iram,

316 1168 569 1249 Ossaque
599 1181 790 1249 pacata
819 1181 1009 1227 nostra
1039 1180 1296 1246 tegantur
1319 1166 1524 1237 humo;

232 1262 313 1321 Ut
341 1262 505 1335 mihi,
537 1263 760 1323 conanti
789 1286 1192 1346 nonnunquam
1222 1263 1504 1323 intendere
1535 1286 1724 1334 ειη-35,

312 1361 570 1420 Fortunae
597 1361 806 1443 species
839 1361 1028 1421 obstat
1057 1360 1252 1420 acerba
1282 1383 1428 1420 meae.
1968 1381 2021 1421 30

236 1459 456 1543 Vixque
483 1459 620 1518 mihi
649 1459 864 1532 videor,
896 1458 1086 1520 faciam
1120 1458 1269 1542 quod
1301 1458 1542 1519 carmina
1562 1505 1578 1530 ‚
1610 1482 1801 1529 sanuS‚

316 1559 494 1641 Inque
524 1557 652 1618 feris
682 1581 866 1619 curem
898 1557 1174 1635 corrigere
1203 1555 1295 1617 illa
1332 1556 1513 1617 Getis:

238 1654 331 1716 Nil
361 1671 541 1716 tamen
569 1679 598 1716 e
628 1654 850 1738 scriptis
878 1653 1053 1733 magis
1082 1653 1395 1715 excusabile
1426 1653 1662 1724 nostri8‚

323 1752 506 1832 Quam
540 1776 733 1813 sensus
765 1751 977 1812 cunctis
1004 1751 1340 1835 paene'quod
1370 1775 1515 1812 unus
1545 1750 1705 1813 inest.

241 1851 387 1911 Laeta
418 1851 529 1912 fere
560 1849 716 1911 laetus
748 1848 917 1910 cecini
943 1873 956 1920 ;
990 1872 1125 1909 cano
1159 1848 1337 1910 tristia
1367 1844 1581 1908 tristis:
1751 1889 1754 1893 Δ
1980 1865 2033 1906 35

323 1946 669 2008 Conveniens
700 1945 855 2030 operi
888 1960 1106 2027 tempus
1134 1948 1432 2053 utrumque
1460 1967 1565 2003 suo
1599 1940 1698 2005 e'st.

242 2044 427 2124 Quid,
461 2043 570 2104 nisi
603 2043 668 2104 de
698 2043 832 2103 vitio
867 2042 1101 2104 scribam
1129 2041 1373 2130 regionis
1395 2063 1619 2101 amarae.
1607 2041 1630 2082 Ρ

321 2142 510 2230 thue
540 2137 660 2202 solo
690 2140 895 2200 moriar
924 2138 1326 2210 commodiore,
1357 2161 1576 2222 precer.
1565 2138 1588 2196 ?

246 2238 438 2329 Quum
470 2236 633 2321 toties
667 2236 853 2296 eadem
881 2235 1084 2306 dicam,
1111 2234 1201 2294 vix
1224 2233 1423 2326 audior
1452 2230 1588 2292 ulli·
1578 2279 1590 2304 ‚
1619 2315 1621 2317 ι

249 2385 292 2419 et
306 2374 530 2437 subiungit
547 2391 743 2427 causam3
767 2375 867 2431 quia
881 2373 971 2416 vim
985 2373 1102 2429 judi-
1185 2382 1276 2426 tur,
1297 2387 1435 2428 quem
1455 2372 1546 2428 ipse
1568 2386 1661 2413 non
1676 2370 1894 2427 probaret.
1920 2373 2038 2416 Hinc

248 2439 376 2485 candi
394 2456 491 2483 mea
513 2439 732 2483 calamitas
751 2438 894 2494 fregit.

305 2520 372 2548 ao.
407 2506 525 2565 Onus
539 2507 660 2563 longi
674 2507 845 2546 laboris.
866 2501 1100 2560 Difficilius

253 2579 318 2614 est
345 2570 669 2614 enim=earmen
694 2566 911 2624 eorrigere
932 2600 944 2622 ,
964 2575 1100 2623 'quam

252 2651 534 2693 componere.

308 2711 374 2746 αι’.
412 2704 664 2747 Scrmentem
689 2700 821 2757 jumi
846 2701 935 2752 epse
959 2695 1102 2751 sawt.

255 2767 342 2811 Alii
363 2771 492 2812 labor:
518 2760 650 2810 Forte
671 2768 811 2816 calor,
804 2778 814 2788 ·
843 2763 926 2807 hoc
946 2769 1030 2809 est‘,
1052 2771 1114 2805 ut·

253 2831 330 2876 Hb.-
342 2832 426 2887 ἰν,
447 2832 570 2889 Eleg.
583 2845 651 2885 11,
671 2832 723 2872 25
746 2829 1002 2886 loquitur3«
981 2829 1106 2884 «lm-

187 2900 196 2914 '
258 2905 383 2953 petus
404 2897 474 2940 ille
497 2912 629 2945 sacer,
655 2894 728 2948 qui
755 2904 906 2937 vatum
929 2878 1106 2951 pectora

259 2963 440 3006 nem-it.-›
440 2962 562 3008 Sed
569 2951 642 3006 nil'.
637 2961 924 3021 mutandum.
935 2955 1106 3010 Eadem

260 3022 643 3100 Elegia3Exc1ht
650 3030 819 3070 auditor
834 3029 1042 3082 studium·
1064 3035 1107 3069 et

261 3109 369 3149 quae
382 3083 649 3160 seqiiu‘ntiir.
648 3088 724 3136 Η.

321 3159 385 3211 24.
407 3146 669 3201 Arek'tarcbo.
682 3157 878 3199 Homeri
898 3156 1110 3211 interpre-

268 3230 324 3264 te.
344 3221 448 3264 Fuit
467 3220 742 3264 Aristarchus
759 3222 946 3276 optimus
964 3237 1111 3277 gram-

264 3286 451 3328 maticus
467 3284 801 3328 Alexandrinus.
815 3283 1014 3327 AElianus
1030 3293 1112 3327 tra-

267 3351 332 3395 dit
351 3351 469 3394 hunc
498 3360 589 3394 tam
607 3351 813 3407 castigato
833 3349 961 3392 fuisse
985 3350 1110 3406 judi-

269 3415 334 3460 cio
349 3448 361 3471 ‚
387 3425 436 3459 ut
456 3417 642 3459 Homeri
660 3431 808 3458 versus
821 3431 914 3458 non
934 3425 1113 3472 putare-

1181 2439 1449 2495 scriptorum
1481 2437 1728 2480 alienorum
1759 2454 1960 2482 censores
1994 2449 2039 2482 et

1182 2501 1350 2561 judices
1363 2501 1597 2559 proverbio
1617 2502 1856 2545 Aristarchi
1881 2502 2040 2560 adpel-

1181 2567 1331 2610 lantur
1345 2601 1356 2622 ,
1379 2577 1423 2611 et
1444 2576 1732 2624 opponuntur
1758 2568 1903 2612 Zoilis.

1239 2636 1306 2676 25.
1315 2634 1388 2676 Sic
1399 2639 1583 2678 animum
1589 2636 1702 2676 lento
1713 2651 1905 2677 curarum
1906 2635 2042 2691 srtjqo·

1185 2709 1228 2741 re
1247 2700 1374 2740 laedit.
1390 2692 1553 2741 Deesse
1571 2696 1729 2754 aliquid
1741 2699 1937 2754 videtur,
1957 2715 2045 2755 quo

1187 2764 1407 2807 referatur
1421 2767 1557 2813 ledit,
1575 2765 1658 2808 nisi
1675 2769 1720 2810 -o'
1728 2771 1929 2821 corngrerc
1943 2781 2043 2808 cum

1190 2829 1370 2888 Merula
1383 2828 1612 2887 intelligas.
1628 2829 1838 2872 Heinsius
1851 2831 2048 2886 conjece-

1188 2899 1286 2949 rat,
1307 2896 1460 2944 ledor,
1492 2902 1540 2934 ut
1562 2902 1674 2951 esset
1690 2893 1950 2949 graecismus.

1246 2958 1315 3002 33.-
1343 2961 1426 3002 Ne!
1442 2968 1582 3002 tamen
1600 2968 1668 3003 est
1682 2964 1863 3016 scrtjvttlr.
1881 2964 1925 3004 E
1938 2966 2047 3004 scri·

1183 3029 1274 3080 ptis
1292 3039 1392 3067 curn
1410 3022 1535 3081 Frag.
1562 3022 1725 3067 Lovan.
1739 3033 1794 3066 et
1798 3033 1888 3067 uno
1912 3027 1952 3066 V
1956 3026 2047 3068 ati-

1191 3093 1328 3142 cano,
1361 3087 1430 3131 vel
1460 3094 1505 3130 in
1537 3094 1707 3145 scriptis
1729 3088 1831 3133 cu'm
1860 3089 2050 3134 Gottor-

1192 3152 1367 3209 phiano.
1390 3153 1449 3194 H.
1471 3153 1594 3196 Nost.
1623 3154 1788 3197 habent
1808 3159 1852 3197 in
1866 3161 2048 3211 scriptis.

1247 3220 1312 3272 34.
1333 3220 1469 3272 Quam
1477 3223 1592 3274 quod
1600 3237 1708 3262 unus
1718 3236 1878 3263 sensus.
1895 3222 2048 3277 Quam

1195 3283 1315 3339 quod
1333 3298 1422 3325 una
1440 3293 1483 3325 et
1502 3283 1658 3326 eadem
1679 3287 1896 3329 sententia
1919 3289 2051 3330 tristis

1196 3358 1240 3391 et
1263 3349 1471 3404 lugubris.
1495 3372 1550 3379 —
1578 3350 1702 3393 Poene
1733 3358 1844 3394 inest
1875 3358 2050 3395 cunctae.

1201 3415 1341 3472 Quasi
1359 3415 1472 3458 inest
1492 3416 1699 3459 omnibus
1723 3420 1832 3460 meis
1853 3419 2020 3473 scriptis
2042 3435 2053 3458 ;
