2280 3776
485 294 599 348 Ex
639 290 942 347 PoN‘ro
983 292 1144 347 ΜΒ.
1189 274 1627 349 1v.E1>1s'T.
1674 298 1786 350 1v.

1920 299 2031 374 429

246 408 507 494 Purpura
536 408 862 491 Pompeium
894 408 1091 469 summi
1123 407 1326 468 velabit
1353 409 1607 482 honoris,
1975 434 2029 475 25

326 510 411 570 Ne
439 506 618 568 titulis
650 506 946 590 quicquam
979 503 1178 565 debeat
1206 505 1298 565 ille
1324 508 1456 568 suis.

250 604 482 666 Cernere
508 604 616 685 jam
648 601 838 663 videor
864 600 1046 684 rumpi
1074 601 1371 684 penetralia
1402 605 1598 677 turba,

325 700 401 759 Et
427 695 698 781 populum
721 695 874 769 laedi,
897 695 1184 757 deficiente
1207 695 1363 758 loco:

244 791 585 877 Templaque
614 790 865 875 Tarpeiae
896 791 1135 874 primum
1166 792 1271 853 tibi
1294 792 1437 854 sedis
1466 794 1601 854 adiri
1625 818 1639 867 ;

326 891 401 950 Et
425 888 546 950 fieri
572 886 759 950 faciles
787 886 847 948 in
881 901 972 948 tua
1002 903 1129 949 vota
1158 889 1339 952 Deos:
1977 910 2029 950 30

247 983 407 1047 Colla
432 977 605 1047 boves
632 985 824 1046 niveos
851 999 1010 1046 certae
1033 986 1278 1068 praebere
1307 987 1516 1057 securi,

327 1085 488 1164 Quos
509 1076 656 1148 ¹aluit
682 1082 890 1167 campis
914 1082 1330 1146 herba'Falisca
1358 1085 1489 1147 suis.

244 1179 545 1265 Quumque
574 1181 723 1243 Deos
746 1203 935 1242 omnes
955 1226 970 1252 ‚
1003 1195 1121 1241 tum
1147 1205 1291 1264 quos
1317 1182 1617 1265 impensius
1642 1205 1830 1265 aequos

324 1276 461 1338 Esse
490 1276 593 1337 tibi
622 1277 840 1362 cupias,
869 1300 994 1338 eum
1025 1278 1162 1337 Jove
1195 1278 1376 1339 Caesar
1404 1278 1525 1339 erit.

245 1370 412 1434 Curia
439 1385 492 1434 te
523 1372 786 1457 excipiet,
819 1386 1113 1456 patresque
1141 1395 1171 1432 e
1198 1395 1350 1433 more
1380 1373 1558 1433 vocati
1979 1394 2027 1433 3³,

326 1466 626 1530 Intendent
652 1490 813 1529 aures
838 1467 908 1528 ad
936 1482 1029 1529 tua
1062 1467 1227 1528 verba
1257 1490 1400 1528 suaS.
2004 1480 2009 1485 '

245 1563 371 1646 Hoa
395 1562 494 1627 ubi
520 1562 756 1625 facundo
785 1577 880 1625 tua
906 1587 1011 1624 vox
1045 1562 1361 1623 hilaraverit
1385 1586 1479 1624 ore
1495 1609 1510 1633 ‚

325 1660 515 1743 thue
535 1659 720 1734 ¹solet,
758 1660 948 1721 tulerit
969 1682 1235 1744 prospera
1257 1660 1425 1721 verba
1455 1659 1602 1731 dies:

246 1757 439 1836 Egeris
465 1773 520 1821 et
550 1758 770 1820 meritas
799 1758 1028 1841 Superis
1057 1762 1181 1818 cuni
1211 1757 1421 1819 Caesare
1450 1773 1656 1837 grates,

235 1917 399 1972 pulsus.
415 1915 514 1962 Erit
525 1926 698 1963 exactus
714 1949 726 1972 ,
746 1926 797 1963 *et
809 1918 929 1975 quasi
943 1917 1093 1962 finitus

243 1988 288 2025 et
301 1982 514 2040 expulsus.

299 2051 362 2092 25.
381 2048 571 2102 Purpura
585 2050 747 2090 summi.
761 2046 908 2091 Vestis
924 2062 1095 2104 purpu-

247 2126 347 2167 rea,
370 2111 539 2170 insigne
564 2127 842 2161 summorum
869 2111 1093 2157 honorum

245 2185 291 2222 et
318 2175 677 2235 magistratuum,
707 2179 845 2234 qualis
872 2188 968 2224 erat
984 2195 1095 2223 con-

245 2243 421 2286 sulatus.
488 2286 491 2290 .

302 2307 368 2352 αθ.
399 2308 464 2351 Ne
475 2310 612 2365 tarda·
622 2312 843 2364 quicquam
862 2311 1012 2352 debeat
1023 2313 1095 2353 ille

246 2375 346 2415 suis.
369 2371 533 2416 sensus
552 2379 642 2415 est:
660 2372 909 2428 Purpuram
929 2381 1095 2417 vestem

245 2444 391 2480 sumet
429 2431 666 2496 Pompeius
681 2469 694 2491 ‚
728 2451 786 2480 ne
823 2435 926 2492 quid
958 2436 1094 2492 desit,

246 2500 365 2557 quod
382 2500 436 2544 ab
456 2517 509 2544 eo
529 2499 722 2558 prestari
740 2500 896 2545 debeat
922 2502 1009 2546 suis
1033 2502 1092 2546 ti-

246 2564 370 2620 tulis,
386 2564 682 2612 ‹at-*virtutibus
697 2597 710 2621 ,
738 2573 784 2609 et
803 2565 1092 2622 inscriptioni·

239 2627 352 2685 bus,
385 2645 463 2674 seu
493 2629 628 2674 titulis
659 2631 820 2673 summi
846 2631 1024 2675 honoris
1046 2639 1091 2676 et

245 2695 495 2741 consulatus
515 2696 597 2740 sui.

303 2777 369 2818 ²7·
404 2763 576 2805 Cernere
586 2762 687 2818 jam
704 2764 826 2806 video
839 2766 978 2818 rumpi
985 2778 1095 2818 pene

246 2831 360 2870 atria
371 2825 686 2871 turba.-Versus
697 2827 950 2881 mendosus,
970 2836 1014 2870 et
1035 2837 1096 2871 ta-

247 2898 362 2941 naus
371 2889 590 2937 Oba-lino
603 2901 799 2949 amatus
817 2908 828 2936 :
849 2896 997 2937 w'deor
1011 2894 1095 2950 ple·

248 2955 371 3014 rique‘
387 2967 570 3013 veteres,
585 2967 703 3004 reete
720 2977 730 3012 3
749 2960 951 3004 nonnulli
961 2961 1094 3004 etiam

241 3026 503 3078 penetralia,
529 3025 644 3081 quod
673 3028 838 3084 recepi,
869 3028 1094 3085 probanti·-

249 3087 332 3131 bus
353 3087 540 3135 Heinsio
563 3099 609 3134 et
630 3090 892 3136 Burmanno
908 3108 920 3137 ε
934 3092 1011 3138 sed
1037 3109 1094 3136 ne

249 3153 498 3210 sicquidem
517 3155 634 3199 locus
651 3157 758 3200 mihi
775 3157 950 3203 videtur
967 3159 1094 3217 plane

250 3217 294 3261 in
322 3219 543 3276 integrum
560 3220 797 3264 restitutus.

307 3300 372 3342 ²9·
407 3286 579 3340 Templa
622 3287 807 3340 Tarpee‘oe
833 3290 946 3332 sedis
975 3290 1098 3333 aditi.

251 3346 490 3404 Templum
526 3348 825 3407 Capitolinum
844 3384 856 3405 ‚
890 3351 945 3394 ad
983 3351 1097 3407 quod

251 3413 352 3457 novi
374 3414 570 3459 consules
595 3414 855 3460 accedebant
877 3415 1098 3461 sacrifica-

1179 1920 1268 1963 turi
1287 1918 1477 1963 calendis
1499 1917 1723 1971 Januarii,
1747 1928 1796 1963 ut
1816 1920 1859 1963 in
1881 1921 2032 1965 Fastis.

1230 1985 1297 2028 31.
1329 1986 1451 2027 Colla
1482 1987 1605 2027 boves
1634 1988 1788 2028 m'eeos.
1812 1985 2030 2030 Describit

1175 2049 1436 2095 sacrificium
1452 2083 1464 2105 ‚
1489 2049 1607 2108 quod
1632 2050 1726 2094 Cal.
1742 2051 1925 2094 Januar.
1947 2051 2029 2094 sie-

1176 2115 1250 2160 bat
1262 2116 1305 2159 in
1319 2115 1551 2174 Capitolio.
1567 2115 1865 2160 Caedebantur
1880 2125 2029 2160 autem

1177 2180 1279 2224 Jovi
1300 2179 1554 2238 Capitolino
1573 2180 1745 2239 juvenci
1766 2182 1878 2234 albi,
1900 2190 2028 2238 atque

1177 2246 1348 2302 injuges
1380 2245 1507 2289 electi
1539 2261 1591 2288 ex
1616 2261 1720 2302 agro
1751 2247 1930 2291 Falisco.
1960 2247 2027 2291 lbi

1177 2310 1300 2353 enim
1315 2344 1325 2360 ,
1361 2325 1471 2365 aqua
1493 2307 1711 2352 Clitumni
1736 2312 1877 2354 amnis
1897 2320 2027 2369 epota

1177 2372 1310 2417 boves
1337 2372 1545 2417 candidos
1566 2373 1679 2417 facit.
1705 2374 1859 2418 Falisci
1879 2384 2026 2419 autem

1178 2437 1326 2495 populi
1346 2439 1468 2482 suere
1491 2438 1537 2481 in
1562 2437 1752 2483 Thuscia
1772 2439 1890 2484 haud
1914 2456 2025 2498 pro—

1173 2505 1242 2548 cul
1263 2505 1315 2547 ab
1334 2505 1456 2547 urbe.

1229 2567 1296 2623 34.
1327 2570 1431 2612 Cum
1452 2570 1558 2612 Jove
1581 2571 1727 2613 Cesar
1752 2575 1843 2612 erit.
1868 2569 2026 2613 Malim

1171 2639 1292 2676 erunt
1302 2649 1315 2675 .’
1337 2642 1382 2676 et
1395 2634 1495 2676 mo'x
1514 2635 1719 2690 Cariaque
1730 2639 1928 2689 excipiet,
1947 2650 2027 2691 pro

1177 2699 1304 2741 Canza
1314 2707 1356 2741 te
1371 2703 1564 2754 excipiet.
1586 2700 1650 2742 H.

1229 2763 1296 2806 36.
1315 2763 1395 2806 Ad
1414 2772 1490 2807 tua
1520 2768 1658 2807 urba.
1682 2764 1750 2807 Ad
1769 2773 1891 2807 tuam
1912 2781 2021 2809 ora-

1150 2882 1154 2886 .
1175 2829 1343 2871 tionem
1361 2862 1372 2882 ,
1390 2845 1522 2885 quam
1535 2830 1711 2873 habebis
1733 2831 1777 2873 in
1796 2832 1915 2873 curia
1930 2840 2025 2886 post

1175 2891 1445 2936 sacrificium,
1471 2892 1787 2949 Capitolinum.
1814 2894 2027 2938 solebant

1168 2957 1296 3001 -enim
1316 2958 1421 3001 novi
1441 2958 1639 3002 consules
1659 2961 1815 3016 gratias
1833 2975 1913 3016 pro
1945 2960 2026 3004 sibi

1178 3022 1322 3065 delato
1339 3022 1592 3079 magistratu
1609 3023 1770 3080 populo
1786 3039 1911 3080 agere
1928 3057 1940 3078 ,
1955 3025 2026 3068 be-

1178 3089 1398 3145 nigneque
1418 3087 1542 3130 illum
1564 3087 1749 3144 adloqui.

1234 3154 1298 3197 38.
1335 3152 1468 3209 thue
1486 3146 1617 3205 sdlet,
1645 3156 1796 3196 tulerit.
1823 3153 1881 3197 Et
1896 3162 2024 3210 post-

1180 3237 1309 3278 quam
1338 3237 1392 3263 eo
1412 3219 1482 3263 die
1502 3220 1557 3264 de
1580 3236 1704 3263 more
1725 3237 1928 3277 prospera
1949 3221 2028 3265 tibi

1181 3286 1327 3330 omnia
1346 3301 1370 3328 a
1389 3285 1675 3330 salutantibus
1702 3288 1908 3329 nunciata
1929 3286 2027 3329 fue-

1181 3353 1284 3394 rint.
1299 3349 1511 3405 Ovidius,
1536 3351 1604 3394 lib.
1628 3354 1649 3396 I
1680 3353 1792 3395 Fast.
1814 3367 1923 3394 vers.
1948 3367 1993 3405 7¹
2016 3366 2026 3391 ;

1185 3436 1205 3456 «
1238 3418 1453 3474 Prospera
1472 3417 1546 3463 lux
1565 3417 1706 3461 oritur
1723 3450 1734 3471 ,
1759 3416 1916 3473 linguis
1935 3413 2030 3458 ani-
