2280 3776
280 275 385 330 126

735 281 799 333 P.
850 279 1140 337 OVIDII
1184 282 1568 341 NASONIS

271 393 359 450 En
388 415 490 470 ego
510 438 524 464 ‚
558 417 728 474 quum
759 395 936 476 patria
961 419 1168 457 caream
1186 445 1200 471 ‚
1233 399 1530 483 vobisque,
1561 400 1866 485 domoque,
1987 426 2040 479 135

354 490 643 571 Raptaque
674 490 812 561 sint,
841 490 1007 551 adimi
1038 517 1157 575 quae
1182 509 1441 577 potuere,
1467 496 1635 570 mihi3

268 586 497 664 Ingenio
528 601 708 646 tamen
735 587 852 670 ipse
882 612 1004 649 meo
1038 590 1377 674 comitorque
1401 592 1702 676 fruorque:

351 683 530 742 Caesar
556 682 616 740 in
644 682 966 766 hocpotuit
989 685 1128 766 juris
1156 685 1357 747 habere
1386 687 1542 748 nihil.

264 779 520 861 Quilibet
547 780 686 840 hanc
713 804 852 840 saevo
881 782 1050 842 vitam
1079 783 1217 842 mihi
1239 783 1401 845 finiat
1428 808 1557 846 ense
1575 833 1591 860 ‚

347 878 442 935 Me
473 889 652 935 tamen
681 875 952 938 exstincto
982 877 1124 939 fama
1153 895 1430 962 superstes
1459 881 1600 941 erit:
1985 905 2039 946 50

265 974 523 1054 Dumque
553 971 666 1032 suis
696 965 890 1032 victriit
918 997 1134 1034 omnem
1164 976 1229 1035 de
1256 977 1544 1038 montibus
1572 977 1762 1039 orbem

345 1069 656 1151 Prospiciet
680 1069 950 1130 domitum
976 1072 1181 1132 Martia
1211 1074 1388 1133 Roma
1406 1120 1421 1146 ‚
1450 1072 1615 1153 legar.

262 1168 350 1227 Tu
379 1188 628 1249 quoque,
663 1190 828 1248 quam
854 1167 1024 1227 studii
1051 1184 1265 1230 maneat
1292 1169 1504 1231 felicior
1529 1196 1663 1233 usus
1680 1220 1695 1246 ‚

345 1261 545 1341 Effuge
572 1276 859 1335 venturoS‚
891 1288 1001 1346 qua
1028 1280 1213 1348 poteS,
1242 1291 1420 1351 usque
1446 1292 1630 1348 rogos.

259 1405 376 1448 ram?
386 1403 587 1447 nonnulli
604 1420 614 1456 ;
628 1412 678 1448 u't
692 1403 763 1448 lib.
779 1405 800 1449 I
814 1405 967 1449 Amor.
984 1407 1051 1450 El.
1063 1424 1107 1461 v,

1247 1413 1313 1454 51.
1326 1411 1518 1466 Dumque
1537 1415 1627 1454 suis
1649 1414 1801 1456 victrix
1817 1420 1969 1466 septem
1983 1416 2034 1454 de

259 1486 320 1512 vs.
339 1471 390 1512 23
407 1486 416 1512 :
434 1487 455 1506 «
476 1468 654 1526 Singula
675 1470 780 1525 quid
801 1471 1026 1515 referam?
1047 1473 1110 1516 nil
1189 1477 1396 1517 montibus
1411 1478 1562 1518 orbem.
1580 1477 1750 1518 Omnem
1764 1478 1816 1517 de
1829 1479 2033 1518 montibus

260 1551 352 1579 non
373 1534 583 1578 laudabile
605 1534 707 1577 vidi.
729 1553 751 1573 υ
775 1536 834 1578 Η.

314 1602 380 1654 45.
395 1602 465 1642 En
481 1616 568 1655 ego.
587 1599 720 1643 Tollit
735 1599 959 1644 interdum
978 1601 1105 1658 spiri-

256 1675 325 1711 tus
340 1675 466 1724 poeta
481 1700 493 1723 ‚
509 1676 552 1711 et
570 1683 615 1711 se
628 1667 689 1711 ita
703 1699 716 1722 ‚
738 1676 908 1724 sperata
921 1669 1104 1711 aeterni-

241 1740 344 1785 *tate
358 1748 457 1787 sua,
477 1732 521 1775 in
544 1733 690 1776 medio
712 1733 987 1777 miseriarum
1003 1749 1102 1777 sua-

257 1813 359 1839 rum
377 1796 636 1841 consolatur.
657 1799 708 1842 P.

313 1867 378 1924 49.
406 1867 608 1919 Quilicet.
625 1866 895 1910 Invidiosum
913 1866 994 1910 hoc
1011 1866 1103 1910 Cae-

256 1929 352 1974 sari.
386 1930 570 1986 Repone
612 1931 743 1988 igitur
784 1933 969 1986 Quilibet
1000 1948 1102 1975 cum

257 1995 525 2038 membranis
553 1995 793 2052 plerisque,
835 2004 880 2039 et
914 1995 1102 2053 antiquis

257 2059 532 2104 editionibus.
556 2060 616 2103 H.

1186 1542 1321 1582 orbem
1335 1540 1534 1584 Vatican.
1556 1540 1686 1584 Polit.
1710 1549 1753 1583 et
1772 1540 1907 1584 Palat.
1929 1556 2033 1584 me·-

1185 1604 1314 1649 liores
1337 1639 1348 1661 ,
1380 1623 1481 1650 cum
1508 1607 1702 1664 quinque
1731 1605 1821 1651 aliis
1844 1625 1855 1659 ;
1887 1607 2029 1651 bene:

1186 1669 1275 1714 «luo
1295 1679 1438 1715 totum.
1459 1672 1519 1715 H.

1240 1737 1306 1779 53.
1339 1738 1475 1790 Quam
1505 1739 1638 1781 studii
1669 1743 1840 1781 maneat
1857 1738 2036 1793 felicior

1184 1819 1298 1846 usus.
1325 1803 1440 1860 Quae
1471 1803 1629 1848 habeas
1657 1804 1900 1849 feliciorem
1927 1806 2032 1848 for-

1184 1876 1339 1910 tunam
1357 1885 1409 1912 ex
1422 1868 1572 1913 studiis
1584 1868 1761 1926 poeticis
1776 1902 1787 1924 ,
1805 1885 1937 1925 quam
1949 1885 2031 1926 ego

1185 1932 1330 1977 habui.

1241 1999 1306 2051 54.
1326 1999 1419 2051 Qua
1425 2007 1561 2053 potes.
1582 2000 1715 2052 Quam
1734 2007 1831 2042 octo
1850 2007 2030 2042 veteres.

1183 2083 1239 2093 ——-
1261 2060 1413 2105 Codex
1428 2061 1468 2104 A
1482 2094 1494 2117 ,
1515 2079 1635 2119 quum
1649 2077 1663 2116 ‚⁸
1686 2062 1820 2106 codex
1833 2064 1869 2106 B
1883 2096 1894 2117 ,
1915 2080 2027 2118 quos.

252 2223 2025 2257 w

792 2340 1185 2409 ELEGIA
1242 2340 1473 2409 VIII.

808 2621 1472 2677 ARGUMENTUM.

256 2757 489 2802 Desiderio
507 2765 602 2800 tum
616 2756 765 2814 patriae
775 2789 786 2811 ,
803 2763 898 2800 tum
915 2773 1096 2800 suorum
1111 2756 1170 2801 ita
1185 2758 1325 2801 teneri
1344 2765 1472 2814 poeta
1486 2754 1656 2809 scribit,
1675 2763 1725 2798 ut
1738 2754 1881 2812 cupiat
1897 2753 2027 2798 celeri

313 2827 460 2883 aliquo
477 2841 607 2869 cursu
629 2841 682 2869 eo
703 2841 747 2868 se
768 2824 970 2869 conferre
993 2842 1003 2870 :
1024 2843 1156 2884 quam
1177 2843 1272 2871 rem
1294 2826 1374 2870 sibi
1394 2825 1642 2882 Augustum
1665 2824 1804 2868 solum
1822 2833 2023 2880 praestare

310 2890 433 2956 posse
455 2895 671 2947 ostendit;
703 2904 938 2953 narratque
955 2896 1088 2940 exsilii
1107 2896 1173 2940 sui
1193 2893 1495 2945 incommoda;
1526 2901 1732 2951 optatque
1746 2925 1758 2948 ,
1779 2903 1828 2937 ut
1844 2893 2023 2937 tandem

312 2969 462 3029 §aesar
479 2967 555 3012 irae
575 2966 758 3010 modum
777 2976 963 3021 statuat,
987 2976 1031 3011 et
1046 2967 1193 3011 mitius
1208 2966 1397 3023 praebeat
1417 2963 1624 3010 exsilium.

263 3118 478 3203 NUNC
507 3164 609 3220 ego
638 3139 966 3226 Triptolemi
996 3161 1247 3222 cuperem
1276 3136 1634 3198 conscendere
1660 3161 1852 3198 currus
1872 3177 1890 3209 5

315 3294 352 3320 1.
378 3278 619 3331 Triptolemi
630 3293 784 3321 curtus.
805 3276 1002 3321 Currum
1020 3276 1100 3319 in-

258 3340 434 3399 telligit,
457 3357 589 3397 quem
605 3357 629 3383 a
645 3341 809 3385 Cerere
830 3343 991 3398 accepit
1006 3339 1100 3384 Tri-

258 3407 502 3463 ptolemus:
527 3405 720 3450 fabulam
742 3407 879 3452 refert
904 3408 1098 3452 Lactant.

1182 3275 1314 3320 Ovid.
1329 3275 1375 3318 in
1385 3275 1568 3319 Metam.
1583 3284 1626 3319 et
1638 3276 1686 3319 in
1704 3283 1858 3332 quarto
1869 3274 2022 3318 Fasto-

1181 3356 1293 3383 rum.
1327 3340 1454 3384 MER.
1476 3361 1531 3374 —-
1563 3342 1844 3383 Conscendere
1868 3353 2020 3381 currus.

1182 3408 1415 3451 consistere
1440 3422 1559 3449 curru
1583 3404 1710 3462 prim.
1737 3403 1868 3448 Palat.
1890 3401 2018 3459 prim.
