2268 3848
334 293 403 344 50
812 293 877 345 P.
932 291 1226 346 OVIDII
1269 289 1636 345 'NASOB'IS

414 405 886 490 Hellespontiacas
914 403 1007 465 illa
1033 404 1225 483 relegit
1253 428 1420 487 aquas
1446 429 1458 476 ;

331 504 771 584 Dardaniamque
801 503 965 584 petit,
997 501 1235 561 auctoris
1261 512 1462 561 nomen
1490 501 1780 563 habentem
1794 548 1808 572 ‚
2043 518 2095 559 25

413 599 487 656 Et
519 612 596 667 te,
625 593 887 665 ruricola,
916 597 1238 677 Lampsace‚
1269 609 1386 654 tuta
1415 596 1551 654 Deo.

334 697 568 777 Quaque
588 741 601 766 ,
631 717 728 775 per
758 706 1017 770 angustas
1044 706 1206 751 vectae
1232 691 1371 752 male
1401 691 1627 770 virginis
1655 691 1862 763 undem,

330 867 490 910 thracia
503 865 754 923 digressurae
768 872 893 906 erant
909 862 1005 906 duae
1019 879 1148 906 naves
1159 895 1171 917 ,

330 946 513 988 quarum
529 930 659 972 altera
672 962 682 981 ,
700 944 794 984 quae
809 927 1020 971 Ovidium
1039 927 1173 970 vehe-

330 998 401 1040 bat
415 1029 426 1049 ‚
443 995 664 1038 sinistrum
678 991 956 1048 Propontidis
969 1007 1144 1035 cursum
1158 1024 1170 1045 ,

327 1061 458 1104 altera
484 1074 587 1101 vero
613 1058 814 1100 dextrum
836 1055 990 1099 tenuit.
1014 1058 1170 1098 Bisto—

324 1130 417 1169 nt'os
434 1139 614 1179 campos.
636 1121 888 1165 Threicium
913 1120 1024 1163 litus.
1045 1122 1170 1163 Pede.

327 1193 367 1231 V
370 1191 438 1236 elo
460 1208 469 1234 ε
492 1208 587 1246 pars
606 1205 685 1246 pro
706 1197 809 1231 toto.
833 1188 960 1234 MER-
986 1210 1038 1219 -—
1059 1189 1170 1230 Nam

323 1260 430 1301 rm'hi
455 1259 673 1300 Bistonios
694 1257 859 1308 placuit
876 1255 984 1306 pede
1006 1268 1170 1306 carpere

324 1338 505 1376 campos.
517 1322 649 1362 Hunc
659 1319 802 1361 locum
815 1316 988 1360 Merula
1002 1349 1014 1369 ‚
1031 1332 1166 1372 quum

319 1387 547 1431 sententiae
561 1401 647 1428 suae
663 1383 714 1427 de
727 1382 894 1425 duabus
906 1382 1102 1435 navibus,
1113 1381 1166 1424 de

325 1470 406 1511 qua
428 1470 451 1495 a
473 1451 682 1508 principio
702 1448 982 1491 meminimus
998 1480 1010 1502 ,
1037 1463 1168 1504 repu-

324 1534 455 1575 gnare
472 1515 638 1558 videret
653 1547 663 1568 ,
678 1515 824 1568 pedem
840 1527 918 1567 pro
930 1511 1058 1565 fune,
1077 1527 1165 1567 quo

321 1585 413 1627 vela
434 1582 612 1625 navium
634 1588 875 1636 regnatum
897 1593 1066 1632 campos
1086 1593 1164 1620 au-

320 1658 411 1691 tem
425 1662 503 1703 pro
519 1660 690 1701 aequore
704 1676 715 1697 ,
730 1643 816 1686 sive
833 1642 941 1684 mari
955 1643 1160 1698 exposuit.

321 1714 380 1755 At
392 1711 424 1754 si
440 1710 621 1753 alteram
636 1705 948 1763 expositionem
957 1706 1134 1762 recipias
1145 1739 1157 1759 ,

318 1776 372 1825 de
395 1791 482 1818 una
504 1774 627 1827 navi,
648 1788 783 1828 eaque
800 1771 888 1815 sola
911 1787 1006 1828 quae
1022 1779 1160 1827 poetae

317 1844 401 1887 fuit
414 1877 424 1897 ‚
449 1842 589 1898 quain
605 1840 688 1884 hoc
707 1840 800 1882 loco
818 1838 964 1882 relicta
978 1871 991 1892 ,
1011 1839 1054 1881 in
1073 1847 1160 1883 ter-

317 1926 411 1954 ram
447 1922 641 1964 egressus
671 1904 740 1948 ille
758 1938 770 1959 ,
801 1904 1019 1960 reliquum
1047 1902 1132 1946 iter
1145 1935 1156 1957 ,

317 1985 392 2018 aut
420 1982 590 2031 partem
618 1970 770 2019 saltem
785 2002 797 2024 ,
829 1986 906 2026 per
926 1969 965 2011 T
970 1968 1158 2014 braciam

314 2040 470 2082 itinere
495 2035 687 2080 terrestri
704 2034 856 2078 fecerit
874 2051 884 2082 ;
905 2048 980 2075 sua
995 2047 1042 2075 ac
1055 2047 1158 2088 pro-

314 2104 406 2161 pria
425 2099 681 2158 significatio
710 2098 850 2141 verbis
874 2106 1044 2148 manet,
1067 2112 1168 2145 neq*

314 2184 396 2223 que
417 2181 564 2209 versus
584 2165 672 2221 ipse
700 2163 931 2219 quicquam
957 2160 1156 2209 difficul—¹

312 2234 408 2277 tatis
430 2232 574 2275 habet.

368 2302 433 2353 24.
472 2299 836 2350 Hellespontiacas
875 2297 955 2337 illa
992 2296 1160 2348 reliquit

310 2380 457 2419 aquas.
470 2363 570 2409 Non
584 2376 737 2417 parum
748 2357 1011 2402 difficultatis
1023 2357 1154 2403 etiam

311 2429 380 2471 hic
398 2443 545 2470 versus
564 2426 717 2479 habet,
741 2423 979 2479 praesertim
997 2422 1042 2466 in
1063 2438 1155 2465 ver-

312 2495 368 2536 bo
387 2496 573 2547 reliqu1't;
595 2506 698 2533 nam
721 2487 943 2545 quomodo
961 2487 1154 2533 dicamus

312 2574 469 2602 navem
487 2590 498 2611 ,
532 2573 627 2613 quae
652 2555 921 2614 Dardaniam
951 2553 1150 2609 petebat,

309 2625 354 2666 in
374 2623 474 2679 ipsis
493 2621 689 2666 faucibus
710 2618 980 2674 Hellesponti
999 2617 1123 2660 sitam
1136 2649 1149 2671 ,

311 2687 644 2743 Hellespontum
659 2681 904 2739 reliquisse?
919 2682 1008 2724 Aut
1022 2682 1152 2737 igitur

312 2753 503 2796 dicamus
519 2785 531 2803 ,
553 2751 699 2794 deesse
722 2749 815 2792 loco
838 2747 937 2790 huic
961 2746 1117 2801 aliquid
1135 2778 1147 2800 ,

310 2820 374 2861 vel
405 2832 484 2874 pro
515 2816 646 2859 verbo
663 2818 854 2871 reliquit„
876 2811 1028 2869 relegit
1042 2845 1054 2866 ,
1076 2821 1149 2854 aut

307 2883 444 2928 simile
483 2880 641 2936 aliquid
677 2877 983 2934 reponendum
1023 2893 1111 2920 esse
1135 2909 1148 2930 ‚

305 2958 354 2992 ut
382 2948 436 2990 sit
471 2944 685 2989 sententia
719 2959 729 2984 x
763 2957 844 2998 ego
868 2940 1045 2997 quidem
1070 2957 1150 2997 per

307 3029 478 3070 campos
494 3010 710 3054 Bistonios
723 3007 931 3065 proficisci
946 3007 1148 3064 deinceps

305 3076 507 3121 constitui
526 3093 536 3119 z
553 3076 620 3118 illa
639 3083 784 3117 autem
802 3073 949 3125 (navis
963 3070 1147 3128 scilicet)

307 3141 579 3197 Hellesponti
610 3139 760 3194 relegit
784 3171 795 3191 ,
832 3138 919 3180 sive
948 3137 1148 3193 repetivit

306 3223 436 3262 aquas
451 3238 463 3258 ‚
483 3203 750 3248 transeundo
768 3203 925 3245 scilicet
943 3202 1144 3244 dextrum

302 3273 412 3318 latus
429 3305 440 3327 ,
462 3281 506 3314 et
525 3270 716 3327 petendo
728 3267 996 3311 Dardaniam
1016 3269 1059 3309 in
1081 3268 1146 3323 ip·

302 3343 356 3385 sis
388 3338 582 3381 faucibus
611 3338 761 3389 sitam,
795 3345 874 3379 etc.
907 3337 996 3377 Aut
1026 3345 1142 3378 certe

304 3401 575 3459 Hellesponti
616 3415 781 3443 nomen
819 3401 878 3442 ita
922 3399 1141 3455 accipien-

1253 863 1360 905 dum
1375 896 1386 916 ,
1408 872 1458 906 ut
1475 879 1572 906 eam
1594 872 1765 907 tantum
1781 863 1910 906 maris
1929 872 2095 921 partem

1251 926 1491 982 significet,
1520 942 1615 982 quae
1633 926 1739 970 citra
1764 926 1910 970 fauces
1933 936 2008 970 est.
2040 928 2100 972 Et

1251 993 1311 1036 sic
1329 1002 1444 1037 recte
1465 993 1720 1050 intelligitur
1740 993 1961 1050 reliquisse
1982 995 2097 1038 Hel-

1250 1057 1496 1115 lespontum
1518 1058 1638 1101 navis
1653 1090 1665 1112 ,
1696 1073 1791 1114 quae
1806 1091 1817 1112 ,
1837 1074 1889 1101 eo
1913 1058 2001 1114 jam
2022 1075 2098 1102 su-

1251 1130 1401 1177 perato
1422 1154 1434 1175 ,
1464 1122 1574 1178 ipsas
1604 1121 1752 1164 fauces
1784 1121 1971 1178 ingressa
1999 1122 2095 1165 fuit.

1249 1187 1450 1231 Mtcvn..
1470 1211 1524 1220 -
1543 1190 1628 1229 Illa
1643 1190 1811 1243 relique?
1827 1204 1972 1244 aquas.
1994 1188 2098 1230 Me-

1250 1253 1464 1297 donianus
1483 1255 1630 1308 relegit
1647 1266 1663 1306 ,·
1687 1261 1792 1309 puto
1810 1259 1993 1309 pereger,
2023 1264 2095 1297 aut

1249 1317 1353 1373 quid
1373 1317 1511 1361 simile
1527 1334 1538 1367 ;
1561 1332 1664 1360 nam
1682 1317 1904 1373 quomodo
1921 1314 2095 1375 reliquit

1253 1385 1589 1442 Hellespontum
1605 1416 1618 1438 ,
1646 1401 1741 1440 quae
1763 1384 2030 1428 Dardaniam
2052 1396 2095 1429 et

1250 1449 1534 1507 Lampsacum
1549 1449 1867 1508 etAbydum‚in
1881 1450 1980 1507 ipsis
1991 1450 2094 1494 Hel-

1245 1516 1392 1573 lespon
1398 1516 1429 1559 ti
1440 1515 1638 1560 faucibus
1647 1515 1995 1570 sitas‚aditurasit
2007 1515 2090 1560 ?H.

1248 1615 1252 1620 .
1302 1584 1368 1625 25,
1386 1583 1730 1638 Dardaniamque
1737 1586 1856 1636 petit.
1870 1581 2090 1625 Dardania

1244 1646 1348 1689 urbs
1370 1644 1454 1689 fuit
1475 1646 1520 1688 in
1546 1645 1671 1689 litore
1695 1645 1966 1702 Hellesponti
1987 1646 2089 1690 sita:

1243 1726 1348 1754 nam
1381 1719 1476 1768 post
1504 1709 1710 1770 Abydum
1740 1711 2087 1767 promontorium

1243 1783 1309 1818 est
1335 1774 1609 1818 Dardanium
1625 1806 1638 1828 ,
1671 1783 1715 1818 et
1742 1774 1889 1818 civitas
1908 1772 2088 1819 Darda-

1227 1838 1230 1840 ’
1243 1838 1316 1883 nia
1327 1873 1339 1894 ,
1364 1856 1415 1899 7⁰
1427 1839 1534 1889 stad.
1548 1840 1600 1883 ab
1616 1839 1774 1897 Abydo
1788 1839 1962 1885 distans.
1978 1843 2091 1884 Petit

1242 1914 1390 1948 autem
1404 1921 1485 1962 pro
1497 1905 1647 1962 petivit
1659 1904 1856 1947 ultimam
1871 1903 2086 1961 producit,

1241 1978 1291 2012 ut
1311 1970 1440 2012 verba
1458 1969 1608 2012 omnia
1622 1982 1858 2028 syncopam
1873 1967 2011 2012 haben
2019 1970 2087 2013 tia.
2162 2014 2172 2024 ‚

1241 2036 1399 2077 Nomen
1409 2039 1603 2078 auctam.
1619 2035 1792 2078 Nomen
1808 2033 2004 2077 Dardani
2014 2035 2043 2077 J
2045 2051 2087 2076 o-

1238 2099 1302 2142 vis
1317 2098 1393 2141 filii
1410 2131 1423 2153 ,
1445 2099 1520 2155 qui
1543 2114 1639 2142 eam
1659 2097 1866 2142 condidit.
1899 2127 1904 2130 -

1296 2161 1360 2206 26.
1375 2163 1438 2204 Et
1446 2171 1506 2212 te,
1522 2165 1704 2205 ruricola
1715 2194 1726 2212 ‚
1753 2162 1988 2215 Lampsaco?
2004 2170 2085 2205 etc.

1240 2226 1526 2283 Lampsacum
1545 2227 1676 2270 etiam
1695 2227 1893 2283 pervenit
1907 2226 1959 2269 ab
1978 2227 2084 2271 urbe

1238 2290 1462 2334 Dardania
1495 2307 1506 2334 ε
1534 2290 1620 2334 fuit
1646 2300 1792 2334 autern
1825 2291 2083 2347 Lampsacus

1237 2355 1340 2398 urbs
1354 2355 1532 2412 insignis
1545 2355 1597 2398 ad
1614 2371 1733 2398 mare
1747 2355 1826 2399 sita
1841 2387 1853 2409 ,
1870 2371 1965 2411 quae
1980 2372 2084 2412 por-

1236 2422 1566 2479 tum'optimum
1587 2421 1763 2465 habuit:
1785 2421 1903 2477 prius
1915 2424 2082 2465 Piliusa

1234 2487 1482 2530 vocabatur.
1495 2487 1582 2530 Per
1596 2487 1744 2530 Deum
1761 2494 1908 2530 autem
1931 2491 2079 2530 rurico-

1234 2554 1318 2595 lam
1338 2552 1548 2609 Priapum
1568 2551 1758 2606 intellige
1776 2569 1787 2603 ;
1815 2552 1888 2609 qui
1910 2551 1975 2594 vir
1996 2551 2078 2595 fuit

1234 2633 1284 2659 ex
1308 2616 1544 2674 Lampsaco
1563 2617 1669 2660 urbe
1694 2615 1992 2672 Hellesponti;
2023 2616 2075 2659 de

1233 2698 1317 2738 qua
1338 2683 1482 2739 pulsus
1497 2716 1510 2737 ‚
1530 2691 1706 2739 propter
1728 2681 2047 2725 obscaenitatem
2065 2699 2072 2724 :

1234 2756 1355 2790 vocat
1375 2755 1524 2790 autem
1541 2749 1677 2789 Deum
1696 2749 1939 2798 ruricolam,
1955 2762 2074 2802 quo·

1231 2813 1349 2855 niam
1370 2813 1416 2855 in
1434 2811 1571 2855 hortis
1585 2810 1755 2856 colitur.

1286 2894 1350 2931 27.
1379 2880 1463 2920 Per
1485 2886 1687 2932 angustas
1715 2880 1863 2920 undas.
1890 2876 2074 2921 Vastum

1228 2941 1348 2986 enim
1372 2957 1490 2984 mare
1520 2939 1762 2997 praejacens‘
1780 2940 1892 2984 Asia
1909 2974 1921 2995 ,
1945 2950 1989 2984 et
2022 2943 2072 2985 ab

1230 3009 1407 3064 Europa
1440 3015 1641 3064 porrecto
1665 3005 1926 3051 Chersonesi
1949 3007 2073 3051 litore

1228 3074 1451 3130 expulsum
1469 3091 1479 3124 ;
1501 3081 1682 3130 angusto
1703 3081 1851 3116 meatu
1872 3073 2073 3128 irrumpit

1227 3139 1273 3181 in
1293 3148 1429 3182 terras
1445 3172 1456 3191 ,
1479 3147 1647 3195 septem
1671 3137 1911 3181 stadiorum
1936 3139 2073 3182 inter-

1225 3204 1337 3246 vallo
1374 3203 1596 3260 Europam
1635 3202 1877 3247 discludens
1921 3203 2032 3247 Asiae
2057 3221 2067 3254 ;

1226 3267 1387 3323 hasque
1409 3268 1623 3324 angustias
1644 3267 1978 3324 Hellespontum
1993 3282 2067 3309 vo-

1224 3341 1336 3376 cant,
1372 3335 1554 3386 Virginis·
1581 3335 1690 3374 male
1722 3343 1857 3376 vecte.
1888 3332 2064 3385 Helles,

1226 3414 1320 3454 quae
1339 3397 1487 3440 hausta
1507 3396 1706 3441 fluctibus
1727 3397 1865 3453 periit.
