2268 3848
326 307 394 357 82
797 304 862 355 P.
909 300 1196 363 OVIDII
1236 299 1615 356 NASONIS

322 416 475 478 Fecit
503 439 656 476 amor
687 415 897 475 subitas
924 413 1171 483 volucres
1199 438 1324 475 cum
1353 414 1545 497 pellice
1573 435 1782 493 regem,

410 513 658 593 Quaeque
690 534 849 571 suum
879 509 1031 587 luget
1056 533 1202 569 nunc
1233 534 1450 593 quoque
1480 525 1650 571 mater
1678 513 1822 593 Ityn.

1995 530 2078 586 39⁰

329 607 388 667 Si
416 631 532 668 non
559 609 807 689 AEropen
834 606 1001 666 frater
1030 605 1320 667 sceleratus
1348 622 1609 684 amasset,

409 707 644 764 Aversos
674 703 820 764 Solis
846 727 960 763 non
991 702 1292 780 legeremus
1323 727 1526 786 equos;

328 799 505 882 Impia
530 821 630 857 nec
662 797 894 876 tragicos
926 798 1193 875 tetigisset
1219 798 1398 881 Scylla
1426 799 1752 870 cothurnOS,

410 895 483 955 Ni
512 895 751 977 patrium
777 893 978 953 crinem
1006 892 1334 953 desecuisset
1358 917 1526 954 amor.

332 991 448 1071 Qui
476 989 612 1067 legis
641 986 895 1049 Electran
912 1034 926 1060 ‚
957 1001 1012 1047 et
1036 1002 1281 1065 egentem
1304 989 1503 1048 mentis
1535 988 1798 1058 Oresten,
2010 1003 2091 1062 395

410 1083 666 1166 AEgysthi
693 1082 895 1142 crimen
923 1081 1559 1165 Tyndaridosquelegis.

330 1183 468 1242 Nam
497 1179 629 1262 quid
659 1178 724 1239 de
752 1178 945 1238 tetrico
976 1177 1201 1238 referam
1229 1178 1496 1239 domitore
1527 1178 1836 1251 Chimaerae,

411 1278 592 1355 Quem
621 1273 731 1334 leto
760 1272 921 1334 fallax
948 1273 1170 1355 hospita
1198 1297 1352 1355 paene
1380 1272 1565 1333 dedit?

328 1370 482 1450 Quid
509 1370 707 1451 loquar
736 1368 1110 1439 Hermionen?
1138 1367 1271 1450 quid
1298 1383 1376 1440 te,
1413 1366 1697 1427 Schoeneia
1726 1366 1911 1446 virge,

406 1466 595 1545 Teque
612 1509 626 1534 ‚
659 1464 942 1544 Mycenaeo
965 1461 1208 1523 Phoebas
1227 1463 1406 1522 ‘amata
1432 1461 1559 1521 duci
1574 1463 1605 1530 R.

2006 1480 2088 1536 400

329 1561 482 1640 Quid
512 1562 767 1631 Danaen,
797 1559 1122 1641 Danaesque
1143 1582 1375 1632 nurum,
1403 1574 1737 1642 matremque
1765 1559 1956 1642 Lyaei?

378 1723 470 1780 389.
498 1721 614 1763 Facit
634 1736 754 1762 amor
776 1722 939 1762 subitas
964 1720 1165 1762 volucres.

324 1786 455 1829 Terei
474 1783 725 1840 tragoediam
746 1783 957 1840 intelligit.
971 1783 1087 1827 Nota
1103 1791 1168 1827 est

323 1852 468 1897 fabula
487 1852 618 1896 Ovid.
639 1852 932 1907 Metamorph.
952 1851 1022 1896 lib.
1041 1851 1122 1894 VI.

380 1919 474 1975 390.
499 1920 673 1972 Quoeque
690 1933 806 1960 suum
823 1920 948 1972 luget.
959 1916 1166 1973 Prognen

323 1981 521 2039 designat
535 2016 546 2036 ,
570 1983 701 2025 Terei
721 1984 832 2041 regis
845 1982 1041 2026 Daulidis
1062 1998 1168 2026 uxo-

319 2062 417 2089 rem
431 2079 442 2101 ,
457 2063 551 2103 quae
562 2049 679 2105 Itym
694 2047 832 2091 filium
848 2047 1002 2091 occidit
1013 2081 1025 2102 ,
1041 2057 1084 2091 et
1097 2064 1167 2104 pa*

320 2111 377 2154 tri
398 2110 661 2167 epulandum
684 2111 880 2167 adposuit
900 2121 1075 2168 propter
1093 2128 1167 2156 so—

321 2191 466 2218 rorem
475 2175 760 2218 Philomelam
773 2176 975 2218 violatam
994 2191 1004 2218 ι
1019 2184 1165 2231 postea

322 2248 488 2282 mutata
507 2239 656 2282 fuitrin
676 2238 911 2283 lusciniam.

387 2305 480 2364 391.
513 2305 564 2347 Si
588 2320 669 2346 non
695 2306 886 2358 AEropen.
916 2303 1041 2346 Atrei
1072 2311 1165 2346 tra—

323 2369 507 2426 goediam
539 2368 740 2425 intelligit
770 2384 780 2410 ε
809 2376 962 2410 notum
993 2375 1057 2410 est
1085 2383 1161 2410 au-

323 2443 413 2476 tem
434 2433 632 2488 AEropen
650 2465 662 2486 ,
687 2432 810 2475 Atrei
831 2447 1009 2475 uxorem
1026 2464 1039 2485 ,
1061 2447 1164 2475 cum

324 2498 514 2557 Thyeste
545 2497 825 2541 concubuisse
846 2529 859 2551 ,
895 2496 1012 2552 quod
1049 2512 1162 2553 aegre

318 2563 468 2606 serens
489 2562 648 2605 Atreus
663 2594 675 2616 ,
693 2562 851 2605 liberos
869 2561 907 2603 ei
926 2558 1163 2617 epulandos

323 2627 519 2684 adposuit
535 2641 544 2668 ε
565 2642 661 2682 quae
673 2625 748 2668 Sol
763 2658 774 2678 ,
798 2641 854 2668 ne
867 2625 1134 2682 pollueretur
1146 2658 1160 2681 ,

322 2691 502 2748 aufugit.
541 2689 654 2734 Illud
685 2689 929 2732 notandum
946 2721 958 2743 ,
987 2689 1162 2733 Graecos

322 2756 445 2799 Atrei
482 2770 662 2798 uxorem
701 2769 791 2796 non
823 2755 1013 2809 Europen
1031 2787 1044 2805 ,
1085 2754 1162 2798 sed

320 2823 497 2875 AEropen
511 2853 520 2868 ‚
547 2819 795 2862 nominare.

362 2886 455 2943 392.
463 2885 508 2927 A
511 2900 647 2926 versos
660 2886 781 2927 Solis.
794 2882 932 2939 Quasi
943 2883 1164 2941 refugiem

318 2956 382 2991 tes
403 2949 672 2991 atrocitatem
690 2948 800 2991 illius
818 2949 1057 3004 spectaculi.

372 3013 466 3071 396.
503 3014 847 3068 Tyndaridosque.
877 3013 935 3056 Et
957 3012 1162 3071 Clytem⁴

318 3085 473 3121 nestrae
492 3078 590 3121 filiae
605 3076 800 3136 Tyndari
822 3094 873 3121 ex
892 3078 1033 3134 Leda,
1051 3095 1160 3122 uxo-

317 3142 461 3197 risque
502 3143 843 3197 Agamemnonis
869 3175 882 3196 ,
922 3157 1019 3199 quae
1056 3158 1155 3186 cum

318 3205 517 3261 AEgistho
540 3207 740 3266 Thyestis
766 3206 856 3249 filio
875 3240 887 3261 ,
916 3207 1021 3250 dum
1035 3207 1156 3249 -bello

317 3269 358 3311 T
359 3270 511 3331 roiano
535 3272 713 3315 maritus
731 3271 957 3325 interfuit,
981 3271 1161 3315 adulte--

316 3346 431 3375 mum
450 3335 676 3378 commisit.
807 3373 811 3376 .
888 3362 895 3376 -.
927 3353 930 3354 ⁷
995 3367 1002 3373 .

370 3397 460 3455 397.
479 3401 589 3446 Nam
602 3403 705 3457 quid
716 3404 769 3445 de
783 3406 940 3447 leit-eka.
959 3402 1156 3446 Bellero-

1246 1716 1432 1774 phontes
1451 1716 1563 1761 filius
1582 1717 1666 1760 fuit
1682 1716 1834 1760 Glauci
1852 1732 1864 1772 ·,
1892 1717 1957 1761 vir
1981 1734 2089 1763 mu—

1247 1797 1354 1825 nere
1385 1781 1534 1825 Defim
1569 1781 1713 1831 eximii
1751 1790 1847 1826 tum
1893 1783 2084 1838 roboris,

1246 1853 1341 1888 tum
1363 1845 1557 1898 decoris;
1585 1845 1682 1889 vide
1695 1845 1921 1903 *fab.,apud
1942 1848 2089 1904 Apol-

1246 1908 1447 1952 lodorum
1462 1943 1475 1965 ,
1503 1910 1575 1952 lib.
1597 1909 1643 1953 11
1657 1942 1668 1964 ‚
1698 1918 1741 1953 et
1759 1909 1892 1954 Ovid.
1906 1910 2088 1954 Metam.

1245 1975 1317 2018 lib.
1339 1977 1427 2028 1X;
1445 1976 1542 2019 vide
1565 1976 1749 2019 Homer.
1766 1975 1815 2020 ΙΙ.
1831 1985 1874 2020 Ζ.

1293 2041 1385 2100 399.
1404 2042 1957 2096 Qm‘dloquarHermionen?
1975 2042 2089 2085 Her-

1245 2105 1440 2149 mionem
1463 2104 1686 2160 Menelai,
1706 2106 1773 2148 vel
1797 2105 1878 2159 (ut
1899 2105 1967 2148 alii
1991 2122 2089 2148 ma·—

1243 2170 1366 2224 lunt)
1384 2170 1543 2215 Thesei
1560 2179 1604 2214 et
1618 2169 1800 2215 Helenae
1812 2170 1945 2214 filiam
1957 2171 2088 2215 fuisse

1244 2246 1412 2281 constat
1428 2270 1440 2292 ,
1467 2253 1563 2294 quae
1581 2237 1729 2281 Oresti
1746 2238 2089 2294 Agamemnonis

1242 2302 1333 2345 filio
1348 2302 1598 2358 desponsata
1611 2301 1707 2344 fuit.
1720 2304 2090 2356 Qualtescbaeneia

1241 2370 1371 2421 virgo.
1387 2365 1634 2410 Atalantam
1644 2366 1847 2422 intelligit
1860 2367 2060 2412 Schoenei
2073 2402 2086 2424 ,

1242 2431 1354 2487 regis
1376 2430 1499 2490 Scyri
1511 2430 1660 2474 insulae
1671 2463 1683 2484 ,
1700 2430 1834 2474 filiam
1850 2463 1862 2485 ,
1878 2432 2001 2488 cujus
2017 2432 2088 2475 fa-

1242 2494 1389 2538 bulam
1418 2495 1549 2538 habes
1576 2494 1690 2550 apud
1711 2493 1922 2539 Ovidium
1937 2527 1951 2551 ,
1983 2497 2087 2541 Me-

1242 2561 1459 2617 tamorph.
1482 2560 1554 2603 lib.
1575 2561 1630 2604 X.

1294 2629 1389 2681 400.
1399 2629 1546 2683 Teque,
1561 2627 1783 2686 Mj‘cenoeo.
1797 2626 2087 2674 Cassandram

1241 2691 1450 2749 designat,
1463 2693 1750 2750 Priami'regis
1763 2693 1894 2739 filiam
1907 2726 1920 2748 ,
1934 2698 2081 2751 quam,

1239 2767 1334 2814 post
1351 2759 1497 2814 Trojae
1511 2758 1746 2813 excidium,
1775 2759 2083 2816 Agamemnon

1239 2821 1450 2880 Mycenas
1482 2822 1693 2878 captivam
1728 2823 1848 2867 duxit
1880 2857 1894 2879 ‚
1935 2834 2082 2882 captus

1237 2888 1333 2943 ejus
1351 2901 1512 2930 amore.

1292 2953 1385 3005 401.
1410 2953 1527 3004 Quid
1539 2953 1720 2996 Danaen
1732 2987 1743 3003 ‚
1767 2954 1992 3010 Danaique
2006 2972 2083 2998 nu·
2104 2970 2106 2972 ·

1235 3014 1456 3060 rus.‘Filiae
1474 3016 1614 3060 Danai
1637 3018 1679 3061 in
1704 3019 1917 3076 tragoediis
1935 3029 2078 3072 notae;

1235 3082 1365 3126 nulla:
1383 3091 1500 3126 notae
1518 3082 1658 3127 Danai
1678 3101 1826 3129 nurus.
1845 3086 1996 3142 Quare
2011 3104 2082 3130 re-

1236 3161 1348 3202 pone
1362 3162 1461 3189 cum
1477 3148 1627 3204 primis
1642 3149 1906 3194 editionibus
1919 3159 1962 3193 et
1973 3151 2082 3193 scri-

1235 3219 1409 3266 ptorum
1433 3212 1579 3256 multis
1603 3230 1616 3256 t
1639 3216 1894 3272 Danaesque
1921 3231 2075 3259 nurum.

1235 3275 1521 3329 Andromeda
1534 3278 1680 3321 Persei
1697 3295 1818 3331 uxor,
1837 3288 1880 3323 et
1891 3278 2075 3336 proinde

1202 3356 1215 3369 ·-·
1233 3340 1407 3383 Danaes
1419 3357 1556 3384 nurus.
1571 3342 1630 3385 H.
1645 3365 1700 3375 —
1712 3344 1894 3388 Danaen
1915 3352 2075 3400 tragoe-

1234 3403 1349 3447 diam
1372 3405 1537 3462 scripsit
1559 3407 1746 3453 Naevius.
1773 3407 1825 3453 C.
1845 3429 1899 3445 ι·-
1917 3407 2070 3452 Danae
