2280 3776
456 254 569 314 EX
608 257 917 313 PONTO
956 258 1115 314 LIB.
1162 255 1275 315 IV.
1320 259 1601 315 EPIST.
1646 263 1835 318 v111.

337 374 559 436 ,Iudicio
593 372 827 458 pretium
859 397 945 434 res
970 373 1139 434 habet
1167 375 1273 435 ista
1304 389 1416 436 tuo.

1931 265 2034 334 44⁵

263 471 432 552 Quod
461 471 566 532 nisi
599 484 650 531 te
676 491 881 530 numen
911 483 1121 529 tantum
1150 469 1217 530 ad
1250 471 1452 552 majora
1481 487 1757 544 vocasset,

347 563 536 626 Gloria
564 564 842 624 Pieridum
871 586 1093 648 summa*
1114 563 1335 624 futurus
1363 588 1496 626 eras.

264 661 371 722 Sed
401 661 527 722 dare
557 659 834 721 materiam
862 657 1056 729 nobis,
1085 681 1248 741 quam
1279 660 1517 721 carmina
1535 707 1550 733 ,
1580 662 1756 743 majus
1781 687 1795 722 ε

346 758 460 818 Nec
490 771 669 817 tamen
700 779 765 817 ex
795 770 913 816 toto
942 755 1188 817 deserere
1213 754 1307 816 illa
1335 774 1509 839 potes.

266 855 405 915 Nam
436 853 603 914 modo
628 851 774 914 bella
805 852 981 932 geris,
1012 854 1252 914 numeris
1283 852 1452 914 modo
1484 854 1647 915 verba
1679 877 1921 929 coerces,

351 947 632 1031 Quodque
662 946 783 1008 aliis
812 972 953 1031 opus
981 963 1095 1021 est,
1127 947 1233 1009 hoc
1266 947 1369 1008 tibi
1399 947 1564 1009 ludus
1594 948 1712 1010 erit.

270 1049 456 1132 thue
480 1069 579 1107 nec
603 1045 671 1106 ad
695 1045 957 1106 citharam
973 1092 988 1118 ‚
1013 1070 1113 1106 nec
1142 1046 1210 1107 ad
1235 1070 1419 1108 arcum
1450 1047 1631 1126 segnis
1656 1047 1862 1131 Apollo
1887 1068 1997 1121 est;

350 1143 459 1205 Sed
490 1143 640 1204 venit
667 1141 735 1204 ad
765 1166 943 1204 sacras
971 1166 1172 1204 nervus
1197 1157 1431 1227 uterquc
1461 1167 1683 1214 manus;
1996 1167 2048 1219 7⁰

270 1242 359 1303 Sic
390 1242 495 1303 tibi
523 1264 622 1302 nec
653 1240 829 1312 docti,
860 1264 959 1301 nec
989 1241 1187 1301 desunt
1214 1241 1483 1325 principis
1510 1256 1690 1303 artes:

354 1338 523 1400 Mista
551 1337 647 1399 sed
677 1351 758 1399 est
782 1338 964 1400 animo
993 1361 1115 1398 cum
1141 1339 1277 1399 Jove
1309 1339 1472 1399 Musa
1505 1352 1619 1398 tuo.

273 1435 412 1515 Quae
440 1434 698 1519 quoniam
727 1458 825 1495 nec
851 1459 956 1497 nos
986 1435 1130 1496 unda
1160 1434 1440 1495 submovit
1467 1435 1535 1496 ab
1570 1433 1692 1507 illa,

355 1530 577 1611 Ungula
609 1531 892 1611 Gorgonei
923 1549 1086 1615 quam
1114 1555 1240 1592 cava
1266 1530 1394 1593 fecit
1426 1532 1584 1616 equi,
1999 1552 2053 1592 su

276 1627 485 1702 Prosit,
520 1652 788 1712 opemque
818 1628 954 1690 ferat
984 1628 1293 1689 communia
1325 1652 1475 1689 sacra
1508 1629 1684 1700 tueri,

275 1766 332 1813 ta,
347 1757 464 1815 quod
483 1758 610 1803 docet
627 1757 1122 1816 Tranquillus,scribens

276 1840 378 1867 eum
399 1824 618 1882 reliquisse
637 1823 867 1868 comoedias
882 1823 1067 1868 Graecas.

329 1890 396 1933 68.
422 1891 593 1934 Iudicio
612 1898 695 1935 tuo.
719 1891 785 1934 Te
808 1890 867 1933 ita
885 1889 1119 1947 judicante.

276 1956 471 1999 —Habet
479 1959 667 2010 pretium.
687 1954 906 1999 Censetur
924 1963 968 1997 et
985 1954 1121 1997 habe-

275 2029 349 2064 tur
378 2019 424 2064 in
456 2021 597 2078 pretio
616 2054 628 2076 ,
657 2030 733 2064 tuo
764 2020 937 2077 judicio.
958 2042 1013 2052 -
1033 2022 1120 2062 Bes

267 2090 372 2144 ficta.
390 2086 588 2131 Facultas
607 2085 785 2144 poetica.

329 2150 395 2210 69.
425 2152 583 2195 Nomen
615 2158 788 2194 tantum.
827 2150 971 2193 Tanta
1002 2148 1120 2191 sama

276 2213 487 2258 virtutum
510 2223 685 2257 tuarum
707 2229 717 2257 z
737 2213 806 2270 vel
829 2228 995 2257 nomen
1018 2211 1122 2256 (Ξε-

278 2277 459 2321 saris.—-
477 2279 684 2322 Vocasset
700 2285 742 2321 te
759 2279 829 2321 ad.
850 2277 1059 2334 Elegisset
1080 2286 1122 2320 te

279 2341 334 2384 ad
357 2342 608 2398 imperium.
916 2361 918 2365 ·

339 2422 402 2464 70.
428 2410 580 2452 Gloria
594 2408 806 2451 Pieridum
827 2422 1000 2451 summa.
1019 2405 1127 2449 Eras

280 2471 454 2517 futurus
477 2473 689 2517 maximus
712 2481 854 2530 poeta.

338 2553 402 2593 71.
419 2539 506 2580 Sed
521 2540 623 2581 dare
646 2541 862 2580 materiam
881 2540 1015 2581 nobis.
1035 2536 1126 2580 Sed

282 2601 474 2658 praebere
493 2601 628 2659 poetis
646 2601 896 2646 facultatem
910 2601 1126 2646 scribendi

282 2666 337 2711 de
356 2667 485 2712 rebus
504 2685 528 2712 a
548 2684 592 2712 se
615 2668 755 2725 gestis.
778 2691 833 2700 -
861 2671 996 2722 Quam
1022 2685 1127 2711 car-

282 2736 408 2778 m’na.
436 2732 515 2777 Est
553 2732 672 2776 enim
704 2732 882 2787 majoris
913 2731 1091 2777 honoris
1113 2765 1125 2787 ,

283 2813 414 2856 quam
434 2799 621 2843 scribere
640 2797 846 2842 carmina.

339 2878 403 2919 72.
420 2864 493 2905 Ex
505 2871 603 2906 toto.
627 2862 692 2906 Ex
706 2862 828 2905 omni
849 2863 1128 2919 parte.—-De-

282 2942 412 2970 serere
421 2931 500 2971 illa
505 2937 639 2983 potes.
650 2929 780 2971 Potes
793 2926 863 2970 illa
877 2926 1070 2971 carmina
1085 2935 1129 2969 et

283 2990 470 3048 poetices
482 2992 675 3036 studium
691 2993 940 3049 relinquere
952 3025 963 3046 ,
980 3007 1128 3048 quarn-

282 3056 346 3098 vis
375 3055 430 3099 sit
457 3057 599 3112 major
632 3056 912 3114 imperatoria
943 3056 1129 3114 dignitas

284 3129 412 3177 poeta
430 3120 788 3177 ipsa—Deserere
807 3125 1025 3178 illapotes.
1045 3125 1131 3165 De-

283 3189 418 3228 sinere
448 3185 714 3230 Hafniensis.
755 3186 841 3230 Adi
868 3196 993 3230 notas
1033 3186 1130 3230 Art.

287 3252 433 3296 Amat.
451 3252 521 3296 lib.
543 3253 613 3307 11,
635 3253 714 3296 sub
735 3252 885 3296 finem.
909 3254 968 3298 H.

347 3319 410 3375 73.
445 3320 634 3362 Numert‘s
661 3322 783 3362 modo
812 3322 925 3362 bella
955 3335 1132 3364 coerces.

296 3383 430 3427 Verba
458 3398 620 3427 coerces
645 3382 837 3440 plerique
862 3393 1057 3438 veteres-»3
1087 3396 1133 3430 et

1205 1766 1391 1801 recte.—·
1399 1760 1589 1800 Numeris
1609 1760 1731 1800 modo
1748 1759 1859 1799 bella
1876 1772 2053 1800 coerces.

1209 1822 1459 1879 Aliquando
1481 1821 1589 1865 bella
1607 1821 1857 1865 intermittis
1873 1854 1884 1875 ,
1906 1830 1949 1864 et
1964 1837 2055 1864 car-

1206 1890 1326 1931 mina
1342 1889 1568 1945 componis
1583 1921 1594 1941 ,
1616 1898 1659 1932 et
1679 1889 1874 1931 numeris
1895 1887 1963 1930 illa
1985 1889 2056 1931 in-

1202 1951 1355 2005 cludis;
1365 1953 1446 1998 hoc
1458 1962 1539 2007 est,
1553 1953 1756 1996 describis
1766 1952 1834 1995 illa
1849 1952 2052 1996 versibus.

1262 2021 1325 2075 75.
1344 2021 1503 2075 Segmzr.
1525 2020 1685 2062 Lentus
1706 2035 1820 2062 unus
1839 2019 2024 2062 Heinsii.

1261 2083 1324 2141 76.
1345 2084 1431 2125 Sed
1444 2093 1611 2140 uterque
1631 2100 1789 2127 nervus.
1818 2083 1906 2126 Sed
1931 2092 2051 2126 utra-

1204 2162 1288 2203 que
1312 2147 1475 2191 chorda
1501 2156 1547 2191 et
1576 2148 1750 2191 citharae
1780 2156 1824 2191 et
1848 2164 1983 2191 arcus.
2001 2171 2055 2180 —

1212 2215 1337 2259 Veni!
1348 2216 1580 2256 adsueras.
1597 2213 1829 2256 Tractatur
1842 2214 1969 2256 sacris
1987 2213 2056 2255 div

1206 2277 1301 2333 gitis
1322 2276 1545 2333 Apollinis.

1264 2358 1327 2398 77.
1359 2344 1486 2384 Artes
1516 2345 1642 2385 docti.
1673 2342 1803 2386 Artes
1831 2341 2055 2398 liberales,

1206 2415 1251 2450 et
1271 2406 1450 2463 poeticae
1481 2406 1623 2450 studia
1646 2440 1658 2460 ‚
1693 2407 1740 2450 in
1772 2407 1928 2464 quibus
1952 2424 2059 2451 ver-

1208 2482 1361 2517 santur
1373 2472 1915 2530 docti.—Areespr1·nce)›13.
1930 2475 2057 2517 Artes

1207 2537 1498 2594 imperatoriae
1518 2555 1529 2582 ι
1555 2538 1637 2582 hoc
1658 2547 1745 2592 est,
1766 2539 1833 2582 rei
1860 2538 2058 2582 militaris

1207 2602 1398 2647 scientia.

1265 2671 1328 2727 78.
1347 2671 1484 2713 M'sta
1507 2674 1586 2713 sed
1606 2679 1673 2714 est
1696 2674 1836 2713 animo
1861 2679 1945 2713 tuo.
1969 2671 2059 2715 Sed

1209 2734 1347 2779 haeret
1369 2736 1518 2779 animo
1535 2737 1789 2779 tum—Cum
1798 2738 1905 2779 Jove
1918 2737 2060 2779 Musa.

1210 2800 1423 2844 Doctrina
1436 2817 1537 2845 cum
1552 2802 1720 2858 optimo
1733 2801 1945 2857 principe,
1960 2816 2061 2857 qua·

1206 2865 1259 2909 lis
1278 2875 1344 2910 est
1356 2866 1534 2923 Jupiter
1558 2866 1772 2910 Deorum.
1806 2867 1894 2909 Per
1915 2867 2061 2909 lovem

1210 2931 1327 2974 enim
1343 2933 1542 2989 intelligit
1555 2932 1879 2988 imperatoriam
1893 2941 1938 2975 et
1948 2933 2062 2989 prin-

1210 2996 1313 3052 cipis
1345 2997 1571 3040 scientiam
1605 3014 1615 3040 ε
1646 3013 1724 3054 per
1755 2998 1924 3040 Musam
1954 3013 2059 3040 vero

1210 3061 1388 3118 poeticae
1413 3060 1679 3106 facultatem.

1269 3143 1333 3185 79.
1351 3128 1440 3171 Nec
1451 3144 1541 3171 nos.
1556 3127 1925 3178 NecvosaSermet
1939 3145 1980 3186 p·
1996 3127 2065 3171 ed.

1267 3194 1335 3235 80.
1370 3193 1541 3248 Ungula
1566 3194 1781 3248 Gorgonei
1800 3197 1907 3250 equi.
1938 3193 2064 3250 Hip-

1218 3272 1421 3314 pocrene.

1269 3324 1334 3365 8¹.
1372 3323 1509 3365 Tueri.
1535 3323 1688 3365 Tamti
1720 3322 1863 3368 Servii
1888 3332 1932 3367 et
1957 3337 2067 3379 qua-

1215 3395 1318 3430 tuor
1336 3386 1432 3442 alii,
1455 3397 1500 3430 et
1518 3386 1797 3432 Bel-smanni.
