2280 3776
507 302 942 359 TRISTIUM
981 303 1138 356 LIB.
1191 301 1301 357 IV.
1357 302 1600 356 ELEG.
1647 303 1800 357 VII.

1928 306 2025 359 183

824 575 1240 650 ELEGIA
1285 577 1458 648 VII.

842 883 1260 940 ARGUMEN
1279 884 1488 940 TUM.

290 1015 481 1061 Miratur
493 1027 618 1076 poeta
632 1051 643 1074 ,
659 1020 776 1076 quod
790 1020 970 1066 biennio
989 1022 1077 1078 jam
1094 1029 1256 1076 exacto,
1275 1022 1415 1067 nullas
1429 1023 1481 1067 ab
1496 1023 1636 1067 amico
1649 1022 1857 1082 acceperit
1873 1023 2014 1068 literas
2033 1058 2045 1079 ,

345 1102 482 1147 quum
502 1087 544 1131 hi
567 1091 804 1145 praesertim
828 1090 880 1134 ad
901 1107 1002 1134 eum
1022 1092 1294 1149 scripserint,
1317 1092 1575 1150 quibuscum
1605 1094 1802 1138 amicitie
1826 1110 1926 1139 usus
1958 1110 2048 1138 non

342 1153 485 1197 fuerat
510 1163 598 1198 tarn
629 1158 846 1213 probatus.
879 1158 1116 1216 Subiungit
1138 1168 1285 1203 tamen
1307 1160 1435 1203 mane
1457 1178 1500 1203 se
1523 1161 1669 1204 omnia
1692 1161 1867 1206 credere
1885 1195 1897 1216 ,
1918 1178 2048 1219 quam

342 1221 464 1265 ilium
495 1225 632 1268 nullas
659 1226 710 1268 ad
742 1242 845 1269 eum
874 1226 1038 1271 dedisse
1059 1228 1202 1272 literas
1217 1261 1229 1281 ,
1253 1244 1357 1285 quas
1384 1228 1642 1287 interceptas
1662 1230 1789 1275 fuisse
1810 1233 2053 1277 existimat:

346 1291 554 1338 admonet
572 1304 817 1352 postremo,
844 1305 892 1340 ut
916 1297 1095 1341 tandem
1114 1297 1298 1353 scribat,
1326 1314 1382 1343 ne
1407 1314 1581 1357 semper
1603 1301 1867 1346 excusandus
1886 1302 1954 1347 sit.

295 1416 422 1502 BIS
447 1465 532 1502 me
561 1442 645 1503 sol
675 1443 812 1503 adiit
842 1442 1029 1522 gelidae
1055 1460 1187 1528 post
1211 1446 1412 1524 frigora
1439 1445 1673 1519 brumae,

375 1538 580 1622 Bisque
608 1563 769 1600 suum
800 1555 946 1601 tacto
974 1541 1129 1602 Pisce
1159 1543 1370 1626 peregit
1398 1542 1533 1602 iter:

296 1634 566 1720 Tempore
595 1649 705 1695 tam
731 1633 897 1716 longo
928 1661 1024 1698 cur
1053 1661 1167 1698 non
1200 1652 1290 1697 tua
1323 1637 1539 1698 dextera
1557 1685 1572 1709 ‚
1600 1660 1787 1700 versus

379 1729 704 1810 Quamlibet
730 1731 789 1791 in
814 1756 1046 1815 panem,
1078 1732 1323 1793 officiosa
1349 1733 1496 1792 suit?

299 1825 413 1886 Cur
437 1840 532 1886 tua
561 1826 789 1887 cessavit
813 1828 1018 1911 pietas,
1050 1828 1419 1898 scribentibus
1448 1828 1586 1903 illis,
2036 1852 2062 1891 5

379 1923 627 2002 Exiguus
652 1925 815 1986 nobis
842 1949 966 1986 cum
995 1926 1198 2009 quibus
1226 1951 1359 1987 usus
1384 1929 1545 1988 erat?

302 2017 447 2092 Cur,
476 2019 690 2105 quoties
717 2019 877 2082 alicui
906 2020 1103 2082 chartae
1134 2044 1232 2081 sua
1260 2020 1475 2083 vincula
1505 2022 1705 2094 demsi‚

379 2111 540 2178 Illam
566 2117 778 2200 speravi
807 2141 1010 2179 nomen
1035 2117 1236 2177 habere
1267 2121 1464 2178 tuum?

302 2210 378 2270 m
403 2211 634 2285 faciant,
663 2227 728 2273 ut
759 2236 899 2304 saepe
931 2227 1022 2274 tua
1054 2214 1127 2275 sit
1152 2212 1386 2297 epistola
1412 2213 1604 2275 dextra

388 2306 635 2391 Scripta,
665 2309 759 2371 sed
787 2334 818 2370 e
844 2308 1034 2370 multis
1061 2309 1274 2370 reddita
1301 2308 1450 2369 nulla
1476 2309 1645 2389 mihi!

2029 2344 2078 2372 10

309 2405 482 2484 Quod
509 2427 730 2488 precor,
761 2430 875 2468 esse
902 2405 1078 2488 liquet
1100 2431 1112 2466 :
1141 2406 1350 2465 credam
1376 2405 1532 2487 prius
1554 2429 1649 2466 ora
1672 2405 1918 2469 Medusae

397 2499 674 2579 Gorgonis
702 2502 986 2579 anguineis
1016 2503 1191 2562 cincta
1218 2501 1384 2561 fuisse
1409 2501 1612 2574 comis3

372 2659 389 2685 1
397 2675 406 2684 .
428 2643 510 2691 Bis
525 2659 589 2686 me
601 2645 671 2686 sol
678 2645 791 2686 adiit
795 2644 977 2697 gelidam
978 2651 1079 2698 post
1074 2642 1158 2697 fri-

310 2725 408 2765 gore
420 2712 617 2754 brumam.
638 2708 726 2753 Alii
736 2712 883 2764 gelidoe
886 2717 989 2764 post
990 2710 1159 2765 frigora

315 2779 487 2828 brucum
508 2775 584 2820 sed
610 2775 790 2818 minime
816 2775 953 2831 placet
972 2774 1077 2818 illud
1096 2792 1160 2819 me

317 2843 388 2883 sal
405 2843 525 2886 adiit.
542 2840 698 2884 Forte:
720 2858 742 2877 «
759 2839 832 2883 Bis
853 2856 929 2882 ver
943 2840 1006 2883 sol
1027 2839 1131 2883 adiit
1145 2872 1158 2894 ,

318 2905 468 2962 gelida
491 2914 587 2962 post
610 2906 774 2962 frigora
799 2906 980 2949 brumae.
1004 2924 1026 2943 »
1047 2906 1161 2949 Nam

320 2967 447 3013 Aries
468 2968 582 3017 pisci
600 2968 802 3015 succedit.
829 2970 998 3013 Hunis.

377 3046 415 3077 a·
433 3033 592 3087 Bisque
615 3033 733 3076 suu'm
762 3040 876 3078 tacto
906 3035 1042 3077 Pacce.
1064 3033 1165 3077 Hoc

324 3094 447 3149 dicit.
459 3096 569 3151 ,quia
581 3097 683 3143 sola
698 3097 969 3153 Capricorno
978 3130 992 3151 ,
1014 3098 1167 3153 Aqua-

327 3159 393 3206 rio
402 3191 418 3214 ,
442 3168 487 3207 et
505 3160 696 3206 Piscibus
708 3161 916 3220 hyemem
930 3162 1140 3219 transigit.

390 3242 426 3281 7.
453 3225 549 3278 Cur,
573 3229 730 3280 quom’s
745 3230 880 3271 alicui
902 3229 998 3272 dum
1017 3230 1169 3272 chame

335 3293 504 3338 vincula
531 3293 674 3336 demut
710 3293 871 3335 Charta
897 3308 977 3335 sua
1000 3297 1171 3336 mascula

330 3354 507 3411 plurimi
522 3363 689 3399 veteres
705 3372 715 3408 ;
733 3355 821 3399 duo
835 3358 972 3409 dqmsi
981 3372 1063 3401 sua
1074 3362 1173 3401 vin-

336 3423 430 3463 cula
442 3422 603 3465 charte.
619 3421 832 3478 Sequenti
851 3438 1015 3474 versuke
1031 3427 1172 3468 multe&

1237 2642 1461 2696 meliores,
1482 2658 1574 2685 non
1595 2659 1661 2686 ετ.
1680 2644 1881 2687 H.-Ex
1894 2644 1960 2688 his
1979 2646 2085 2700 duo·
2138 2631 2144 2641 ι

1239 2707 1319 2750 bus
1328 2707 1522 2750 versibus
1534 2707 1656 2750 facile
1679 2707 1819 2750 refeiii
1841 2718 1982 2764 potest
2000 2726 2085 2753 eo-

1240 2787 1340 2814 rum
1349 2772 1590 2828 opinio,qui
1603 2772 1804 2816 volebant
1811 2789 1974 2817 nomen
1988 2776 2087 2818 scri-

1239 2838 1383 2881 bentis
1397 2870 1410 2891 ‚
1432 2847 1478 2881 et
1496 2838 1593 2894 ejus
1614 2839 1668 2882 ad
1689 2856 1820 2896 quem
1836 2841 2061 2885 scribimus
2076 2874 2088 2894 ,

1242 2902 1378 2946 literis
1402 2904 1493 2959 iam
1524 2903 1699 2960 signatis
1724 2905 1897 2948 inscribi
1922 2922 1931 2948 :
1954 2922 2091 2961 quum

1245 2977 1392 3024 aperte
1426 2968 1497 3012 hie
1526 2970 1738 3024 possimus
1767 2970 1942 3022 videre,
1974 2971 2093 3014 intus

1245 3043 1418 3082 tantum
1426 3033 1675 3091 adpositum
1684 3035 1813 3079 fuisse
1822 3051 1985 3078 nomen
1996 3037 2094 3080 scri-

1246 3098 1401 3143 beatis.

1308 3180 1323 3205 1
1337 3181 1370 3206 1.
1387 3165 1479 3208 Ota
1495 3166 1682 3207 Medusa·
1706 3165 1924 3219 Gorgonis.
1938 3164 2096 3207 Medu-

1249 3243 1306 3271 sae
1323 3226 1465 3271 crines
1481 3228 1528 3270 in
1547 3236 1772 3283 serpentes
1793 3229 1977 3271 mutavit
1995 3229 2097 3271 Mi-

1251 3307 1410 3346 nerva,
1436 3291 1552 3348 quod
1588 3307 1690 3335 cum
1717 3293 1927 3349 Neptuno
1950 3293 1996 3335 in
2019 3309 2099 3336 suo

1251 3357 1417 3414 templo
1429 3358 1663 3401 concubuit
1675 3390 1687 3413 ,
1707 3359 1888 3417 ejusque
1902 3368 2030 3414 caput
2045 3358 2099 3402 ad

1260 3423 1491 3469 terrendos
1507 3423 1651 3468 hostes
1673 3423 1799 3481 aegidi
1813 3424 2029 3481 imposuit.
