2280 3776
524 366 969 463 TRISTIUIJI
1008 366 1169 422 LIB.
1212 366 1287 422 V.
1329 365 1573 421 ELEG.
1619 366 1729 420 IX.

1901 367 2005 420 233

169 467 172 470 ‚
248 481 436 564 thue
462 505 644 543 canem
664 530 678 556 ‚
708 482 914 566 pavidae
940 497 1160 543 nactum
1189 481 1416 561 vestigia
1444 505 1634 555 cervae,

326 579 646 639 Luctantem
675 579 877 639 frustra
907 576 1104 661 copula
1135 578 1267 638 dura
1298 593 1479 651 tenet;

247 674 434 756 thue
463 674 607 736 fores
637 674 883 735 nondum
909 675 1130 736 reserati
1163 672 1388 737 carceris
1419 698 1538 735 acer

325 771 487 831 Nunc
515 772 682 855 pede,
713 795 858 851 nunc
887 772 1006 855 ipsa
1033 773 1212 833 fronte
1231 819 1246 845 ‚
1276 771 1491 833 lacessit
1520 794 1720 855 equus;
1961 787 2014 829 30

247 864 338 924 Sic
369 867 662 946 mea‚‘lege
691 868 815 928 data
843 869 1020 930 vincta
1050 883 1212 952 atque
1241 868 1473 942 inclusa,
1503 868 1695 929 Thalia

327 962 434 1023 Per
462 964 682 1026 titulum
710 965 863 1026 vetiti
892 966 1131 1026 nominis
1160 966 1236 1027 ire
1267 967 1437 1050 cupit.

244 1057 329 1117 Ne
359 1072 536 1119 tamen
566 1059 747 1120 officio
777 1062 1031 1121 memoris
1063 1060 1272 1122 laedaris
1298 1062 1490 1134 amici,

325 1154 540 1215 Parebo
566 1155 760 1244 jussis?
792 1181 954 1239 parce
988 1157 1208 1230 timere,
1242 1158 1367 1218 tuis.

244 1247 322 1307 At
349 1271 462 1308 non
494 1273 769 1333 parerem,
800 1252 908 1311 nisi
937 1252 982 1312 si
1013 1251 1320 1313 meminisse
1350 1265 1607 1339 putares:
1962 1264 2015 1309 35

325 1344 447 1403 Hoc
476 1346 629 1427 quod
654 1370 767 1407 non
796 1347 1058 1430 prohibet
1090 1372 1195 1408 vox
1225 1361 1347 1419 tua,
1380 1358 1567 1424 gratus
1595 1367 1705 1404 ero.

244 1439 533 1525 Dumque,
571 1445 719 1526 quod
752 1469 786 1505 o
815 1445 980 1507 breve
1009 1446 1114 1507 sit!
1151 1446 1334 1507 lumen
1364 1442 1538 1506 solare
1568 1442 1793 1515 videb0‚

328 1538 536 1600 Serviet
561 1540 740 1602 officio
770 1542 998 1625 spiritus
1027 1544 1129 1604 iste
1156 1557 1269 1603 tu0.

245 1673 312 1717 vel
329 1674 513 1720 invitum
535 1693 544 1721 ε
565 1694 644 1735 pro
661 1683 866 1735 quiescere
878 1678 1009 1724 etiam
1024 1684 1089 1724 si-

244 1742 396 1784 lescere
413 1741 586 1787 videtur
598 1744 903 1802 reponendum
923 1763 933 1798 3
954 1746 1014 1789 sic
1031 1745 1086 1789 de

244 1805 384 1849 ventis
403 1822 532 1864 supra
546 1807 615 1851 lib.
635 1808 704 1863 11,
730 1811 800 1853 151
819 1825 832 1852 .·
850 1828 871 1847 «
888 1809 976 1853 Sed
997 1825 1088 1853 mo-

245 1867 302 1912 do
335 1870 594 1927 considunt,
637 1872 958 1931 intermissique
988 1874 1089 1918 sile-

242 1943 381 1979 scunt.
399 1953 421 1975 »ν
437 1936 497 1980 Η.
510 1961 564 1971 —
578 1937 729 1982 Douza
753 1939 943 1997 legebat,
966 1942 1089 1983 Nunc

241 2015 395 2057 quoque
412 2004 771 2059 quantumvis-jam
778 2006 922 2060 jussa.

294 2067 358 2109 28.
387 2067 632 2111 Luctantem
639 2069 820 2124 frustra.
842 2071 1085 2115 Latrantem

242 2128 429 2185 plurimi.
440 2133 558 2176 H.-
569 2137 729 2191 Copula
747 2138 851 2179 dura
864 2144 984 2181 tenet.
1000 2136 1086 2181 Co-

239 2195 339 2253 pula
360 2196 429 2242 hic
447 2213 528 2255 pro
549 2215 602 2243 eo
622 2199 729 2244 fune
757 2201 978 2258 accipitur,
998 2218 1086 2258 quo

240 2276 368 2305 canes
387 2278 411 2306 a
431 2265 708 2309 venatoribus
724 2266 894 2324 adligati
914 2266 1088 2311 ducun-

243 2334 316 2391 tur
332 2326 484 2385 :vulgo
497 2333 657 2373 lassum
675 2331 904 2387 adpellant.
921 2330 1087 2389 Cingu-

240 2391 335 2435 lum
347 2410 450 2438 vero
461 2395 624 2440 circum
635 2397 810 2452 collum,
827 2402 991 2442 melium
1007 2400 1085 2442 ad-

242 2455 372 2512 pellat
392 2459 538 2502 Varro
559 2460 612 2504 de
633 2462 699 2505 Re
723 2463 880 2507 rustica
901 2463 974 2506 lib.
997 2465 1055 2507 ΙΙ.

296 2541 361 2582 ²9-
375 2527 568 2570 Nondum
580 2532 757 2572 reserati
763 2534 955 2573 carcerat.
966 2530 1085 2573 Non-

242 2587 349 2631 dum
370 2591 507 2647 aperti
528 2592 729 2648 termini,
751 2594 869 2636 unde
891 2593 993 2650 equi
1007 2594 1084 2637 in—

241 2653 408 2711 cipiunt
423 2672 613 2702 currere.

295 2719 363 2762 30.
386 2722 506 2765 Nunc
533 2726 629 2777 12asa
635 2722 793 2778 fronte.
808 2726 961 2769 Pressa
960 2724 1085 2780 fron-

241 2790 281 2827 te
298 2782 535 2830 Leidensis.
555 2787 616 2830 H.

295 2847 360 2891 31.
381 2850 451 2893 Sic
471 2867 586 2903 mea,
614 2855 703 2907 lege
718 2855 834 2897 data.
856 2854 928 2897 An
947 2862 1042 2898 rata
1057 2857 1083 2899 ?

243 2912 356 2958 Vide
375 2915 488 2960 Fast.
503 2931 559 2961 111
576 2951 587 2973 ,
604 2935 712 2962 vers.
738 2937 830 2979 ²79·
848 2921 908 2963 H.
927 2945 982 2953 —
995 2921 1082 2964 Mi-

242 2977 361 3022 nime
385 2996 515 3035 vero;
547 2986 650 3026 data
679 2988 786 3041 lege.
816 2985 976 3030 scilicet
993 3020 1004 3040 ‚
1029 2988 1080 3030 ab

242 3042 381 3086 amico
392 3076 404 3098 ,
421 3045 494 3101 qui
507 3055 704 3092 vetuerat
716 3066 760 3092 se
776 3052 1019 3107 nominari,
1037 3061 1083 3096 et

242 3105 460 3162 quiescere
489 3109 582 3165 ejus
600 3127 768 3155 musam
788 3114 970 3168 iusserat
996 3131 1006 3157 ε
1024 3116 1083 3159 sic

230 3171 334 3227 jura
361 3174 460 3214 dare
486 3182 531 3216 et
558 3175 711 3219 similia
741 3179 897 3234 passim
922 3196 1082 3225 occur—

243 3243 360 3279 runt.
379 3236 540 3282 BURM.
559 3259 614 3270 -
634 3242 796 3285 Vincta.
817 3243 966 3300 Ligata
982 3245 1081 3287 :im-

242 3309 392 3357 perato
408 3300 495 3344 scil.
516 3302 594 3347 sibi
605 3301 789 3349 silentio.
804 3307 933 3352 MER.
965 3311 1082 3352 Tha-

239 3366 523 3474 “dvc‘'f'mm
542 3377 628 3413 tres
646 3384 655 3412 :
679 3374 876 3417 voluntas
897 3373 1080 3416 Palatin.

242 3437 285 3472 et
351 3439 445 3474 atie.

1222 1682 1288 1724 32,
1318 1683 1459 1724 Vete'ti.
1487 1680 1577 1724 Ab,
1592 1688 1632 1724 te
1652 1678 1799 1732 vetiti,
1829 1677 2010 1735 quinon

1169 1744 1326 1799 pateris
1350 1760 1514 1788 nomen
1531 1753 1656 1788 tuum
1677 1744 1722 1787 in
1750 1742 2014 1787 carminibus

1171 1807 1279 1851 meis
1301 1807 1420 1864 poni.

1221 1873 1287 1916 33.
1316 1875 1404 1916 Nec
1423 1882 1562 1916 tamen
1590 1872 1743 1929 officio.
1771 1871 1914 1916 Grave
1948 1879 2014 1915 est

1166 1938 1263 1984 loedi
1280 1940 1333 1983 ab
1348 1940 1511 1995 amico,
1533 1948 1577 1983 et
1596 1956 1675 1997 per
1686 1939 1884 1984 officium
1899 1938 2011 1984 acci-

1166 2021 1268 2063 pere
1291 2005 1623 2051 detrimentum.
1646 2006 1695 2049 P.

1220 2074 1287 2116 35.
1306 2075 1357 2116 Si
1370 2090 1452 2116 non
1471 2078 1707 2117 meme‘nelrse
1717 2081 1903 2128 putares.
1917 2075 2017 2118 Nisi

1164 2154 1248 2180 non
1262 2171 1274 2191 ,
1297 2137 1365 2181 vel
1386 2143 1577 2190 nisime,
1604 2139 1730 2183 multi
1753 2156 1803 2183 ex
1824 2139 2013 2197 scriptis:

1166 2192 1254 2235 duo
1274 2198 1391 2236 mxci:
1422 2203 1467 2237 et
1492 2200 1688 2238 meruisse
1716 2202 1842 2238 unus.
1862 2196 1977 2252 Lege
1993 2228 2006 2248 ‚

1167 2274 1189 2294 «
1213 2257 1295 2301 nisi
1315 2258 1348 2301 si
1372 2259 1622 2303 meminisse
1652 2268 1852 2316 putares;
1885 2277 1906 2296 τι
1927 2258 2011 2302 nisi

1165 2329 1339 2377 putares
1348 2338 1419 2366 me
1431 2323 1494 2367 tui
1504 2339 1594 2366 esse
1606 2325 2018 2368 memorem.Nisisi

1166 2386 1327 2430 Nasoni
1343 2387 1564 2432 usitatum.
1581 2389 1696 2431 H.—
1708 2387 2009 2432 Broukhusius

1165 2451 1370 2505 malebat,
1395 2457 1441 2496 si
1452 2470 1534 2496 non
1556 2458 1792 2497 meminisse
1809 2462 2002 2506 vetares,-

1162 2517 1275 2562 sorte
1291 2553 1303 2574 ,
1339 2538 1360 2557 «
1394 2519 1453 2563 At
1471 2536 1564 2563 non
1597 2536 1798 2578 parerem
1811 2553 1823 2574 ,
1855 2519 1938 2563 nisi
1964 2527 2007 2563 te

1164 2587 1371 2632 meruisse
1393 2597 1594 2645 putarem
1608 2605 1621 2632 ι
1636 2607 1657 2626 »
1678 2588 1772 2642 vel,
1795 2607 1816 2624 «ι
1835 2587 1896 2631 At
1918 2602 2007 2630 non

1163 2669 1364 2709 parerem
1377 2686 1389 2709 ,
1413 2655 1495 2699 nisi
1515 2671 1587 2699 me
1602 2671 1865 2699 memorasse
1882 2662 2010 2711 puta-

1163 2736 1259 2764 rem
1273 2753 1285 2775 ,
1308 2720 1355 2764 Si
1378 2738 1466 2778 quo
1483 2738 1574 2765 non
1596 2722 1797 2779 prohibet
1819 2721 1887 2764 lex
1907 2729 2006 2774 tua,

1163 2794 1309 2842 gratus
1321 2819 1334 2841 ‚
1355 2802 1421 2830 eo.
1447 2805 1468 2824 »
1486 2787 1534 2831 Si
1559 2787 1652 2830 sine
1668 2786 1850 2830 nomine
1866 2801 1920 2829 eo
1934 2801 2011 2828 us-

1164 2867 1248 2907 que
1265 2851 1328 2894 tui
1344 2852 1642 2897 meminissem
1654 2885 1666 2907 ,
1684 2861 1829 2910 gratus
1845 2867 1925 2908 pro
1943 2859 2010 2895 tot

1163 2915 1406 2971 beneficiis,
1429 2933 1516 2974 quo
1535 2918 1601 2961 lex
1626 2927 1701 2962 tua
1719 2934 1790 2960 me
1805 2914 2008 2973 progredi

1162 2995 1253 3022 non
1274 2981 1487 3037 prohibet.
1512 2983 1674 3026 Bumu.

1217 3044 1282 3087 36.
1297 3047 1394 3089 Non
1397 3048 1590 3099 pmlu‘bet
1604 3063 1701 3089 vox.
1720 3046 1901 3090 Gratam
1918 3045 2009 3089 ani·

1165 3108 1228 3151 mi
1252 3109 1603 3155 recordationem
1624 3128 1716 3154 non
1738 3121 1868 3156 vetas.

1217 3178 1282 3232 37.
1311 3178 1468 3220 Lumen
1505 3181 1636 3221 vitale
1659 3181 1817 3222 videbo.
1849 3181 2009 3225 Natale

1161 3247 1309 3287 videbo
1321 3279 1330 3293 ‚
1356 3254 1441 3289 tres
1454 3245 1550 3289 libri
1569 3263 1579 3289 ε
1596 3255 1691 3290 octo
1706 3280 1717 3301 ,
1740 3251 1869 3291 vitale
1887 3258 2007 3292 tene-

1160 3312 1212 3352 bo
1226 3343 1235 3357 ‚
1268 3311 1412 3353 Solate
1443 3314 1587 3354 videbo
1605 3345 1615 3361 ,
1655 3311 1820 3356 Richel.
1855 3313 2008 3369 primae

1160 3374 1372 3418 editiones
1392 3408 1403 3429 ‚
1429 3377 1578 3419 Solate.
1593 3380 1747 3422 tenebo.
1777 3378 1893 3422 Puto
1908 3411 1921 3433 ,
1944 3382 2018 3421 lu-

1159 3456 1251 3483 men
1271 3444 1409 3486 solare
1428 3444 1579 3486 tuebor.
1604 3441 1662 3486 H.

923 3557 1318 3577 -κ-ς-τ--ψ-
