2268 3848
283 458 719 548 PUBLII
796 453 1232 543 ov1D11
1314 452 1853 539 NASONIS

669 661 1480 775 TRISTIUM

621 893 988 967 LIBER
1064 889 1562 999 PRIMUS.

698 1261 1094 1336 ELEGIA
1147 1258 1502 1331 PRIMA.

803 1565 1387 1619 ARGUMENTUM.

207 1705 296 1749 Per
331 1698 661 1761 prosopopeiam
691 1696 808 1741 exsul
843 1705 888 1740 et
925 1694 1073 1739 infelix
1103 1703 1229 1752 poeta
1261 1694 1421 1739 librum
1445 1710 1573 1739 suum
1605 1694 1842 1751 admonet,
1886 1706 1936 1742 ut
1967 1715 1993 1743 e

263 1773 441 1834 Scythia
461 1771 515 1816 ad
536 1771 693 1815 urbem
716 1768 991 1826 profecturus
1005 1800 1017 1822 ,
1037 1782 1091 1809 eo
1113 1766 1263 1809 habitu
1282 1766 1582 1823 accedat‚quo
1603 1768 1766 1812 exsules
1787 1778 1998 1814 utuntur:

263 1845 531 1902 mandatque
550 1876 562 1898 ,
589 1841 708 1900 quod
728 1840 835 1884 velit
854 1838 1109 1896 responderi
1130 1837 1467 1892 sciscitantibus,
1487 1838 1592 1895 quid
1614 1840 1701 1896 ipse
1723 1850 1832 1898 agat.
1856 1841 1999 1887 Docet

263 1917 423 1973 simul,
445 1913 669 1974 quomodo
687 1930 730 1957 se
750 1920 923 1956 excuset
939 1938 960 1966 ‚-
977 1910 1013 1953 si
1040 1910 1155 1954 forte
1177 1909 1371 1953 carmina
1394 1909 1485 1954 haee
1503 1910 1590 1954 visa
1614 1911 1779 1957 suerint
1801 1914 1896 1969 ejus
1921 1915 1999 1958 in—

266 1987 396 2047 genio
414 1986 837 2042 minorazpostremo
856 1982 996 2039 jubet,
1011 1990 1058 2026 ut
1078 1980 1294 2025 Palatium
1308 1979 1457 2037 evitet,
1470 1981 1588 2025 unde
1605 1981 1775 2027 fuimen
1790 1984 1998 2028 emissum

265 2056 313 2100 in
329 2071 374 2100 ae
393 2054 526 2099 fuisse
545 2059 878 2098 commemorat.

215 2185 449 2272 PARVE
470 2255 485 2280 ‚
511 2230 611 2267 nec
639 2205 886 2277 invideo,
920 2204 1037 2265 sine
1067 2227 1180 2275 me,
1213 2201 1382 2276 liber,
1406 2203 1516 2265 ibis
1545 2205 1601 2265 in
1635 2205 1826 2267 urbem
1855 2232 1869 2280 ;

296 2305 405 2367 Hei
434 2303 603 2366 mihi!
637 2327 749 2386 quo
781 2302 1006 2363 domino
1038 2325 1152 2362 non
1183 2299 1311 2362 licet
1339 2300 1418 2361 ire
1449 2316 1563 2362 tuo.

273 2450 327 2494 N.
352 2450 406 2493 B.
435 2448 550 2504 Quae
573 2446 734 2490 nullius
752 2446 934 2489 nomine
956 2445 1069 2488 sub-

218 2513 472 2558 scribuntur
486 2545 498 2568 ,
521 2521 646 2555 notas
664 2510 944 2554 concinnavit
959 2541 971 2564 ,
1002 2507 1070 2550 vel

220 2578 327 2623 fecit
346 2577 501 2621 Editor
516 2609 528 2631 ,
551 2576 607 2619 N.
634 2575 687 2618 E.
715 2575 951 2617 LBMAmn.

277 2643 455 2686 Horum
479 2640 694 2684 librorum
714 2636 976 2695 exemplaria
995 2636 1075 2680 etsi

223 2716 382 2766 presto
394 2706 520 2750 fuere
536 2721 626 2748 non
645 2720 780 2761 pauca
794 2736 805 2758 ,
828 2703 1001 2746 nullum
1017 2711 1075 2746 ta·

225 2789 330 2817 men
345 2773 462 2819 inter
481 2770 551 2814 issa
565 2803 578 2825 ‚
593 2769 711 2827 quod
726 2768 916 2811 multum
937 2767 1046 2811 senii
1062 2799 1074 2822 ,

226 2846 301 2882 aut
315 2836 537 2881 vetustatis
557 2850 648 2891 prae
666 2850 711 2877 se
731 2833 893 2886 ferret,
919 2840 1078 2889 praeter

229 2902 495 2948 Vaticanum
506 2915 648 2944 unum
663 2907 707 2942 et
720 2897 1078 2953 Hamburgense:

227 2983 328 3012 cum
352 2967 569 3010 Vaticano
595 2964 800 3009 Pontiani
814 2963 1007 3016 schedae,
1029 2969 1080 3004 ut

230 3034 469 3090 plurimum
487 3065 498 3087 ,
515 3031 766 3088 conspirant
782 3048 792 3084 3
811 3044 1077 3087 quamquam

231 3115 289 3142 ne
314 3098 376 3141 iiii
404 3096 585 3154 quidem
616 3096 783 3140 codices
820 3094 873 3137 ad
907 3102 1080 3137 aetatem

231 3170 536 3206 sexcentorum
567 3175 787 3205 annorum
814 3159 1081 3216 adsurgam:

233 3229 390 3286 reliqui
400 3229 765 3272 recentiorissunt
778 3236 908 3281 notae,
921 3227 1083 3283 quisuo

235 3297 330 3342 loco
349 3296 694 3353 designabantur
708 3310 719 3338 ε
733 3310 808 3339 eos
823 3295 938 3337 inter
951 3293 1084 3337 Com·

236 3363 296 3406 hii
307 3361 441 3405 codex
453 3362 668 3415 Venetus,
679 3368 723 3403 et
737 3376 850 3403 unus
863 3359 1085 3403 Palatinus

238 3427 428 3484 palmam
460 3425 586 3469 facile
619 3425 785 3471 ferunt.
817 3425 1013 3468 Hnlns.
1033 3447 1086 3457 --

398 3510 547 3571 VII.

1158 2445 1380 2493 Tris-tium,
1408 2443 1510 2501 quia
1531 2460 1553 2487 a
1574 2444 1686 2488 tristi
1706 2454 1835 2503 atque
1859 2448 2005 2494 exsule

1154 2517 1282 2566 poeta
1299 2510 1555 2567 conscripti;
1579 2512 1895 2570 materiamque
1917 2515 2006 2560 ba-

1152 2575 1261 2618 bent
1278 2574 1447 2618 tristem
1464 2591 1474 2618 ε
1492 2591 1635 2633 neque
1650 2576 1693 2620 bi
1708 2579 1760 2621 ab
1778 2579 1857 2622 iuis
1869 2613 1881 2634 ,
1898 2597 2007 2637 quos

1155 2640 1209 2683 de
1230 2641 1400 2695 Ponto,
1423 2658 1446 2684 a
1463 2642 1581 2698 ioco,
1606 2643 1856 2701 appellavit,
1878 2647 2011 2703 quid-

1156 2722 1289 2762 quam
1321 2705 1568 2762 differunt,
1604 2708 1685 2752 nisi
1715 2710 1833 2766 quod
1863 2710 1909 2754 in
1941 2711 2009 2755 his

1157 2771 1400 2814 amicorum
1436 2772 1620 2829 praefixit
1654 2775 1836 2818 nomina
1849 2808 1861 2830 ,
1896 2785 1942 2821 et
1962 2778 2008 2820 in

1156 2834 1237 2878 illis
1261 2834 1477 2880 Tristibus
1500 2854 1591 2880 non
1612 2841 1861 2896 praeposuit.

1201 2944 1209 2947 s
1219 2917 1253 2943 1.
1267 2901 1400 2944 Parve
1414 2906 1528 2945 liber.
1543 2901 1626 2946 Vel
1638 2904 1774 2947 solam
1790 2905 1905 2949 hanc
1918 2906 2012 2950 ele-

1160 2964 1276 3022 giam
1289 2998 1301 3018 ,
1316 2966 1383 3008 vei
1393 2977 1511 3010 certe
1527 2976 1669 3011 totum
1681 2985 1790 3026 opus
1802 2971 2014 3017 deTristi·

1161 3032 1240 3075 bus
1251 3063 1263 3085 ,
1276 3040 1365 3087 aut,
1378 3033 1495 3088 quod
1506 3035 1641 3091 magis
1651 3036 1790 3092 placet
1800 3035 2011 3096 Ciofano,

1163 3096 1370 3139 Pontano
1384 3106 1428 3140 et
1440 3098 1529 3140 aliis
1543 3131 1554 3152 ,
1568 3100 1761 3155 primum
1775 3101 1934 3145 librum
1949 3104 2015 3146 in-

1163 3161 1321 3218 tellige.
1337 3184 1392 3194 —
1405 3165 1496 3206 Nec
1513 3167 1694 3213 invideo,
1719 3166 1808 3216 vel,
1825 3182 1915 3209 non
1930 3168 2014 3211 ob·-

1163 3227 1282 3281 sisto,
1294 3243 1387 3270 non
1400 3237 1518 3272 veto:
1531 3229 1599 3272 vel
1611 3230 1769 3286 potius,
1781 3248 1872 3275 non
1889 3233 2018 3279 doleo

1166 3292 1284 3348 quod
1303 3293 1358 3336 sis
1380 3293 1557 3351 exiguus
1573 3327 1585 3349 ,
1612 3296 1712 3352 quia
1734 3313 1825 3340 non
1843 3299 1927 3342 eris
1946 3299 2019 3342 in-

1165 3358 1306 3402 vidiae.

1223 3442 1261 3470 2.
1292 3426 1384 3481 Quo
1401 3442 1415 3470 .·
1432 3427 1502 3470 alii
1522 3431 1641 3485 quod
1645 3464 1656 3482 ‚
1686 3429 1755 3472 vel
1774 3442 1908 3488 quum.

1739 3535 1757 3567 Ι
