2280 3776
522 275 626 329 Ex
667 273 963 329 PONTO
998 273 1159 329 LIB.
1202 272 1316 342 lv.
1361 270 1636 327 EPIST.
1680 274 1754 327 x.

1915 274 2017 343 4&

343 391 486 472 Quis
511 389 670 451 labor
698 404 781 452 est
806 412 1000 473 puram
1028 413 1144 450 non
1176 400 1463 450 temerasse
1493 388 1698 450 fidem?

259 489 389 549 Haec
417 488 520 548 tibi
541 535 554 560 ‚
587 488 682 570 qui
710 500 919 571 perstas
949 485 1314 546 indeclinatus
1343 486 1517 546 amico
1535 532 1548 557 ‚

340 585 466 643 Non
495 596 577 644 est
606 581 754 665 quod
784 580 974 660 lingua
999 580 1142 641 dicta
1173 595 1432 664 querente
1462 594 1640 663 putes.

782 859 1305 931 EPISTOLA

1378 861 1516 931 XI.

1034 999 1267 1016 m

898 1168 924 1193 *
953 1160 1400 1224 GALLIONI.

856 1445 1457 1495 ARGUMENTUM.

505 1575 708 1633 Coniuge
728 1576 885 1620 orbum
905 1576 1153 1621 Gallionem
1175 1591 1273 1620 sero
1294 1575 1412 1633 quod
1433 1575 1597 1619 soletur
1611 1609 1623 1631 ,
1642 1587 1821 1621 excusat

277 1697 592 1798 GALLIO,
623 1723 827 1785 crimen
857 1725 960 1785 erit
983 1724 1071 1784 vix
1103 1723 1411 1785 excusabile
1443 1723 1639 1796 nobiS,

359 1820 616 1881 Carmine
647 1835 699 1880 te
726 1843 927 1881 nomen
955 1844 1069 1880 non
1100 1819 1358 1881 habuisse
1387 1844 1527 1882 meo,

274 1917 362 1977 Tu
394 1941 615 2000 quoque
644 1915 813 1989 enim,
848 1917 1098 1989 memini,
1130 1916 1327 1978 caelesti
1359 1919 1585 2001 cuspide
1614 1918 1752 1980 sacta

352 2012 565 2073 Fovisti
594 2011 847 2097 lacrymis
876 2012 1098 2074 vulnera
1125 2029 1313 2075 nostra
1346 2015 1476 2075 tuis.

274 2108 460 2192 Atque
490 2108 723 2181 utinam,
754 2107 897 2192 rapti
921 2108 1132 2190 jactura
1159 2108 1320 2171 laesus
1347 2110 1502 2171 amici
1524 2158 1538 2181 ,

335 2205 634 2266 ¹Sensisses
665 2203 836 2276 ultra,
873 2205 1020 2286 quod
1054 2229 1366 2287 quererere,
1400 2207 1571 2267 nihil!

279 2301 408 2361 Non
433 2301 511 2362 ita
536 2302 638 2361 Dis
668 2299 911 2383 placuit,
945 2301 1040 2382 qui
1068 2316 1120 2361 te
1150 2301 1386 2383 spoliare
1415 2303 1614 2385 pudica

368 2396 615 2478 Coniuge
647 2394 892 2456 crudeles
920 2420 1036 2456 non
1063 2395 1303 2457 habuere
1332 2398 1501 2457 nefas.

285 2493 491 2557 Nuntia
518 2517 643 2554 nam
672 2492 857 2554 luctus
888 2492 1024 2553 mihi
1052 2517 1229 2575 nuper
1257 2491 1488 2575 epistola
1516 2493 1691 2565 venit,

365 2590 642 2671 Lectaque
670 2611 794 2648 cum
821 2587 1076 2670 lacrymis
1106 2603 1237 2648 sunt
1267 2603 1359 2648 tua
1387 2589 1582 2648 damna
1610 2589 1760 2649 meis.
2016 2625 2062 2651 w

289 2685 397 2747 Sed
424 2709 604 2768 neque
635 2685 958 2769 prudentem
987 2682 1150 2745 solari
1181 2683 1406 2745 stultior
1434 2684 1608 2769 ausim
1624 2731 1658 2756 ‚‚

340 2822 371 2855 Ψ
393 2821 635 2866 GALnoNI.
658 2821 820 2865 Junius
835 2821 977 2865 Gallio
998 2821 1136 2865 dictus

290 2895 382 2930 est:
401 2887 436 2931 is
458 2887 677 2944 adoptavit
705 2887 770 2930 M.
797 2887 1017 2929 Annaeum
1039 2886 1135 2930 No-

292 2961 439 2995 vatum
454 2984 465 3007 ,
486 2952 667 2996 Senecae
687 2951 894 3007 fratrem,
913 2952 985 3007 qui
1000 2968 1050 2994 ex
1064 2950 1136 2993 illo

293 3015 455 3059 Junius
481 3016 623 3061 Gallio
645 3025 710 3061 est
738 3016 889 3060 dictus.
916 3016 1137 3059 Eusebia—

294 3095 404 3124 num
415 3079 670 3126 Chronicon
685 3083 734 3125 B.
749 3082 1011 3140 Hieronymi
1028 3114 1040 3134 ‚
1060 3083 1140 3123 Ju-

294 3149 391 3188 m'us
408 3148 555 3189 Gallio
567 3179 577 3195 ‚
596 3147 741 3202 frater
756 3148 934 3197 Senecoe,
955 3151 1141 3202 egregius

296 3213 562 3257 declamator,
583 3216 754 3265 propria
779 3227 825 3253 se
850 3228 975 3253 manu
1005 3218 1141 3254 inter-

286 3273 422 3328 ficit,
460 3273 598 3317 refert
631 3274 682 3318 ad
716 3274 910 3318 eundem
947 3290 1136 3329 annum,

299 3354 388 3396 quo
414 3339 613 3382 Lucanus
635 3339 836 3382 occubuit
859 3355 869 3383 ι
895 3340 1013 3395 atqui
1037 3339 1145 3383 Gal-

299 3403 464 3447 lionem
507 3403 686 3448 Senecae
728 3404 1006 3461 superstitem
1043 3403 1146 3449 facit

1218 2820 1408 2865 Tacitus.
1424 2820 1790 2865 H.-—Gallionem
1803 2822 2063 2868 familiarem

1216 2886 1347 2929 fuisse
1371 2886 1535 2930 Nasoni
1562 2886 1741 2942 adparet
1768 2906 1818 2931 ex
1845 2889 2022 2934 Senecae
2046 2893 2065 2934 1

1218 2951 1392 2994 suasor.
1405 2983 1417 3005 ,
1448 2953 1535 2993 boec
1555 2960 1691 2994 autem
1723 2954 1891 2995 dicebat
1918 2957 2067 2998 Gallio

1217 3017 1389 3057 Nasoni
1412 3030 1489 3057 suo
1519 3019 1644 3057 valde
1671 3019 1889 3071 placuisse
1912 3032 1927 3070 ,·
1965 3019 2063 3062 vide

1220 3081 1395 3125 Reines.
1418 3081 1471 3123 ad
1493 3083 1603 3125 Insc.
1623 3081 1672 3125 cl.
1691 3083 1708 3125 Ι
1724 3116 1736 3138 ,
1757 3100 1812 3142 99
1826 3117 1837 3138 ,
1862 3101 1903 3140 p.
1922 3085 2012 3142 137.

1276 3147 1314 3190 3.
1355 3149 1527 3190 Caelesti
1552 3151 1733 3202 cuspide.
1770 3149 1934 3192 Divino
1966 3152 2067 3194 ictu.

1224 3211 1354 3254 MER.
1377 3235 1431 3244 —·
1451 3213 1670 3266 Cuspidem
1692 3230 1796 3270 ergo
1818 3224 1942 3258 vocat
1970 3215 2070 3260 Cae—

1223 3275 1328 3318 saris
1347 3275 1552 3320 adversus
1571 3293 1615 3320 se
1635 3278 1758 3322 iram.
1782 3280 1925 3323 PONT.

1287 3357 1334 3383 10
1377 3342 1469 3383 Tua
1488 3346 1656 3385 damna.
1685 3344 1841 3388 Uxoris
1868 3355 1952 3389 tuae
1980 3344 2075 3388 obi-

1231 3413 1323 3459 tus,
1345 3406 1419 3462 qui
1442 3406 1518 3450 tibi
1540 3407 1754 3452 damnum
1779 3409 1944 3453 adtulit.
