2268 3848
444 325 878 383 TRISTIUM
918 327 1079 383 LIB.
1131 323 1219 383 11‘.
1262 326 1383 382 ΕΙ...
1430 327 1724 385 UNICA.
1896 335 1960 388 81

215 444 384 524 Quis,
417 443 524 505 nisi
556 442 853 505 Maeonides
873 489 887 515 ‚
916 444 1182 503 Venerem
1209 443 1553 527 Martemque
1581 443 1782 523 ligatos

291 545 518 614 Narrat,
547 542 603 602 in
633 541 894 601 obscoeno
923 563 1153 623 corpora
1185 563 1379 623 prensa
1409 543 1578 603 toro?
1646 551 1650 554 ’

215 637 375 698 Unde
395 684 410 710 ‚
439 636 541 697 nisi
569 635 773 695 indicio
800 635 981 714 magni
1009 636 1266 697 sciremus
1293 638 1550 711 Homeri,

298 733 551 816 Hospitis
578 732 702 810 igne
728 731 862 792 duas
887 731 1176 794 incaluisse
1206 734 1391 794 Deas?

221 831 400 892 Omne
429 851 600 908 genus
628 827 817 911 scripti
844 828 1102 907 gravitate
1133 829 1391 907 tragoedia
1418 828 1613 890 vincitz

301 927 432 987 Haec
459 948 678 1008 quoque
705 924 982 985 materiam
1011 947 1222 1007 semper
1245 926 1446 986 amoris
1474 925 1655 986 habet.

219 1024 359 1084 Nam
385 1022 516 1106 quid
547 1022 600 1081 in
632 1020 938 1104 Hippolyto
955 1068 970 1091 ‚
1002 1021 1107 1083 nisi
1136 1045 1283 1082 caecae
1309 1022 1522 1084 flamma
1542 1026 1832 1084 novercae?

300 1119 518 1182 Nobilis
548 1134 632 1181 est
662 1121 871 1180 Canace
902 1117 1085 1180 fratris
1114 1142 1298 1179 amore
1329 1119 1431 1180 sui.

221 1215 418 1295 Quid?
445 1239 559 1276 non
584 1208 923 1285 Tantalides,
954 1214 1195 1292 agitante
1228 1214 1483 1297 cupidine
1510 1239 1701 1278 currus
1718 1265 1733 1290 ‚

1901 1236 1982 1280 335

302 1309 527 1371 Pisaeam
558 1309 812 1391 Phrygiis
840 1307 984 1368 vexit
1013 1307 1256 1367 eburnus
1282 1309 1483 1390 equis?

220 1406 483 1486 Tingeret
505 1421 570 1467 ut
595 1405 798 1466 sermm
825 1419 1078 1465 natorum
1105 1405 1369 1483 sanguine
1397 1420 1596 1481 mater,

199 1515 201 1518 ‘
307 1500 572 1561 Concitus
602 1523 631 1559 a
662 1498 790 1560 laeso
817 1498 948 1560 fecit
974 1521 1156 1559 amore
1187 1497 1384 1559 dolor:

225 1628 340 1686 quod
377 1628 526 1687 priscoe
552 1627 763 1673 editiones
794 1635 838 1671 et
867 1627 993 1671 multi
1017 1642 1068 1671 ex

225 1694 390 1751 scriptis
410 1693 742 1751 agnoscuntrfl.

278 1758 371 1814 377.
400 1759 590 1801 Venerem
618 1757 872 1813 Martemque
901 1759 1067 1812 ligatos.

228 1822 467 1866 Athenaeus
488 1853 500 1877 ,
530 1821 600 1865 lib.
622 1822 643 1865 1
665 1853 676 1875 ,
705 1837 795 1878 cap.
824 1838 899 1873 t2;
929 1822 1035 1865 item
1054 1852 1067 1875 ,

226 1886 298 1932 lib.
312 1888 404 1932 XII
421 1920 432 1942 ,
448 1888 495 1931 in
513 1886 724 1945 principio
739 1920 751 1942 ,
774 1888 873 1931 satis
887 1887 1068 1931 honeste

227 1953 340 1997 hane
357 1951 548 1996 fabulam
562 1951 896 2008 interpretatum
918 1960 1070 1996 canto-

228 2034 322 2062 rem
339 2050 351 2073 ,
370 2018 597 2075 inquiens,
622 2017 736 2074 apud
757 2017 891 2060 Hom.
912 2015 1071 2075 Odyss.

227 2092 260 2131 Θ
280 2117 292 2139 ,
337 2084 539 2129 Phoeacas
577 2082 797 2128 dehortari
836 2084 1015 2128 voluisse
1046 2101 1071 2127 a

155 2185 158 2191 .
226 2148 349 2193 malis
369 2148 590 2203 moribus,
622 2148 777 2206 quibus
807 2148 1071 2193 laborabant.

230 2214 366 2272 Quod
388 2223 433 2259 et
450 2215 538 2272 ipse
560 2222 710 2259 auctor
728 2214 884 2259 fabulae
902 2214 1074 2258 videtur

228 2281 469 2340 significare
502 2281 673 2337 egregio
710 2280 792 2323 hoc
825 2279 1074 2337 epiphone-

230 2353 345 2388 mate
371 2360 382 2388 ε
413 2347 493 2390 Οὔκ
516 2344 629 2403 viper?
664 2346 761 2387 κακὰ
791 2347 891 2403 ἴργα.
918 2342 1003 2385 Adi
1030 2350 1075 2386 et

233 2406 452 2453 Plutarch.
461 2406 514 2450 de
524 2406 659 2464 poetis
668 2405 960 2449 audiendis.—
967 2408 1081 2459 Quid

232 2473 575 2517 mZu'Maeom’des.
602 2472 692 2514 Aut
723 2470 958 2527 legendum
981 2477 1044 2512 est
1061 2501 1073 2522 ,

239 2538 356 2591 Quid
367 2551 449 2578 non
469 2535 722 2587 Mnonffleu
745 2541 818 2575 aut
841 2536 944 2586 Quis
962 2536 1068 2582 nise]

237 2599 353 2658 quod
374 2598 586 2656 posterius
616 2597 808 2654 quinque
839 2595 984 2652 scripti
1002 2610 1079 2652 ag-

235 2662 434 2710 nosc'unt.
458 2661 518 2707 H.

290 2730 383 2775 380.
395 2732 523 2774 Duas
534 2730 666 2772 Deos.
680 2726 866 2786 Calypso
880 2735 923 2769 et
938 2725 1078 2770 Circe.

291 2795 498 2840 383.Nam
505 2796 653 2850 quidin
664 2794 902 2850 Hippolyto.
915 2790 982 2833 De
993 2805 1079 2846 quo

239 2861 346 2906 Eur.
359 2868 403 2904 et
422 2859 524 2903 Seu.
542 2858 792 2914 tragoediam
804 2857 1078 2913 scripserunt.

292 2925 385 2979 384.
398 2925 564 2968 Nobilis
576 2930 641 2966 est
653 2924 830 2965 Canace.
847 2921 1017 2964 Canace
1030 2936 1081 2963 ex

236 2989 374 3032 fratre
394 2988 598 3031 Macareo
617 2986 756 3030 filium
777 2986 942 3042 peperit
963 3001 972 3027 ε
994 3001 1081 3040 quo

240 3054 396 3100 scelere
411 3061 635 3108 comperto
649 3085 661 3107 ,
678 3052 858 3108 seipsam
873 3051 989 3107 jussu
1004 3066 1082 3106 pa-

240 3118 317 3162 tris
327 3116 558 3165 interfecit.
569 3116 794 3159 Macareus
802 3130 906 3157 vero
919 3115 961 3157 in
977 3122 1080 3156 tem-

241 3183 361 3241 plum
379 3182 585 3238 Apollinis
597 3181 794 3237 Delphici
808 3179 1016 3236 confugit.

295 3249 388 3291 385.
405 3247 551 3300 Quid?
565 3262 647 3288 non
667 3247 923 3287 Tantalides.
940 3246 991 3287 ln
1006 3245 1084 3287 Pe-

242 3309 467 3368 loponnesi
485 3309 652 3352 civitate
668 3342 680 3363 ,
697 3310 816 3351 Mars
829 3323 879 3350 ex
900 3307 1054 3363 AEgina
1068 3339 1081 3361 ,

247 3377 379 3433 Asopi
395 3375 506 3429 filia,
527 3375 676 3432 genuit
691 3373 960 3416 OEnomaum
982 3388 992 3415 τ
1014 3372 1084 3416 hic

248 3443 420 3487 unicam
458 3440 590 3483 filiam
624 3439 959 3496 Hippodamiam
998 3437 1084 3481 ha·-

406 3524 554 3583 VII.

1147 1627 1269 1679 buit3
1290 1627 1426 1671 finem
1446 1628 1545 1673 vitoe
1571 1628 1623 1672 ab
1647 1629 1820 1674 oraculo
1845 1632 1987 1678 scisci-

1150 1691 1286 1747 tanti,
1308 1708 1563 1749 responsum
1583 1702 1645 1737 est
1658 1727 1670 1748 ,
1696 1702 1800 1739 tunc
1818 1695 1916 1741 fatis
1937 1698 1992 1741 il-

1150 1757 1241 1800 lum
1261 1773 1565 1801 concessurum
1582 1791 1594 1814 ,
1616 1774 1751 1815 quum
1771 1761 1856 1805 fitia
1876 1763 1993 1820 Hip-

1150 1820 1348 1877 podamia
1380 1823 1620 1878 nupsisseu
1650 1824 1746 1868 vide
1768 1825 1854 1869 sab.
1876 1829 1991 1884 apud

1153 1886 1283 1932 Ovid.
1305 1887 1506 1932 Servium
1526 1898 1568 1933 et
1586 1890 1894 1937 alios.—1nter
1911 1894 1994 1938 So-

1149 1952 1313 2010 phoclis
1334 1954 1557 2010 tragoedias
1578 1956 1765 2012 perditas
1779 1990 1792 2012 ‚
1813 1959 1993 2016 Hippo-

1154 2016 1296 2060 damia
1316 2026 1359 2061 et
1381 2018 1627 2062 OEnomaus
1653 2020 1868 2078 citantur,
1897 2041 1995 2082 quo

1151 2080 1267 2125 forte
1291 2097 1377 2125 una
1405 2083 1672 2141 eademque,
1704 2094 1748 2130 et
1777 2086 1860 2130 huc
1889 2105 1995 2145 spe-

1154 2153 1268 2189 ctare
1283 2145 1467 2191 videtur.
1479 2148 1697 2205 Euripidis
1712 2152 1841 2195 etiam
1857 2153 1995 2197 OEno·

1154 2226 1276 2254 maus
1290 2227 1313 2253 a
1330 2211 1524 2256 Fabricio
1536 2230 1622 2256 non
1638 2216 1864 2261 omittitur.
1887 2219 1938 2262 Β.

1210 2274 1302 2316 386.
1340 2276 1531 2317 Pisum.
1569 2277 1909 2333 Hippodamiam
1947 2299 1998 2326 ex

1155 2337 1266 2383 Pisa.
1275 2336 1444 2379 civitate
1459 2338 1664 2382 Arcadiae.
1673 2341 1865 2399 Phrygiis
1871 2350 1997 2401 equis.

1159 2398 1286 2442 Psilla
1306 2407 1348 2442 et
1370 2400 1567 2455 Harpina
1582 2434 1593 2455 ,
1621 2418 1728 2458 quos
1755 2421 1886 2463 equos
1908 2409 2001 2453 Pe-

1157 2461 1247 2518 lops
1265 2478 1288 2505 e
1305 2462 1492 2521 Phrygia
1510 2467 1844 2514 venienssecum
1865 2472 1997 2519 duxit.

1157 2528 1361 2569 Eburnus.
1385 2527 1590 2572 Eburnus
1606 2531 1758 2589 Pelops
1778 2545 1956 2580 vocatur
1975 2554 2000 2581 a

1158 2591 1293 2646 poetis
1305 2624 1316 2645 ,
1326 2591 1537 2648 'quoniam
1551 2595 1758 2641 Tantalus
1771 2601 1864 2656 ejus
1877 2612 2001 2658 pater

1158 2658 1305 2700 volens
1317 2658 1516 2703 Deorum
1531 2670 1697 2707 tentare
1711 2664 1999 2726 divinitatem,

1160 2722 1219 2766 eis
1239 2723 1424 2769 invitatis
1436 2725 1575 2770 filium
1590 2744 1716 2772 suum
1734 2732 1999 2787 epulandum

1160 2785 1356 2841 adposuit
1371 2805 1381 2839 3
1397 2804 1420 2831 a
1433 2804 1519 2846 quo
1531 2803 1683 2837 omnes
1696 2793 1768 2837 Dii
1783 2797 2002 2843 abstinue-

1159 2860 1280 2906 runt,
1291 2863 1462 2909 excepta
1474 2854 1653 2911 Cerere,
1669 2873 1764 2915 quae
1774 2860 2001 2907 brachium

1162 2917 1254 2972 ejus
1272 2921 1520 2965 consumsit.
1543 2923 1698 2968 Postea
1711 2924 1808 2981 Dii,
1824 2937 1999 2984 petente

1162 2983 1374 3039 Tantalo,
1399 3001 1535 3041 quum
1560 2989 1793 3034 voluissent
1815 2994 1908 3048 ejus
1937 2995 2000 3037 fi-

1160 3047 1269 3090 lium
1299 3064 1498 3094 revocare
1523 3053 1574 3095 ab
1599 3053 1749 3098 inferis
1768 3089 1779 3109 ,
1805 3055 1941 3102 Ceres
1961 3061 2003 3104 ei

1162 3113 1406 3156 eburneum
1419 3113 1642 3160 brachium
1652 3119 1850 3164 restituit.
1864 3122 1999 3178 Quod

1163 3176 1262 3219 ideo
1293 3176 1471 3234 fingitur
1488 3211 1500 3232 ,
1533 3180 1632 3236 quia
1663 3181 1797 3227 Ceres
1822 3185 1909 3242 ipsa
1938 3199 2002 3233 est

1163 3249 1277 3283 terra
1294 3273 1304 3294 ,
1326 3255 1420 3296 quae
1439 3257 1619 3298 corpora
1634 3246 1834 3291 universa
1850 3266 2001 3296 consu·

1164 3307 1243 3348 mit
1260 3339 1271 3359 ‚
1297 3322 1386 3348 ossa
1406 3314 1577 3350 tantum
1595 3324 1831 3356 reservans.

1217 3373 1308 3413 383.
1334 3374 1374 3412 A
1390 3374 1489 3413 loeso
1501 3388 1651 3415 amore.
1664 3374 1733 3418 Ab
1747 3392 1893 3422 amore
1909 3380 1999 3423 Me·

1165 3436 1255 3479 deae
1278 3435 1329 3478 ab
1349 3435 1506 3478 Jasone
1528 3436 1697 3481 violato.

1702 3525 1738 3577 6
