2280 3776
342 331 449 388 290

788 314 852 365 P.
908 310 1215 366 ovlon
1262 311 1652 389 NASONIS

341 429 525 507 Quam
553 426 692 486 male
720 450 776 486 se
804 440 1023 508 praestet
1049 427 1215 487 veteri
1253 427 1531 488 Graecinus
1561 429 1768 489 amico:

419 526 544 583 Non
566 523 642 582 ita
671 537 801 581 sunt
830 522 957 583 fatis
988 523 1168 584 omnia
1195 548 1347 585 versa
1373 526 1523 586 meis.

847 802 1358 873 EPISTOLA
1402 806 1578 875 VII.

1123 941 1309 956 mm

921 1120 1503 1184 MESSALLINO.

879 1427 1542 1480 ARGUMENTUM.

323 1559 446 1602 Bene
460 1563 662 1613 precatur
674 1553 928 1599 Messalliuo
944 1562 1070 1611 poeta
1081 1587 1093 1608 ,
1107 1553 1352 1612 miseroque
1366 1556 1446 1600 sibi
1458 1557 1707 1614 amicitiam,
1721 1562 1853 1616 patris
1866 1559 2092 1619 fratrisque

695 1634 866 1669 secutus
885 1623 1080 1682 exempla
1098 1657 1110 1680 ,
1131 1624 1249 1668 haud
1269 1625 1458 1683 deneget
1472 1658 1485 1681 ,
1505 1626 1718 1673 hortatur.

327 1756 615 1841 LITERA
641 1801 745 1860 pro
774 1777 958 1836 verbis
988 1777 1123 1848 tibi,
1150 1777 1497 1851 Messalline‘,
1531 1778 1794 1854 salutem,

408 1876 590 1955 Quam
618 1873 784 1951 legis,
814 1898 845 1933 a
870 1873 1022 1933 saevis
1051 1873 1249 1934 adtulit
1276 1899 1452 1958 usque
1480 1877 1651 1937 Getis.

324 1973 540 2034 Iudicat
568 1985 844 2032 auctorem
870 1969 1065 2030 locus?
1089 1994 1189 2043 an,
1218 1971 1324 2031 nisi
1354 1973 1575 2033 nomine
1602 1972 1772 2047 lect0,

403 2071 536 2130 Haec
562 2092 649 2128 me
679 2068 955 2137 Nasonem
989 2067 1226 2128 scribere
1253 2068 1417 2129 verba
1434 2116 1449 2141 .,
1485 2069 1661 2130 latet?

319 2167 529 2250 Ecquis
556 2166 615 2225 in
644 2164 1124 2253 extremo-positus
1147 2164 1285 2246 jacet
1312 2166 1450 2226 orbe
1481 2181 1734 2241 tuorum,
2066 2188 2091 2227 5

403 2265 498 2323 Me
531 2277 708 2322 tamen
738 2275 963 2343 excepto
981 2306 997 2333 ‚
1032 2261 1126 2343 qui
1154 2284 1348 2344 precor
1373 2286 1488 2323 esse
1521 2265 1690 2323 tuus?

322 2363 399 2422 Di
426 2358 623 2443 procul
652 2382 683 2417 a
713 2358 954 2430 cunctis,
985 2358 1081 2440 qui
1110 2373 1162 2419 te
1189 2375 1514 2420 venerantur
1540 2377 1857 2445 amantque,

405 2459 587 2539 Hujus
609 2457 859 2517 notitiam
887 2457 1066 2534 gentis
1095 2456 1283 2517 abesse
1311 2455 1495 2517 velint.

319 2550 441 2614 Nos
459 2600 472 2624 ‚
506 2552 637 2613 satis
665 2566 747 2611 est
767 2597 781 2620 ,
811 2551 953 2611 inter
981 2549 1206 2629 glaciem
1237 2552 1626 2635 Scythicasque
1655 2554 1879 2634 sagittas

402 2650 597 2709 Vivere
615 2696 630 2722 ‚
662 2649 709 2708 si
737 2648 847 2707 vita
875 2663 957 2707 est
979 2649 1173 2708 mortis
1199 2636 1451 2710 habenda
1481 2673 1669 2727 genus.
2039 2683 2086 2708 ιο

375 2795 530 2848 4.Hoec
546 2808 610 2835 me
637 2793 858 2835 Nasonem.
884 2790 1038 2834 Malim
1063 2794 1167 2835 Hoec

325 2863 406 2905 tibi
420 2861 641 2902 Nasonem.
662 2857 721 2899 H.

369 2927 393 2967 5
400 2958 408 2966 .
415 2925 572 2979 Ecquis
582 2931 750 2966 tuorum.
759 2921 975 2977 Numquis
987 2930 1165 2983 tuorum

325 2990 567 3034 amicorum
582 3020 593 3042 ,
631 2995 703 3030 aut
737 2986 959 3029 clientum.
987 2989 1050 3029 Et
1074 2991 1166 3042 quis

329 3053 530 3096 nonnulli
547 3071 557 3104 ;
579 3053 648 3094 En
665 3055 757 3107 quis
776 3051 826 3093 P.
838 3050 951 3094 Dan.
967 3073 1022 3082 -
1035 3052 1085 3092 In
1096 3066 1164 3092 ex·

330 3128 454 3160 tremo
474 3120 581 3160 orbe.
602 3117 653 3159 ln
678 3115 827 3159 ultima
846 3115 1164 3172 septemtrionis

332 3181 465 3237 plaga.
479 3205 532 3214 -
544 3184 682 3223 lacet.
700 3180 787 3223 Aut
799 3180 981 3231 habitan
1002 3188 1074 3222 aut
1092 3196 1165 3222 re-

330 3262 431 3287 vera
445 3255 649 3301 tanquam
665 3255 862 3289 mortuus
876 3255 919 3288 et
930 3254 1164 3302 prostratus

329 3312 452 3367 jacet.
472 3309 572 3351 Hoc
586 3318 730 3352 autem
746 3310 848 3354 dicit
860 3326 950 3353 non
964 3310 1055 3353 sine
1069 3326 1165 3355 ma.-

331 3389 418 3430 gno
439 3372 598 3414 dolore.

384 3438 424 3479 6.
449 3439 534 3491 Qui
536 3453 683 3492 precor
697 3453 787 3479 esse
805 3447 912 3482 tuus.
936 3438 1032 3494 Qui
1052 3438 1165 3481 Ovi-

1247 2792 1344 2835 dius
1357 2793 1484 2848 cupio
1503 2801 1553 2834 ut
1570 2794 1651 2835 sim
1671 2801 1770 2835 tuus
1781 2824 1793 2846 ,
1817 2807 1899 2836 nec
1912 2808 1935 2835 a
1949 2802 1991 2837 te
2007 2794 2086 2839 de-

1245 2858 1410 2901 stituar.
1435 2858 1559 2899 Mun.

1302 2939 1338 2978 7.
1350 2924 1585 2975 Diiprocul
1593 2938 1621 2964 a
1633 2927 1804 2965 cunctis.
1817 2923 1972 2966 Faxint
1981 2924 2057 2968 Dii
2070 2959 2083 2980 ,

1245 3001 1301 3027 ne
1324 2986 1549 3042 quisquam
1573 2987 1788 3029 cultorum
1815 2996 1991 3031 tuorum
2011 2988 2086 3032 has

1247 3058 1396 3105 gentes
1415 3066 1602 3106 praesens
1623 3052 1808 3096 noverit.
1831 3052 1881 3096 P.

1312 3116 1349 3158 8.
1387 3118 1536 3159 Gentis
1574 3120 1720 3160 abesse
1751 3121 1892 3162 velint.
1925 3120 2087 3161 Habere

1246 3179 1416 3222 Sarrav.
1430 3181 1611 3238 Argent.
1625 3180 1821 3237 cambii,
1838 3191 1882 3225 et
1895 3182 2082 3236 Moreti;

1244 3244 1326 3287 hoc
1346 3254 1432 3298 est,
1456 3247 1604 3302 procul
1625 3246 1823 3290 habeant.
1847 3248 1906 3290 H.

1303 3326 1364 3352 ιο.
1400 3312 1450 3353 Si
1470 3327 1601 3366 genus
1624 3316 1768 3354 mortis
1801 3319 1866 3355 est
1890 3314 2082 3354 habenda

1244 3379 1345 3417 vita.
1378 3375 1425 3418 Si
1453 3375 1646 3420 exsilium
1669 3392 1820 3419 meum
1844 3376 1973 3419 debet
1995 3376 2079 3418 ad-

1245 3440 1392 3495 pellari
1418 3441 1516 3484 vita.
