2268 3848
506 341 1275 400 TRISTIURILIB.L
1330 341 1559 399 ELEG
1633 344 1719 398 IL
1946 361 2002 396 u

822 658 1226 729 ELEGIA
1277 660 1386 729 ΙΙ.

777 1036 1469 1095 ARGUMENTUM.

233 1196 286 1240 In
318 1194 515 1239 exsilium
557 1194 832 1252 proficiscens
870 1205 1022 1255 poeta,
1055 1196 1235 1254 jubente
1270 1195 1470 1254 Augusto
1491 1226 1503 1250 ,
1540 1170 1924 1253 deprehensusque
1967 1196 2010 1238 in

280 1263 427 1307 medio
446 1261 582 1315 mari,
605 1261 893 1321 fluctibusque
917 1280 1040 1322 paene
1063 1264 1246 1307 obrutus
1265 1297 1275 1315 ,
1295 1263 1415 1307 Deos
1437 1271 1641 1321 precatur
1655 1295 1667 1316 ,
1687 1271 1738 1306 ut
1761 1263 1838 1320 ipsi
1859 1262 2014 1306 saltem

277 1334 530 1392 ignoscant,
554 1350 636 1378 nec
655 1350 755 1379 cum
778 1333 950 1379 Caesare
975 1335 1118 1391 ipsum
1139 1333 1341 1379 funditus
1359 1332 1572 1391 perdant;
1595 1334 1836 1391 probatque
1869 1334 2017 1378 multis

278 1406 489 1464 exemplis
508 1421 629 1464 posse
651 1421 724 1450 eos
745 1406 787 1449 id
811 1406 968 1451 facere.
991 1406 1210 1451 Describit
1229 1404 1390 1450 deinde
1416 1414 1724 1462 tempestatem
1744 1421 1755 1450 z
1780 1415 1875 1451 tum
1898 1406 2017 1451 Deos

278 1484 509 1533 precatur,
537 1483 586 1520 ut
605 1491 650 1519 se
672 1474 941 1518 incolumem
963 1473 1018 1518 ad
1040 1474 1240 1519 Tomitas
1258 1473 1511 1532 perducant.

227 1644 335 1733 Di
361 1669 526 1732 maris
556 1686 610 1733 et
641 1669 780 1744 caeli,
815 1670 950 1755 quid
983 1670 1127 1732 enim
1155 1669 1265 1731 nisi
1296 1685 1424 1732 vota
1457 1674 1799 1756 supersunt?

309 1766 530 1830 Solvere
561 1784 828 1853 quassatae
859 1769 1071 1852 parcite
1104 1769 1351 1831 membra
1379 1770 1516 1831 ratis
1543 1794 1558 1831 ε

226 1865 402 1936 Neve,
432 1888 654 1948 precor,
689 1865 872 1943 magni
895 1864 1233 1926 subscribite
1265 1865 1497 1926 Caesaris
1524 1865 1650 1927 irae:

310 1961 490 2045 Saepe,
521 1975 804 2046 premente
831 1961 951 2022 Deo
971 2008 986 2033 ,
1016 1959 1124 2021 sert
1150 1962 1305 2023 Deus
1334 1961 1472 2023 alter
1498 1988 1680 2048 opem.

228 2056 510 2119 Mulciber
538 2057 595 2118 in
625 2058 850 2137 Troiam
871 2105 884 2130 ,
915 2081 1019 2141 pro
1050 2058 1220 2141 Troja
1250 2058 1433 2120 stabat
1462 2058 1696 2143 Apollo;
1995 2079 2021 2121 5

309 2154 495 2238 AEqua
520 2154 710 2215 Venus
738 2154 996 2226 Teucris,
1027 2152 1210 2217 Pallas
1237 2155 1428 2239 iniqua
1455 2154 1577 2217 suit.

230 2249 440 2312 Oderat
468 2251 681 2312 AEnean
712 2251 944 2335 propior
970 2251 1225 2313 Saturnia
1254 2253 1478 2326 Turno;

310 2343 412 2406 Ille
442 2360 624 2408 tamen
650 2346 885 2408 Veneris
915 2346 1139 2408 numine
1175 2361 1331 2409 tutus
1360 2361 1491 2408 erat.

234 2442 388 2525 Saepe
413 2443 569 2504 ferox
602 2458 823 2504 cautum
849 2444 1014 2527 petiit
1042 2446 1337 2527 Neptunus
1365 2443 1651 2528 Ulyssem3

292 2633 325 2660 1.
346 2617 411 2659 Di
422 2631 562 2659 mans.
577 2615 696 2660 Deos
713 2616 845 2660 maris
858 2615 1082 2675 intelligit,

229 2679 491 2739 Neptunum
509 2714 521 2736 ,
556 2681 774 2725 Glaucum
797 2714 809 2735 ,
843 2681 1051 2726 Tritones
1068 2716 1081 2738 ,

231 2745 482 2790 Palaemona
495 2778 507 2800 ‚
525 2745 768 2798 Phorcum;
784 2762 891 2804 quos
904 2747 948 2790 in
960 2746 1084 2804 quin-

230 2817 276 2854 to
293 2809 471 2854 AEneid.
493 2809 604 2854 libro
630 2810 854 2868 eleganter
874 2811 1083 2869 Virgilius

232 2874 448 2919 describit.

284 2957 322 2983 2.
358 2941 582 2995 Quassatoe
601 2943 720 2983 ratic.
735 2940 802 2983 Ex
822 2939 977 2999 Virgil.
996 2941 1082 2996 IV,

230 3004 409 3051 AEneid.
435 3007 487 3050 53
507 3021 518 3050 z
547 3008 848 3065 Quassataeque
869 3017 982 3052 rates
999 3042 1011 3061 ,
1041 3016 1088 3051 et

234 3087 317 3116 non
335 3075 558 3116 tractabile
578 3075 736 3116 celum.

285 3141 323 3182 5.
345 3141 429 3182 Pro
457 3139 588 3195 Troja
609 3142 756 3183 stabat
774 3141 946 3195 Apollo.
973 3141 1083 3184 Ho—

229 3220 402 3260 merus,
429 3205 584 3262 quinto
604 3205 725 3249 Iliad.
741 3206 933 3251 ostendit
952 3208 1086 3265 Apol-

231 3269 370 3312 linem
388 3269 541 3315 favisse
563 3271 782 3327 Troianis.
810 3273 929 3317 Hinc
949 3273 1084 3317 etiam

233 3335 403 3381 Paridis
433 3338 634 3395 sagittam
663 3339 709 3381 in
743 3339 881 3383 solam
907 3339 1085 3385 Achillis

231 3403 424 3460 corporis
445 3412 615 3461 partem
636 3438 648 3460 ,
681 3421 779 3462 quae
807 3406 1084 3453 vulnerabilis

232 3478 369 3527 osset,
395 3469 564 3516 direxit.
582 3472 729 3538 PONT.

1222 2619 1262 2663 6.
1279 2622 1458 2672 Pallas,·
1481 2618 1571 2677 ipsa
1583 2620 1763 2675 Venus,
1783 2619 1888 2664 AEn.
1904 2620 1976 2675 11,
1998 2639 2023 2664 a

1165 2701 1226 2728 vs.
1246 2684 1352 2739 διο,
1379 2684 1537 2729 AEneae
1556 2701 1636 2729 suo
1658 2684 1883 2729 Palladem
1899 2718 1911 2741 ,
1933 2686 2022 2730 Ju-

1164 2765 1332 2794 nonem
1346 2784 1358 2806 ,
1382 2750 1643 2808 Neptunum
1661 2783 1674 2805 ,
1696 2751 1858 2795 Jovem
1876 2751 2019 2809 ipsum

1165 2814 1358 2861 ostendit
1377 2817 1533 2860 urbem
1553 2816 1738 2872 Troiam
1758 2826 1978 2861 eruentes.

1225 2898 1262 2938 7.
1289 2883 1468 2937 Propior
1477 2883 1678 2925 Saturnia
1694 2883 1738 2923 T
1731 2896 1859 2935 umo,·
1875 2881 2018 2936 idest,

1165 2947 1303 3005 magis
1314 2947 1467 2991 favens
1479 2981 1491 3003 ,
1505 2948 1544 3003 ej
1551 2964 1600 2991 us
1615 2947 1798 2992 tutelam
1811 2956 1855 2992 et
1866 2963 2019 2991 curam

1166 3028 1354 3069 gerens:
1375 3012 1435 3056 ita
1462 3012 1578 3070 apud
1606 3012 1814 3057 Plautum
1842 3012 2019 3056 Mostel.

1167 3080 1215 3123 II
1231 3112 1243 3134 ,
1264 3093 1282 3121 1
1295 3112 1307 3135 ,
1329 3082 1482 3124 Pluma
1505 3082 1625 3123 baud
1635 3084 1808 3123 interea
1813 3087 2020 3135 patronus

1164 3161 1223 3189 an
1242 3148 1375 3189 cliens
1384 3149 1561 3201 propior
1574 3149 1637 3187 sit
1650 3147 1823 3187 homini,

1222 3212 1263 3254 8.
1303 3214 1475 3256 Venerit
1507 3215 1686 3255 numine.
1723 3210 1814 3255 Alii
1842 3229 2019 3258 munere.

1167 3275 1337 3321 Hnms.

1222 3357 1260 3400 9.
1281 3341 1397 3397 Soepe
1405 3339 1537 3396 ferox
1557 3348 1737 3386 cautum.
1760 3342 2017 3399 Neptunus,

1165 3405 1324 3462 iratus,
1346 3405 1464 3463 quod
1484 3406 1663 3466 Ulysses
1682 3407 1802 3464 prius
1823 3407 2020 3450 Palame-

1168 3472 1270 3519 dem
1283 3483 1492 3531 nepotem
1509 3474 1732 3519 insontem
1743 3474 2018 3532 perdidisset,
