2280 3776
450 342 562 397 Ex
602 339 898 397 ΡοΝΤο
937 341 1101 396 LIB.
1145 342 1271 398 111.
1314 340 1593 397 EPIST.
1640 345 1766 398 111.
1877 347 1986 421 389

227 459 430 539 Quuml
447 457 636 518 subito
667 458 863 541 pennis
893 458 1130 537 agitatus
1153 458 1430 520 inhorruit
1454 483 1576 533 aer,

307 559 380 616 Et
414 556 621 634 gemuit
648 579 816 639 parvo
845 570 994 616 mota
1020 556 1252 617 fenestra
1282 582 1437 618 sono.
1945 591 1991 618 ιο

225 652 476 713 Territus
505 654 562 712 in
593 653 840 714 cubitum
868 653 1050 715 relevo
1081 676 1199 715 mea
1224 656 1466 717 membra
1494 656 1775 717 sinistrum
1798 703 1813 727 ‚

307 745 508 807 Pulsus
536 762 589 807 et
617 772 645 808 e
674 749 887 832 trepido
916 764 1135 831 pectore
1166 773 1395 810 somnus
1423 752 1556 812 abit.

227 841 420 902 Stabat
448 847 623 905 Amor
651 845 834 916 vultu,
866 871 976 907 non
1006 871 1118 930 quo
1140 847 1295 930 prius
1324 872 1439 909 esse
1468 848 1711 920 solebat,

307 940 500 1003 Fulcra
532 957 721 1004 tenens
748 944 875 1005 laeva
902 945 1073 1006 tristis
1102 969 1291 1006 acerna
1316 970 1478 1007 manu
1503 972 1515 1018 ;

226 1034 341 1095 Nec
369 1050 621 1119 torquem
649 1037 794 1099 collo
812 1086 827 1110 ‚
860 1064 957 1101 nec
987 1040 1197 1101 habens
1225 1041 1427 1102 crinale
1453 1040 1664 1125 capillis
1682 1087 1697 1112 ‚
1948 1055 1995 1097 15

308 1132 423 1191 Nee
450 1132 592 1193 bene
626 1133 922 1218 dispositas
948 1151 1189 1207 comtuS‚
1219 1150 1282 1197 ut
1303 1151 1428 1196 ante
1448 1184 1462 1206 ‚
1495 1160 1693 1197 comas,

229 1226 471 1287 Horrida
498 1229 816 1311 pendebant
843 1231 1039 1293 molles
1067 1257 1234 1316 super
1265 1257 1357 1293 ora
1387 1231 1569 1315 capilli
1593 1256 1606 1303 ;

309 1322 385 1381 Et
409 1321 522 1384 visa
552 1339 636 1385 est
666 1326 842 1386 oculis
871 1327 1093 1389 horrida
1121 1351 1299 1411 penna
1330 1327 1479 1388 meis.

233 1418 428 1499 Qualis
458 1421 516 1482 in
547 1424 701 1484 aeriae
730 1440 883 1504 tergo
909 1426 1050 1488 solet
1078 1451 1193 1488 esse
1222 1427 1492 1487 columbae
1512 1474 1526 1499 ‚

315 1517 671 1582 Tractantum
701 1523 884 1584 multae
913 1549 1076 1608 quam
1106 1525 1332 1604 tetigere
1364 1549 1573 1586 manus.
1953 1552 2006 1580 2¹·

238 1617 434 1690 Hunc‚
467 1619 630 1680 simul
656 1622 854 1699 agnovi
874 1669 888 1695 ‚
920 1646 1095 1706 neque
1126 1624 1270 1683 enim
1297 1623 1432 1684 mihi
1461 1622 1648 1683 notior
1675 1619 1833 1691 alter,

316 1714 548 1777 Talibus
577 1718 755 1801 adfata
787 1735 869 1780 est
897 1718 1070 1782 libera
1099 1720 1284 1800 lingua
1312 1721 1494 1782 sonis:

239 1812 292 1872 Ο
320 1836 490 1896 puer,
517 1817 693 1877 exsilii
722 1818 950 1900 decepto
982 1842 1143 1880 causa
1171 1820 1471 1898 magistro,

319 1910 502 1988 Quem
527 1911 634 1971 fuit
664 1912 855 1973 utilius
884 1938 997 1973 non
1027 1915 1278 1976 docuisse
1306 1916 1469 1975 mihi!

238 2005 364 2065 Huc
393 2029 613 2088 quoque
639 2008 872 2079 venisti,
905 2032 1011 2092 pax
1030 2024 1120 2087 ⁸est
1149 2011 1248 2070 ubi
1275 2024 1520 2093 ternpore
1548 2006 1735 2076 null0‚
1960 2022 2011 2061 ἰδ

315 2101 393 2162 Et
419 2101 533 2162 coit
558 2102 835 2165 adstrictis
862 2105 1132 2167 barbarus
1159 2108 1299 2167 Ister
1327 2106 1528 2188 aquis?

238 2198 379 2277 Quae
410 2200 513 2260 tibi
540 2225 698 2262 causa
730 2203 871 2263 viae?
897 2203 1006 2263 nisi
1034 2203 1115 2264 uti
1143 2202 1280 2270 mala
1302 2218 1493 2264 nostra
1519 2201 1768 2262 videres?

321 2295 454 2374 Quo
485 2311 643 2368 sunt,
673 2298 719 2356 si
746 2298 921 2358 nescis
939 2346 953 2368 ‚
984 2299 1254 2359 invidiosa
1281 2299 1406 2359 tibi.

239 2394 329 2454 Tu
358 2393 494 2454 mihi
524 2393 742 2455 dictasti
768 2394 1031 2476 juvenilia
1059 2395 1296 2457 carmina
1318 2395 1529 2478 primus
1554 2419 1567 2453 :

245 2551 366 2608 quies
392 2567 487 2608 quae
508 2552 755 2596 communis
783 2562 848 2596 est
874 2551 1090 2595 omnibus.
1171 2550 1368 2608 proximo
1387 2552 1559 2594 sordida
1573 2551 1721 2604 pluma
1737 2562 1935 2604 reponas.
1957 2546 2016 2589 H.

245 2616 948 2662 —Habebat.AlebatMedonian.
969 2617 1089 2660 alter.
1231 2619 1293 2661 18.
1308 2620 1465 2661 Panna.
1486 2615 1857 2658 Alaea—Horrida.
1879 2613 2017 2668 Aspe-

307 2685 368 2736 14.
381 2684 550 2737 Sceptra
561 2689 706 2726 lenens
719 2685 823 2725 lawa
835 2685 969 2725 tristis·
979 2697 1094 2725 acer*
1172 2698 1231 2726 rae
1255 2691 1299 2725 et
1322 2681 1503 2737 impexae
1534 2688 1712 2736 propter
1737 2677 1986 2733 aquilonem
2005 2709 2017 2730 ,

246 2763 305 2790 na
324 2763 462 2790 manu.
490 2748 624 2791 Fulvo
645 2746 876 2804 Argentin.
898 2755 942 2789 et
960 2746 1095 2790 codex
1175 2747 1251 2804 qui
1268 2746 1320 2789 ad
1337 2762 1388 2789 ea
1405 2747 1495 2789 loca
1511 2745 1734 2788 volantem
1753 2742 2022 2799 Cupidinem

248 2811 453 2872 Scaliger.
466 2812 585 2856 unde
597 2813 749 2857 Fulcra
761 2812 795 2856 is
809 2811 1093 2868 conjiciebat;
1177 2810 1411 2854 adflaverat
1423 2841 1436 2864 ,
1456 2819 1502 2853 et
1517 2810 1737 2865 impexum
1757 2805 2022 2851 reddiderat.

251 2877 369 2935 quod
389 2879 631 2923 Vaticanus
659 2877 813 2936 primae
841 2886 958 2921 notae
987 2893 1098 2920 con-
1178 2877 1264 2919 Vel
1289 2876 1421 2919 etiam
1442 2890 1629 2918 moerore
1661 2883 1706 2916 et
1732 2873 1849 2916 luctu
1870 2904 1881 2926 ,
1910 2888 2023 2928 pro-

250 2943 399 2988 firmat
417 2960 427 2988 :
450 2947 640 2989 Fulcmm
655 2961 735 3001 pro
755 2944 908 2988 baculo
927 2943 1070 3000 posuit
1087 2957 1097 2985 z
1178 2950 1276 2999 pter
1296 2951 1436 2999 poetae
1452 2942 1756 2985 calamitatem.

250 3011 387 3072 ῥάὸδον
422 3013 631 3062 §anamim
663 3010 738 3054 dat
778 3009 934 3052 Amori
966 3009 1099 3051 Ana-
1237 3027 1302 3053 20.
1339 3011 1594 3052 Tractatum.
1632 3008 1903 3050 Tractantum
1933 3006 2026 3049 Po-

255 3091 388 3119 creon
405 3108 416 3130 ,
440 3075 528 3119 Od-
546 3076 651 3119 VII.
675 3076 734 3118 H.
748 3098 803 3107 —
824 3077 1006 3118 Acema.
1029 3074 1099 3117 De
1159 3109 1161 3111 .
1181 3073 1317 3116 litian.
1337 3081 1381 3115 et
1402 3081 1489 3115 tres
1509 3071 1593 3115 alii.

259 3156 381 3183 acere
406 3139 528 3183 sacta.
559 3140 637 3183 Est
669 3141 789 3183 enim
816 3157 953 3198 genus
980 3140 1101 3197 ligni.
1239 3156 1303 3182 22.
1333 3141 1510 3181 Talibus
1527 3137 1667 3194 effata
1684 3145 1760 3180 est.
1777 3137 1948 3194 Adfata
1965 3145 2034 3180 est

257 3203 412 3261 Virgil.
429 3204 691 3259 AEneid.11,
714 3222 772 3248 vs.
792 3222 809 3246 1
821 3222 868 3247 12
883 3237 895 3260 ,
915 3208 1104 3247 trabibus
1184 3220 1235 3248 ex
1253 3203 1431 3259 scriptis.

258 3276 479 3313 contextas
496 3273 671 3312 acernis.
691 3269 820 3312 Mna.
1243 3273 1308 3312 25.
1330 3270 1427 3310 Pax
1441 3274 1508 3310 est
1516 3269 1598 3309 ubi.
1621 3268 1711 3320 Quo
1717 3283 1810 3321 pax
1826 3275 1893 3309 est
1903 3266 2032 3309 Polit.

319 3351 379 3391 ¹7·
399 3335 584 3376 Horrida
598 3336 850 3389 pendebant.
872 3333 1106 3390 Repetitur
1186 3352 1267 3391 qua
1288 3333 1499 3376 Heinsius
1520 3332 1720 3376 malebat.

263 3415 313 3443 ea
328 3415 410 3442 vox
422 3415 547 3442 versu
563 3398 760 3456 proximo
776 3415 786 3441 ε
808 3415 941 3455 quare
955 3398 1106 3442 malim
1243 3416 1307 3458 29.
1335 3399 1399 3440 Tu
1420 3399 1528 3440 mihi
1544 3400 1729 3441 d1'ctast12
1749 3397 1853 3442 Vid.
1878 3397 2032 3439 Amor.

265 3463 486 3519 Squallt'da
516 3479 592 3507 ora
620 3462 690 3507 hic
710 3463 794 3519 legi
816 3481 827 3518 ;
864 3463 948 3507 nisi
979 3479 1108 3508 versu
1189 3466 1259 3509 lib.
1284 3465 1331 3520 I,
1355 3464 1474 3521 Eleg.
1497 3476 1514 3507 1
1531 3463 1711 3520 princip.
