2280 3776
318 434 384 519 P
410 430 768 519 UBLII
844 430 1259 516 OVIDII
1321 429 1867 518 NASONIS

769 630 1411 691 EPISTOLARUM

579 804 801 913 EX
944 802 1597 916 PONTO

606 1038 612 1044 '
669 1021 985 1092 LIBER
1032 1021 1518 1092 TERTIUS.

619 1347 1142 1419 EPISTOLA
1206 1351 1564 1421 PRIMA.

984 1489 1217 1506 m

935 1674 1256 1735 UXORI.

794 1967 1399 2018 ARGUMENTUM.

212 2094 524 2142 calamitatum
557 2096 692 2141 exsilii
724 2097 791 2141 sui
817 2097 1051 2154 impatiens
1082 2098 1134 2141 ab
1166 2113 1299 2141 uxore
1328 2096 1523 2156 flagitat,
1559 2107 1609 2143 ut
1632 2100 1760 2145 bonae
1791 2103 1991 2160 conjugis

260 2165 429 2210 famam
455 2175 659 2221 tueatur,
690 2175 735 2211 et
759 2183 782 2210 a
805 2165 987 2211 Caesaris
1011 2167 1206 2223 conjuge.
1223 2167 1460 2224 impetrare
1481 2176 1573 2213 toto
1590 2178 1765 2225 pectore
1789 2170 1955 2214 nitatur
1976 2204 1987 2225 ,

261 2245 312 2282 ut
331 2253 435 2282 cum
456 2238 642 2283 Pontica
669 2237 827 2283 tellure
854 2239 1002 2282 minus
1028 2238 1232 2282 hostilem
1253 2239 1398 2283 locum
1427 2241 1586 2283 marito
1600 2250 1770 2285 mutare
1790 2241 1927 2286 liceat.

211 2367 316 2474 AE
331 2405 541 2461 QUOR
557 2389 780 2450 Iasonio
809 2388 1088 2472 pulsatum
1112 2385 1314 2467 remige
1338 2389 1607 2471 primum,

291 2488 541 2570 Quaeque
565 2507 665 2547 nec
693 2486 852 2546 hoste
879 2486 1023 2559 fem,
1057 2510 1158 2547 nee
1185 2486 1308 2546 nive
1339 2501 1480 2546 terra
1508 2510 1685 2558 eares;

208 2582 444 2667 Ecquod
472 2583 576 2643 erit
605 2597 850 2665 tempuS‚
886 2606 997 2664 quo
1026 2607 1126 2644 vos
1153 2607 1255 2662 ego
1286 2584 1436 2643 Naso
1462 2581 1770 2666 relinquam
1793 2631 1806 2656 ‚

289 2681 359 2740 In
386 2679 571 2739 minus
598 2676 857 2738 hostilem
880 2677 1062 2759 jussus
1087 2678 1237 2738 abire
1263 2677 1447 2738 locum
1473 2679 1497 2738 ?

211 2779 302 2839 An
328 2775 467 2837 mihi
491 2774 756 2836 Barbaria
784 2774 1075 2835 vivendum
1106 2798 1317 2858 semper
1343 2775 1403 2834 in
1431 2775 1582 2836 ista?
1957 2794 1982 2834 5

289 2872 468 2954 Inque
494 2869 788 2930 Tomitana
813 2869 1018 2930 condar
1047 2884 1269 2953 oportet
1296 2870 1511 2930 humo?

269 3029 304 3055 1.
325 3014 713 3069 AEquotpulsatum.
736 3011 779 3057 Ο
795 3028 917 3056 mare
932 3013 1058 3056 Pon-
1135 3020 1234 3056 tum.
1258 3011 1411 3054 Amor.
1429 3010 1502 3055 lib.
1517 3011 1588 3065 ΙΙ,
1606 3011 1728 3069 Eleg.
1745 3027 1794 3056 xl
1810 3046 1824 3067 ,
1847 3030 1906 3057 vs.
1931 3031 1947 3057 1
1963 3048 1976 3069 ,

213 3075 348 3120 ticum
365 3077 498 3121 remis
517 3087 695 3122 erutum
713 3087 759 3121 et
779 3078 1057 3134 agitatum.—
1129 3081 1271 3132 prima
1289 3080 1446 3131 pinus3
1466 3086 1511 3120 et
1528 3076 1665 3132 Epist.
1682 3079 1774 3122 XII
1798 3078 1982 3122 Heroid.

213 3143 388 3185 Iasonio
405 3145 567 3197 renugre.
588 3142 742 3187 Nautis
758 3143 787 3185 J
791 3143 932 3186 asonis
947 3175 960 3198 ,
981 3142 1058 3199 qui
1138 3158 1197 3185 vs.
1212 3141 1260 3184 13
1276 3173 1288 3194 ‚
1305 3157 1415 3183 nova
1421 3146 1564 3197 pinus.
1581 3141 1718 3197 Quod
1732 3175 1744 3196 ,
1761 3144 1986 3199 quomodo

214 3223 294 3263 per
313 3221 434 3250 mare
457 3207 692 3250 Ponticum
715 3207 910 3263 primum
933 3206 1060 3250 navi-
1139 3208 1194 3251 sit
1217 3205 1541 3262 accipiendum,
1564 3207 1762 3251 invenies
1778 3208 1826 3252 in
1846 3225 1984 3254 anno-

215 3271 356 3329 gavit,
386 3287 525 3328 quum
558 3271 677 3328 Argo
709 3271 810 3314 navi
839 3271 1059 3328 profectus
1140 3272 1238 3315 tatis
1259 3269 1429 3314 nostris.

217 3344 284 3380 est
307 3335 360 3378 ad
383 3335 645 3392 rapiendum
661 3351 843 3379 aureum
856 3335 1061 3379 vellus.—
1196 3337 1236 3378 3.
1255 3338 1436 3391 Ecquod
1446 3349 1461 3387 ‚·
1487 3338 1665 3392 'Ecquid
1676 3337 1784 3382 Jun.
1813 3348 1857 3382 et
1882 3339 1982 3395 pln-

216 3401 385 3444 Iasom‘o
403 3406 552 3456 rengre
563 3405 741 3457 primum
762 3417 899 3458 aequor
906 3404 1057 3456 pulsa·
1141 3402 1240 3445 rimi
1254 3416 1271 3454 5
1291 3404 1360 3444 En
1380 3403 1484 3457 quid
1498 3401 1600 3446 MS.
1612 3403 1782 3446 Bersm.

373 3483 527 3545 VII.
1649 3486 1721 3552 24
