2280 3776
223 293 289 362 ,48
300 314 330 348 o

631 262 738 348 Ῥ.
793 294 1098 350 ovum
1153 292 1534 351 NASONIS

299 408 600 469 Tantalidae
628 408 843 469 reducis
872 410 1329 494 Tyndaridosque
1358 413 1582 495 Lupus;

222 509 297 566 Et
327 506 423 589 qui
452 505 747 566 Maeoniam
778 506 1064 567 Phaeacida
1092 508 1255 568 vertit
1280 532 1292 580 ;
1326 523 1380 568 et
1408 533 1519 568 una

300 605 602 664 Pindaricae
628 603 826 665 fidicen
850 619 911 665 tu
944 629 1165 689 quoque
1185 653 1200 678 ‚
1234 606 1379 667 Rufe
1398 654 1412 679 ‚
1444 606 1608 690 lyrae;

225 702 498 781 Musaque
527 700 791 773 Turrani,
823 702 1042 779 tragicis
1072 702 1262 761 innixa
1291 702 1615 775 cothurnis;

304 798 380 855 Et
406 812 500 855 tua
530 820 653 856 cum
683 820 844 857 socco
873 800 1039 859 Musa
1060 845 1073 870 ‚
1104 790 1333 858 Melisse
1352 844 1366 869 ‚
1398 797 1534 857 levis
1560 823 1574 858 z
1955 819 2009 860 30

226 894 416 972 Quum
449 894 626 954 Varus
658 894 1046 977 Gracchusque
1081 895 1276 955 darent
1301 893 1415 954 fera
1445 893 1588 954 dicta
1618 895 1895 976 tyrannis3

226 1065 350 1114 ptum
374 1073 383 1099 :
404 1056 562 1099 deinde
585 1057 892 1100 scribendum:
919 1076 939 1095 «
963 1059 1078 1102 Per-

224 1123 365 1166 seidos
390 1131 537 1165 auctor
551 1156 562 1177 ,
596 1132 640 1166 et
662 1119 814 1166 auctor
833 1123 1078 1167 Tantalidae

227 1187 397 1231 reducis
413 1205 423 1240 ;
442 1206 463 1225 υ
476 1196 526 1230 ut
538 1197 653 1230 recte
668 1186 871 1230 nonnulli
887 1187 1078 1232 codices:

228 1256 281 1299 de
312 1264 455 1299 actore
486 1270 614 1312 nugae
647 1264 762 1298 sunt.
796 1255 945 1311 Lupus
977 1256 1048 1299 ille
1064 1289 1076 1310 ‚

229 1320 420 1376 quisquis
449 1328 544 1373 est,
579 1335 736 1376 poema
767 1320 1081 1376 conscripserat

227 1386 280 1428 de
305 1385 450 1428 reditu
472 1385 667 1428 Menelai
704 1393 748 1428 et
775 1385 962 1428 Helenae
983 1394 1080 1441 post

227 1459 396 1507 captam
417 1450 613 1506 Troiam.
637 1450 807 1493 HEINS.

283 1533 347 1572 27.
362 1518 424 1557 Et
433 1516 737 1570 quc'Moeonidoe
751 1516 981 1558 Pha-acida
995 1531 1082 1558 ver-

226 1586 291 1624 tit.
301 1582 531 1623 Maeniam
541 1582 770 1623 Pboeact'da
780 1578 974 1636 plerique
981 1581 1081 1623 .Tu-

231 1647 423 1690 ticanum
446 1655 594 1689 autem
612 1644 815 1702 intelligit
832 1678 844 1700 ,
874 1645 928 1688 ad
947 1661 1081 1702 quem

227 1729 355 1770 supra
366 1712 434 1755 El.
445 1726 513 1755 XII
528 1746 540 1767 ‚
553 1730 601 1769 27
617 1727 657 1754 z«
672 1711 867 1768 Dignam
877 1711 1081 1755 Maeoniis

231 1777 458 1822 Phaeacida
472 1777 663 1821 condere
678 1777 837 1820 chartis
860 1777 1016 1834 Quum
1037 1786 1080 1820 te

233 1841 429 1884 Pierides
455 1841 722 1898 perdocuere
751 1841 869 1886 Deae.
894 1859 916 1879 ³»
950 1842 1009 1884 H.
1027 1864 1082 1874 —-

231 1908 275 1947 E
274 1915 293 1949 t
301 1911 374 1962 qui
380 1908 597 1949 Maeom‘doe
606 1908 835 1949 Phoeacida
846 1910 980 1949 vertit.
996 1906 1083 1951 Hic

229 1972 469 2014 Tuticanus
491 1971 590 2014 fuit.
619 1972 735 2015 Mm.

286 2041 353 2082 30.
379 2040 481 2081 Cum
499 2054 627 2081 socco
639 2039 787 2090 Musa,
804 2040 1000 2090 Inelisse,
1017 2043 1079 2083 le-

229 2109 305 2149 m‘s.
320 2104 470 2148 Scribe
484 2121 577 2147 cum
589 2121 713 2147 socco
728 2108 833 2148 levi:
845 2104 906 2148 sic
915 2121 1082 2160 gravem

231 2173 473 2214 cothurnum
493 2170 592 2214 alibi
611 2170 728 2214 dixit.
749 2170 833 2213 Cn.
854 2171 1083 2215 Melissum

232 2245 397 2294 togatas
431 2236 644 2292 scripsisse
678 2236 795 2279 testis
835 2246 900 2280 est
933 2236 1083 2280 Scho—

232 2302 374 2345 liastes
401 2302 574 2345 Horatii
596 2301 649 2344 ad
667 2302 823 2344 Artem
840 2301 1081 2358 poeticam;

239 2370 428 2423 Togatas
458 2372 711 2423 sm'pserunt
735 2371 874 2412 AElius
900 2370 1052 2411 lamia
1070 2401 1082 2423 ,

233 2437 446 2478 Antonius
454 2434 596 2490 Rufics
607 2469 617 2485 ‚
640 2436 946 2486 Cnstleltlrsus,
964 2433 1087 2488 Afri-

234 2517 366 2544 canus
377 2534 387 2548 ,
403 2503 658 2556 Pomponius
668 2515 684 2553 ‚⁷
706 2499 781 2557 qui
795 2495 936 2543 Rufus
955 2499 1087 2543 forsi-

235 2574 311 2609 tan
331 2565 449 2608 idem
470 2582 571 2608 cum
593 2582 646 2609 eo
667 2581 800 2623 quem
826 2567 987 2611 Noster
1007 2582 1084 2608 su-

234 2647 312 2687 pra
331 2640 455 2676 vocat
471 2634 688 2688 fidicinem
713 2634 948 2675 Pindaricae
973 2635 1085 2690 Iyrae.

241 2695 400 2740 Caium
420 2696 648 2740 Melissum
670 2705 796 2740 vocat
819 2697 1057 2741 Suetonius
1072 2730 1084 2751 ,

240 2771 285 2805 et
304 2762 421 2805 inter
440 2763 744 2819 grammaticos
764 2771 983 2817 recenset,
1011 2763 1086 2819 qui

238 2835 402 2884 togatas
427 2842 530 2870 eum
552 2820 735 2871 edidisse
754 2827 886 2871 etiam
910 2827 1084 2884 prodit,

239 2909 344 2950 quas
364 2893 629 2950 inscripserit
651 2895 897 2938 Trabeatas.
917 2893 1087 2937 Laudat

241 2974 414 3016 quoque
442 2963 688 3014 ineptiarum
714 2961 807 3016 ejus
824 2992 835 3014 ,
869 2975 946 3004 seu
958 2960 1088 3014 joco-

237 3042 326 3068 rum
338 3028 523 3075 libellos,
550 3028 699 3081 quibus
716 3033 760 3067 et
772 3029 919 3068 mimos
936 3028 1095 3069 deveni

238 3096 374 3146 operis
381 3100 532 3147 postea
542 3091 774 3135 addiderit:
786 3092 845 3134 sic
856 3090 978 3134 enim
989 3089 1089 3135 scri-

239 3155 435 3200 bendum
447 3190 458 3210 ,
481 3172 619 3213 quum
633 3155 731 3199 libri
743 3165 912 3199 veteres
925 3160 1090 3198 animos

240 3224 397 3264 diuersi
427 3227 558 3276 opert's
589 3221 832 3265 exhibeant.
863 3221 1090 3264 Videntur

243 3295 390 3330 autem
406 3287 598 3341 jocorum
619 3287 751 3330 libelli
776 3288 1015 3332 constitisse
1039 3302 1090 3330 ex

244 3351 450 3408 Apologis
461 3350 694 3408 AEsopicis;
710 3351 754 3394 id
770 3353 889 3395 enim
903 3352 1091 3397 scriben-

243 3415 287 3458 di
298 3432 437 3474 genus
436 3418 563 3472 jocos
571 3417 782 3460 vocabant
792 3419 869 3462 :sic
879 3418 1091 3463 Phaedrus

1163 1059 1217 1102 de
1237 1075 1280 1103 sc
1301 1060 1457 1117 passim
1477 1075 1487 1102 ε
1505 1059 1608 1103 hinc
1631 1068 1675 1103 et
1698 1060 1912 1104 Martialis
1931 1064 2013 1102 im-

1153 1128 1283 1180 probi
1285 1125 1415 1180 jocos
1429 1127 1622 1168 Pha-dri:
1635 1141 1718 1169 nec
1732 1125 1886 1169 dubito
1901 1125 2010 1183 quin

1162 1190 1215 1233 dc
1229 1190 1409 1234 Melisso
1421 1189 1704 1246 intelligenda
1716 1190 1803 1234 sint
1816 1189 1885 1233 illa
1898 1190 2013 1247 apud

1163 1257 1403 1301 Phaedrum
1421 1290 1432 1312 ,
1461 1256 1532 1300 lib.
1557 1257 1602 1301 11
1627 1290 1638 1311 ,
1664 1257 1809 1300 fabula
1830 1257 2010 1301 ultima:

1165 1340 1186 1360 «
1211 1322 1438 1378 Quoniam
1459 1330 1688 1379 occuparat
1709 1322 1818 1365 alter
1837 1339 1893 1365 ne
1914 1323 2014 1378 pri—

1162 1404 1261 1431 mus
1288 1388 1434 1431 forem
1449 1421 1461 1442 ‚
1491 1390 1558 1432 Ne
1575 1388 1689 1432 solus
1707 1397 1817 1431 esset
1835 1388 1981 1432 studui
2000 1423 2013 1443 ,

1165 1453 1282 1509 quod
1306 1453 1524 1510 superfuit
1552 1469 1561 1496 ε
1584 1454 1676 1497 Nec
1701 1453 1793 1498 haec
1820 1454 1982 1497 invidia
1999 1487 2012 1509 ,

1164 1536 1319 1564 verum
1341 1528 1404 1563 est
1424 1520 1656 1563 aemulatio.
1671 1539 1692 1558 »
1721 1519 2015 1564 Commenta-

1164 1585 1281 1628 rium
1302 1585 1397 1640 ejus
1416 1584 1469 1627 de
1484 1584 1634 1641 apibus
1647 1584 1827 1629 laudant
1845 1586 2013 1629 Plinius

1165 1661 1208 1695 et
1228 1651 1406 1696 Servius
1434 1668 1443 1695 :
1466 1651 1671 1696 meminit
1692 1651 1856 1695 Melissi
1881 1653 2014 1695 etiam

1165 1716 1336 1773 Virgilii
1350 1716 1448 1760 vitae
1464 1725 1626 1760 auctor.
1639 1715 1860 1760 Caeterum
1876 1733 2016 1773 quum

1166 1779 1220 1823 de
1247 1780 1521 1837 praenomine
1546 1779 1712 1823 Melissi
1733 1781 2015 1836 scriptoribus

1165 1861 1322 1902 parum
1360 1845 1593 1889 conveniat
1617 1879 1628 1894 ,
1671 1853 1716 1888 et
1757 1844 2016 1889 Scholiastes

1166 1910 1339 1953 Horatii
1372 1911 1537 1953 Cnoeum
1558 1943 1570 1961 ‚
1594 1909 1833 1953 Suetonius
1868 1912 2016 1953 Caium

1167 1976 1354 2032 adpellet
1368 2009 1380 2031 ‚
1405 1977 1563 2033 opinor
1576 1991 1731 2019 verum
1753 1975 1918 2018 Melissi
1939 1991 2018 2018 no-

1165 2058 1269 2085 rnen
1279 2042 1405 2085 fuisse
1421 2043 1569 2084 Caium
1585 2042 1765 2084 Cilnium
1773 2042 1993 2083 Melissum
2003 2057 2016 2082 .·

1163 2108 1250 2152 fuit
1266 2108 1384 2151 enim
1402 2108 1605 2151 Melissus
1620 2107 1874 2151 Maecenatis
1891 2107 2019 2151 liber-

1166 2182 1234 2218 tus
1251 2207 1263 2228 ,
1284 2174 1352 2218 cui
1373 2175 1479 2216 Caio
1501 2189 1757 2230 praenomen
1775 2206 1787 2225 ‚
1811 2189 1949 2229 quum
1967 2189 2019 2216 ex

1170 2240 1397 2281 Cilniorum
1424 2245 1552 2294 gente
1575 2236 1698 2280 ess'et.
1723 2237 1919 2280 Libertos
1944 2252 2017 2278 au—

1167 2309 1259 2344 tem
1276 2316 1533 2357 praenomen
1548 2317 1597 2344 ac
1612 2315 1779 2344 nomen
1794 2299 1972 2344 familiae
1992 2315 2016 2342 a

1167 2367 1360 2422 patronis
1394 2374 1583 2410 mutatos
1614 2382 1706 2409 esse
1728 2365 1883 2414 *notius
1914 2374 1979 2408 est
2002 2396 2015 2419 ,

1169 2448 1301 2489 quam
1325 2443 1373 2476 ut
1399 2432 1547 2476 multis
1568 2432 1652 2477 hoc
1673 2433 1770 2477 loco
1791 2449 1815 2475 a
1837 2448 1908 2476 me
1929 2432 2018 2476 ad-

1167 2498 1277 2542 strui
1297 2497 1466 2541 debeat.
1493 2497 1665 2542 Hssms.

1224 2564 1292 2607 31.
1319 2565 1451 2617 Quum
1471 2564 1620 2606 Varus.
1642 2563 1791 2606 Poeta.
1806 2585 1862 2594 —
1876 2564 2019 2605 Grac—

1167 2630 1350 2684 chusque
1373 2630 1522 2671 darent
1537 2627 1639 2683 fera
1673 2630 1791 2670 dicta
1814 2630 2014 2684 tyranmlr.

1171 2694 1417 2750 Quintilius
1445 2695 1590 2738 Varus
1618 2694 1704 2738 fuit
1734 2693 2017 2738 Cremonen-

1168 2761 1222 2805 sis
1235 2793 1247 2815 ,
1261 2777 1395 2817 eques
1411 2761 1661 2815 Romanus,
1674 2761 1798 2817 cujus
1813 2758 2017 2802 meminit

1170 2826 1382 2870 Horatius
1401 2827 1446 2869 in
1470 2826 1605 2880 Odis,
1631 2835 1676 2870 et
1694 2825 1825 2869 Maro
1840 2858 1852 2879 ,
1876 2840 2015 2882 quum

1169 2892 1229 2935 ait
1247 2925 1258 2946 ,
1285 2891 1432 2949 Eclog.
1457 2892 1522 2936 lx
1537 2924 1549 2945 ,
1569 2907 1629 2934 vs.
1647 2892 1700 2934 35
1719 2906 1729 2934 ε
1752 2908 1774 2928 «
1796 2891 1910 2934 Nam
1933 2907 2017 2934 ne-

1170 2973 1254 3013 que
1276 2957 1418 3000 adhuc
1431 2955 1551 2999 Varo
1567 2955 1720 2998 videor
1736 2987 1748 3009 ,
1770 2971 1853 2998 nec
1871 2954 2016 2999 dicere

1173 3021 1321 3065 Cinna
1331 3021 1489 3078 Digna.
1501 3039 1521 3058 ν
1538 3019 1761 3065 Gracchus
1773 3029 1919 3064 autem
1932 3020 2018 3064 fuit

1170 3097 1298 3146 poeta
1329 3088 1527 3144 ejusdem
1558 3089 1790 3144 temporis,
1816 3089 1888 3145 qui
1917 3105 2018 3132 eam

1169 3152 1630 3213 tragoediamThyestis
1641 3154 1868 3208 scribebat,
1884 3170 2016 3210 quam

1171 3220 1301 3263 etiam
1329 3221 1485 3264 Varus.
1518 3219 1625 3264 Ideo
1646 3221 1894 3277 subjungit,
1924 3223 2015 3263 da-

1169 3294 1260 3329 rent
1257 3285 1359 3341 fita
1371 3290 1488 3330 dicta
1500 3291 1689 3345 tyrannis
1704 3286 1807 3330 :hoc
1820 3295 1900 3340 est,
1915 3287 2016 3329 scri-

1170 3353 1327 3397 herent
1340 3354 1386 3397 in
1400 3354 1487 3397 suis
1499 3353 1714 3409 tragoediis
1731 3353 1861 3396 verba
1873 3361 1916 3395 et
1929 3354 2016 3405 iur-

1172 3419 1239 3475 gia
1256 3418 1458 3478 Thyestis
1477 3420 1522 3462 in
1547 3419 1733 3463 Atreum
1748 3450 1760 3473 ‚
1784 3427 1829 3462 et
1845 3425 2011 3460 contra.
