2280 3776
234 203 339 255 382

719 202 782 255 P.
831 201 1132 256 OVIDII
1181 201 1556 259 NASONIS

238 318 429 402 Quum
459 315 653 376 feriant
683 340 854 376 unum
874 363 888 389 ‚
919 341 1034 376 non
1062 341 1231 378 unum
1263 317 1493 379 fulmina
1523 334 1727 381 terrent
1745 368 1760 393 ‚

315 415 628 494 Junctaque
655 435 916 493 percusso
948 411 1105 474 turba
1134 437 1328 496 pavere
1359 414 1530 475 solet:
1966 447 2012 476 ιο

238 510 541 591 Quumque
571 508 720 568 dedit
746 509 924 590 paries
956 525 1199 571 venturae
1228 513 1384 591 signa
1414 512 1585 573 ruinae
1603 561 1618 586 ‚

325 603 579 663 Sollicito
603 627 808 664 vacuus
836 603 901 663 fit
927 603 1084 665 locus
1111 606 1203 665 ille
1231 622 1399 667 metu.

170 764 181 777 N
241 701 386 780 Quis
411 724 527 760 non
559 725 586 759 e
620 700 826 761 timidis
852 702 980 781 aegri
1013 704 1264 782 contagia
1291 704 1456 774 vitat,

328 797 588 857 Vicinum
617 813 865 858 metuens
898 823 966 858 ne
994 799 1173 859 trahat
1201 799 1330 858 inde
1354 799 1594 860 malum?

242 894 337 952 Me
372 917 594 974 quoque
623 893 918 953 amicorum
950 895 1123 954 nimio
1154 909 1362 956 terrore
1389 911 1678 978 metuque,
1970 912 2016 954 15

318 993 446 1050 Non
476 991 605 1051 odio
625 1039 639 1063 ‚
672 992 894 1075 quidam
925 992 1216 1054 destituere
1246 994 1369 1054 mei.

240 1089 369 1147 Non
400 1086 508 1148 illis
535 1089 740 1171 pietaS‚
770 1113 882 1149 non
909 1090 1156 1151 officiosa
1186 1090 1442 1151 voluntas

321 1184 514 1244 Defuit
538 1210 549 1244 ε
578 1185 833 1246 adversos
866 1187 1165 1247 extimuere
1194 1189 1364 1248 Deos.

245 1282 434 1364 thue
462 1282 636 1360 magis
666 1283 809 1342 cauti
838 1298 1075 1366 possunt
1102 1284 1389 1368 timidique
1413 1283 1614 1357 videri,
1652 1365 1655 1367 q

329 1379 419 1438 Sic
451 1379 714 1462 adpellari
744 1405 854 1441 non
885 1404 1132 1442 meruere
1160 1381 1308 1442 mali.
1713 1375 1717 1381 ⁵
1967 1410 2021 1439 20

244 1474 323 1532 At
348 1498 504 1534 meus
536 1490 759 1535 excusat
789 1499 945 1536 caros
973 1477 1051 1536 ita
1079 1471 1284 1536 candoi·
1305 1476 1534 1547 amiCOS‚

324 1574 513 1655 thue
539 1573 781 1633 habeant
811 1573 878 1633 de
908 1598 994 1633 me
1022 1569 1249 1634 crimina
1275 1573 1455 1646 nulla,
1484 1573 1644 1634 favet.

244 1667 366 1726 Sint
397 1668 498 1727 hac
526 1668 770 1728 contenti
796 1668 978 1740 venia,
1009 1669 1335 1752 signentque
1363 1668 1554 1729 licebit

324 1765 553 1843 Purgari
582 1766 785 1826 factum
805 1812 818 1837 ‚
850 1789 937 1826 me
967 1789 1189 1849 quoque
1220 1780 1385 1839 teste,
1417 1789 1595 1826 suum.

246 1862 382 1921 Pars
410 1862 542 1921 estis
571 1863 732 1943 pauci
759 1861 977 1944 potior,
1010 1861 1105 1944 qui
1133 1861 1303 1923 rebus
1332 1862 1390 1922 in
1417 1861 1581 1922 arctis
1970 1875 2024 1918 25

324 1962 488 2019 Ferre
517 1960 651 2019 mihi
679 1959 888 2019 nullam
920 1975 1082 2043 turpe
1111 1962 1349 2042 putastis
1379 1982 1556 2041 opem.

303 2115 364 2156 19.
394 2098 526 2152 thue
542 2099 679 2151 tnagis
699 2099 820 2139 cauti
829 2102 1014 2151 possunt
1028 2098 1095 2138 ti-

245 2166 427 2217 midique
437 2165 591 2204 vocari.
610 2164 841 2217 Tinu'dique
853 2161 1097 2204 videtiSar-

243 2229 409 2271 ravian.
442 2227 622 2283 Argent.
658 2226 788 2271 Polit.
823 2236 869 2269 et
901 2226 1096 2284 quinque

243 2293 329 2335 alii.
347 2293 567 2336 Praeterea
590 2291 763 2335 videtur
790 2292 1094 2348 scribendum,

251 2360 384 2415 thue
402 2361 548 2407 nimis,
576 2357 645 2400 vel
663 2362 773 2400 satis
791 2362 920 2400 cauti.
939 2357 999 2411 H,

302 2440 366 2465 22.
384 2423 448 2465 At
459 2437 571 2464 meus
588 2429 771 2465 excusat
777 2436 901 2464 caros
913 2424 977 2464 ita
993 2437 1099 2465 can-

246 2488 325 2529 dor
331 2491 491 2531 amicos
499 2520 510 2535 ‚
530 2486 665 2541 thue
679 2488 865 2529 habeant
875 2488 928 2528 de
941 2502 1005 2528 me
1018 2489 1100 2528 cri-

246 2556 361 2594 mina
377 2554 495 2594 nulla
504 2550 635 2604 facit.
667 2551 783 2593 Puto
804 2566 814 2592 :
843 2568 867 2589 «
892 2550 954 2593 At
975 2565 1098 2597 meus

247 2624 419 2658 excusat
432 2631 553 2659 caros
570 2614 678 2658 mihi
694 2614 860 2658 candor
874 2614 1056 2667 amicos;
1075 2633 1096 2653 »

249 2688 300 2723 ut
324 2681 424 2724 alibi
446 2695 456 2722 ε
482 2698 504 2718 «
527 2680 802 2724 Excusemne
826 2689 869 2724 te
894 2697 1068 2737 semper
1083 2713 1096 2735 ‚

251 2746 386 2790 amice
409 2779 422 2800 ‚
458 2745 567 2789 mihi
594 2763 605 2798 ;
636 2763 659 2783 υ
691 2745 851 2789 deinde
884 2762 965 2802 pro
980 2745 1102 2801 facit

250 2810 495 2854 Sarravian.
516 2819 560 2853 et
578 2819 664 2853 tres
686 2810 756 2854 alii
777 2828 828 2855 ex
845 2811 1099 2855 melioribus

237 2877 393 2931 savem
423 2880 577 2919 habeat
592 2877 727 2932 favor
753 2876 936 2933 Argent.
957 2893 1013 2919 ex
1035 2893 1100 2919 me

251 2941 385 2984 etiam
406 2958 520 2985 unus
538 2958 551 2993 ;
570 2940 849 2985 'l‘wisdenius
869 2941 1005 2985 codex
1029 2958 1101 2985 ca·-

249 3017 325 3050 vet.
336 3006 490 3051 Scribe
506 3023 516 3051 ε
529 3025 550 3044 ‹<
567 3007 718 3063 thue
734 3008 924 3051 habeant
935 3023 1014 3063 per
1025 3023 1097 3051 me

249 3072 434 3115 crimina
450 3072 569 3117 nulla
585 3105 597 3127 ,
625 3082 760 3117 cavet.
780 3092 801 3111 »
824 3074 883 3116 H.

307 3139 371 3181 23.
386 3140 481 3183 Sint
494 3141 540 3182 hi
557 3143 745 3183 contenti
757 3143 898 3189 venia,
911 3142 1100 3195 signent-

251 3199 331 3258 qu'e
340 3204 496 3246 licebit.
516 3203 665 3247 Scribe
683 3237 696 3258 ,
717 3205 812 3246 Sint
823 3206 906 3250 hac
916 3206 1102 3247 contenti

253 3271 402 3319 venia,
423 3284 526 3311 cum
545 3269 712 3313 Moreti
732 3270 879 3314 codice
898 3288 909 3324 3
933 3285 1014 3326 pro
1037 3272 1100 3312 si-

250 3343 454 3391 gnentque
474 3336 643 3379 SarraV.
664 3341 851 3392 sientque
867 3351 886 3391 ‚⁸
913 3337 1098 3393 Argent.

1162 2094 1372 2150 fugiaque
1384 2108 1400 2147 ,·
1431 2093 1585 2151 reliqui
1608 2093 1864 2150 fitgz'antque
1891 2107 1907 2146 ‚⁴
1941 2092 2025 2136 nisi

1177 2159 1295 2216 quod
1310 2158 1633 2203 Arondeiianus
1665 2163 1866 2215 veniaque
1887 2158 2027 2214 fuga-

1177 2242 1267 2282 que.
1279 2225 1352 2271 Nil
1364 2234 1490 2269 muto
1505 2244 1517 2277 ς
1527 2225 1782 2281 fugiantque
1793 2240 2026 2282 perperam

1178 2290 1404 2346 occupavit
1433 2290 1591 2333 multas
1615 2290 1829 2333 editiones
1849 2322 1862 2345 ,
1892 2289 2026 2332 etiam

1178 2363 1374 2397 nostram
1408 2370 1418 2397 :
1456 2359 1624 2410 signare
1656 2355 1839 2398 verbum
1879 2353 1986 2410 juris
2012 2372 2023 2404 ;

1180 2420 1312 2464 Pont.
1331 2420 1414 2474 lv,
1438 2419 1560 2477 Eleg.
1578 2434 1658 2474 xv,
1677 2435 1736 2463 vs.
1761 2437 1776 2462 1
1789 2436 1805 2462 1
1828 2436 1838 2462 z
1855 2437 1876 2458 «
1901 2417 2029 2462 Con-

1179 2485 1310 2531 fiteor
1329 2501 1340 2529 :
1359 2493 1518 2529 testere
1543 2485 1643 2530 licet
1658 2517 1670 2540 ,
1689 2485 1855 2541 signate
1872 2516 1885 2538 ,
1908 2484 2028 2541 Qui-

1178 2553 1295 2610 rites.
1309 2571 1330 2591 »
1345 2551 1551 2603 H.-Sed
1561 2560 1614 2611 τῷ
1623 2552 1866 2608 signenthic
1879 2552 2025 2595 locum

1180 2635 1270 2662 esse
1290 2619 1360 2661 vix
1385 2626 1520 2674 puto,
1543 2633 1684 2674 quum
1709 2616 1880 2661 nemini
1905 2616 2025 2660 credi

1179 2691 1349 2739 posset,
1366 2683 1438 2740 qui
1452 2683 1610 2731 iurem
1623 2699 1748 2727 suam
1766 2682 1907 2738 signet
1920 2713 1931 2734 ‚
1948 2680 2025 2723 sed

1179 2757 1228 2792 ut
1251 2749 1372 2792 testis
1393 2748 1568 2795 alterius
1593 2748 1697 2792 facti
1725 2746 1884 2803 aliquid
1907 2761 2025 2789 con-

1179 2814 1330 2858 firmet
1351 2830 1362 2857 :
1386 2824 1430 2857 et
1448 2829 1586 2870 quum
1608 2812 1772 2856 ovidio
1794 2820 1902 2856 teste
1924 2808 2025 2853 vel-

1178 2880 1273 2926 lent
1286 2879 1348 2923 uti
1363 2911 1376 2933 ‚
1394 2879 1464 2922 itte
1478 2878 1649 2934 signare
1668 2877 1886 2920 debuisset
1900 2909 1911 2930 ,
1930 2891 2025 2918 non

1179 2946 1249 2993 isti
1269 2962 1279 2989 ε
1302 2960 1436 3001 quare
1455 2944 1634 2988 mallem
1646 2945 1910 2999 ,fingantque
1923 2946 2028 2986 lic&

1179 3014 1244 3053 bit
1271 3026 1284 3052 .·
1313 3009 1397 3051 hoc
1428 3007 1509 3051 sibi
1541 3007 1831 3065 persuadeant
1857 3016 1901 3050 et
1928 3006 2025 3049 fin-

1179 3082 1307 3131 gant,
1334 3089 1406 3117 me
1426 3074 1559 3117 etiam
1580 3072 1763 3129 probare
1780 3088 1936 3115 eorum
1959 3071 2025 3114 in-

1179 3138 1430 3183 nocentiam
1448 3171 1460 3192 ,
1491 3147 1535 3181 et
1553 3138 1702 3182 testari
1720 3154 1810 3183 non
1832 3137 1963 3181 fuisse
1977 3136 2025 3178 in

1180 3219 1338 3249 eorum
1356 3219 1490 3247 manu
1512 3203 1622 3247 mihi
1642 3219 1770 3260 opem
1791 3201 1923 3245 ferre.
1944 3202 1999 3244 Β.

1235 3270 1300 3312 26.
1338 3271 1473 3325 Turpe
1493 3274 1668 3326 putatis.
1696 3271 1891 3312 Putastis
1918 3282 2023 3310 me-

1178 3335 1305 3381 liores
1337 3351 1349 3379 2
1383 3344 1427 3381 et
1456 3335 1722 3391 praecedenti
1751 3349 1877 3379 versu
1900 3366 1913 3389 ‚
1945 3347 2022 3389 pro
