2280 3776
535 305 641 358 EX
684 302 978 359 PONTO
1019 302 1179 357 LIB.
1225 303 1271 356 Ι.
1319 302 1598 358 EPIST.
1644 306 1726 358 ΙΙ.
1911 306 2019 382 269

255 419 362 482 Sed
393 419 458 480 de
489 442 575 479 me
601 433 665 479 ut
691 417 904 491 sileam,
932 418 1130 499 conjux
1161 442 1276 478 mea
1311 418 1518 479 sarcina
1546 434 1720 480 vestra
1748 435 1862 481 est:

335 519 465 577 Non
494 532 652 601 potes
682 517 823 577 hanc
852 514 995 577 salva
1025 515 1362 579 dissimulare
1390 516 1513 579 fide.

263 612 527 692 Confugit
553 613 666 673 haec
692 611 760 671 ad
788 635 885 672 vos
907 636 919 684 ;
950 626 1153 673 vestras
1176 611 1519 695 amplectitur
1545 635 1663 675 aras
1689 637 1701 673 ε

343 712 475 771 Jure
503 709 650 771 venit
675 707 853 769 cultos
880 709 947 770 ad
975 709 1081 771 sibi
1110 710 1343 793 quisque
1376 712 1541 772 Deos.
1943 727 2022 770 150

265 805 537 889 Flensque
563 818 749 883 rogat,
779 792 1034 887 precibus
1060 804 1228 866 lenito
1259 807 1467 868 Caesare
1495 806 1716 879 vestriS‚

344 905 518 966 Busta
546 903 629 964 sui
656 902 790 962 fiant
815 917 880 963 ut
903 903 1164 987 propiora
1194 903 1311 964 viri.

324 1052 412 1109 ¹47·
431 1052 516 1094 Est
527 1053 854 1094 vestrasarcina.
868 1048 975 1094 Erat
988 1050 1107 1095 enim
1188 1052 1289 1095 bam
1311 1050 1540 1108 aliquando
1552 1083 1565 1107 ,
1577 1067 1685 1109 pura
1703 1055 1817 1095 veni!
1826 1052 1961 1094 cultos
1974 1054 2038 1095 ad

265 1115 316 1158 eit
333 1114 631 1158 Maximorum
652 1113 828 1157 familia.
1187 1119 1385 1171 se‘bisaepe
1397 1118 1538 1169 Deos5
1560 1126 1719 1171 utputa
1735 1115 1916 1170 dicatur,
1933 1115 2034 1172 quia

324 1181 412 1238 149.
441 1181 610 1222 Vestras
627 1194 741 1222 aras.
757 1178 911 1222 Vestra
931 1178 1105 1233 auxilia,
1191 1181 1337 1224 aberat
1362 1180 1428 1224 vir
1451 1196 1461 1223 t
1488 1180 1704 1224 debebant
1731 1181 1848 1224 enim
1866 1197 1968 1236 pure
1993 1188 2037 1224 et

265 1258 340 1287 vos
363 1242 580 1300 precando
605 1251 813 1299 tanquam
833 1258 931 1286 suos
948 1242 1080 1285 Deos.
1194 1253 1312 1288 caste
1331 1246 1447 1287 Deos
1466 1247 1583 1288 adire
1601 1262 1613 1287 .·
1634 1245 1709 1289 sed
1728 1244 1867 1302 potius
1887 1244 2037 1302 legen-

326 1310 415 1351 150.
426 1309 528 1350 Jure
539 1311 652 1351 veni!
661 1311 809 1350 cultos.
826 1307 1011 1361 Versus,
1026 1306 1108 1350 nisi
1193 1308 1299 1351 dum
1324 1316 1430 1366 puto
1454 1325 1464 1352 ι
1484 1326 1506 1345 «
1537 1309 1645 1352 Jure
1677 1309 1797 1353 venit
1825 1309 1960 1353 cultos
1981 1309 2035 1353 ad

265 1370 413 1426 fallor,
444 1370 639 1427 spurius,
661 1379 706 1414 et
730 1386 862 1427 quem
889 1385 968 1427 pro
988 1369 1109 1414 Ovi·
1192 1372 1271 1417 tibi
1294 1388 1404 1431 sepe
1427 1373 1558 1418 Deos.
1575 1393 1597 1412 υ
1623 1375 1782 1418 Boni.

266 1435 397 1480 diano
419 1436 488 1480 vix
511 1435 772 1482 admiserim.
794 1434 1110 1493 H.-—Cogita-
1252 1441 1340 1481 ι5ι.
1360 1438 1523 1481 Lenito.
1546 1439 1716 1483 Molle'to
1739 1454 1865 1483 unus.

799 1701 1311 1773 EPISTOLA
1364 1703 1518 1773 III.

954 2025 1337 2086 RUFINO.

851 2311 1448 2364 ARGUMENTUM.

281 2439 346 2485 Ex
366 2438 519 2484 Rufini
538 2438 673 2483 literis
693 2456 897 2498 magnam
918 2457 962 2485 se
984 2442 1142 2498 cepisse
1172 2440 1439 2497 voluptatem
1462 2447 1506 2483 et
1523 2455 1645 2497 spem
1659 2473 1671 2494 ,
1694 2440 1858 2484 fatetur
1885 2450 2012 2499 poeta
2032 2459 2044 2487 :

332 2525 414 2552 nec
438 2517 588 2551 tamen
622 2523 692 2551 eas
727 2508 921 2565 quamvis
952 2509 1234 2565 eloquentes,
1268 2517 1433 2552 tantam
1463 2508 1551 2551 vim
1586 2508 1781 2553 hahuisse
1812 2509 1963 2564 docet,
1996 2519 2045 2555 ut

336 2579 534 2624 dolorem
554 2579 776 2638 potuerint
795 2595 994 2622 amovere
1018 2595 1305 2636 :causamque
1333 2579 1539 2636 adsignat.
1564 2580 1681 2623 Tum
1704 2580 1862 2624 refellit
1889 2597 2045 2625 eorum

333 2648 526 2706 exempla
540 2681 552 2703 ,
575 2664 682 2704 quos
697 2648 783 2704 ipse
798 2647 963 2690 dixerat
982 2646 1086 2691 forti
1107 2649 1254 2691 animo
1273 2647 1414 2691 tulisse
1434 2648 1630 2692 exsilium
1645 2682 1657 2703 ,
1681 2666 1730 2692 ea
1744 2649 1908 2692 ratione
1929 2649 2046 2705 quod

334 2717 395 2760 illi
425 2727 515 2761 tam
550 2718 676 2775 longe
702 2733 726 2760 a
746 2718 884 2773 patria
905 2733 996 2760 non
1032 2719 1304 2762 exsulassent.
1334 2718 1516 2763 Fatetur
1546 2727 1692 2762 tamen
1726 2727 1946 2776 postremo
1966 2753 1978 2774 ,
2013 2720 2048 2763 si

298 2794 301 2798 '
334 2799 477 2847 posset
498 2790 591 2846 ejus
612 2790 780 2833 animus
814 2789 968 2844 leniri,
1001 2789 1132 2846 ipsius
1151 2798 1361 2846 praecepta
1393 2799 1438 2833 et
1469 2791 1612 2834 literas
1633 2791 1966 2849 elegantissimas
2002 2791 2047 2835 id

331 2860 520 2907 facturas
544 2861 675 2905 fuisse
697 2876 828 2918 :quas
846 2861 941 2904 loco
959 2861 1105 2918 magni
1127 2861 1321 2904 muneris
1341 2877 1386 2905 se
1410 2862 1615 2918 accepisse
1637 2862 1753 2907 dicit.

283 3000 498 3087 HANG
526 3026 630 3086 tibi
656 3027 805 3087 Naso
837 3041 964 3087 tuus
992 3025 1189 3098 mittit,
1216 3023 1442 3098 Rufine‚
1472 3024 1726 3100 salutem,

367 3120 483 3199 Qui
507 3121 671 3180 miser
698 3135 805 3193 est,
836 3120 936 3180 ulli
968 3122 1013 3181 si
1039 3145 1172 3181 suus
1200 3143 1316 3181 esse
1346 3135 1548 3202 potest.
1582 3191 1588 3197 ι

286 3216 526 3278 Reddita
553 3215 789 3276 confusae
816 3240 993 3300 nuper
1022 3217 1212 3277 solatia
1242 3216 1410 3276 menti

343 3357 479 3400 Abest
506 3365 597 3400 tota
613 3356 705 3400 haec
725 3355 902 3412 epistola
923 3372 945 3398 a
970 3356 1129 3400 Sarra-
1214 3357 1455 3414 proximam
1477 3355 1699 3414 epistolam
1720 3356 1964 3400 collocabat.
1995 3357 2055 3399 H.

292 3419 418 3463 viano
439 3419 599 3464 codice.
627 3420 1008 3476 Argentoratensis
1033 3430 1132 3477 post
1267 3424 1303 3466 3.
1326 3424 1474 3466 Menti.
1504 3423 1662 3466 Mentis
1681 3422 1857 3466 Mor-eti.
