2280 3776
476 319 589 375 EX
629 317 926 373 PONTO
966 319 1127 372 LIB.
1173 318 1296 372 111.
1344 314 1622 372 EPIST.
1669 319 1740 371 V.

1901 320 2008 388 405

306 434 451 508 Aut,
485 434 637 519 quod
668 457 809 517 saepe
838 433 1015 505 soles,
1047 433 1219 512 exigis
1249 448 1314 494 ut
1340 433 1600 506 recitent,
1955 453 2010 508 40

226 529 509 591 Interdum
539 529 790 614 queritur
820 544 908 590 tua
939 553 1120 602 mens,
1155 529 1330 590 oblita
1362 531 1496 615 quid
1524 531 1711 593 absit?

306 626 508 688 Nescio
540 626 674 710 quid
703 639 847 687 certe
875 625 1046 686 sentit
1075 625 1265 687 abesse
1296 627 1417 687 sui:

227 725 414 808 thue
443 723 598 809 loqui
629 724 696 785 de
726 748 810 785 me
839 723 1073 785 multum
1102 738 1369 808 praesente
1395 723 1647 797 solebas,

303 824 467 885 Nunc
501 847 722 907 quoque
750 823 991 885 Nasonis
1019 846 1216 883 nomen
1245 822 1301 882 in
1333 845 1425 883 ore
1457 838 1553 884 tuo
1583 824 1707 884 est?

222 918 350 1003 Ipse
382 919 603 1003 quidem
642 919 835 981 Getico
864 943 1081 1003 peream
1109 918 1347 980 violatus
1374 919 1444 980 ab
1473 943 1600 980 arcu
1618 967 1633 993 ,

1950 938 2004 993 45

304 1017 411 1087 Et,
444 1015 516 1078 sit
545 1016 747 1099 perjuri
782 1037 945 1100 quam
976 1040 1153 1101 prope
1185 1040 1373 1100 paena,
1407 1015 1559 1078 vides
1580 1064 1595 1088 ‚

222 1113 303 1173 Te
330 1113 439 1176 nisi
469 1113 764 1175 momentis
792 1113 953 1174 video
981 1137 1133 1197 paene
1163 1114 1422 1175 omnibus
1453 1113 1677 1175 absens:

308 1210 497 1272 Gratia
530 1211 659 1283 Dis,
693 1211 864 1271 menti
895 1209 1146 1296 quolibet
1176 1211 1252 1272 ire
1283 1210 1425 1272 licet.

224 1309 344 1371 Hac
375 1308 474 1370 ubi
504 1310 757 1393 perveni,
792 1308 932 1370 nulli
963 1308 1267 1371 cernendus
1287 1356 1301 1381 ‚
1333 1310 1388 1370 in
1420 1309 1612 1371 urbem
1632 1359 1647 1383 ‚

305 1406 457 1492 Saepe
488 1406 690 1492 loquor
720 1422 930 1482 tecum,
965 1432 1107 1493 saepe
1138 1407 1399 1493 loquente
1426 1407 1598 1470 fruor.

1956 1430 2010 1470 50

222 1505 365 1567 Tum
387 1553 401 1579 ‚
432 1505 570 1567 mihi
600 1505 821 1569 difficile
845 1521 956 1579 est,
991 1530 1156 1591 quam
1188 1506 1261 1567 sit
1285 1506 1461 1581 bene,
1493 1507 1703 1584 dicere;
1737 1534 2011 1597 quamque

305 1602 551 1664 Candida
578 1602 797 1685 judiciis
829 1603 966 1665 hora
998 1604 1071 1665 sit
1097 1602 1192 1664 illa
1215 1603 1366 1665 meis.

223 1699 368 1759 Tum
397 1722 511 1771 me,
542 1699 588 1762 si
621 1723 726 1783 qua
751 1698 888 1762 fides
908 1749 923 1775 ‚
953 1699 1152 1761 caelesti
1183 1701 1310 1762 sede
1334 1716 1641 1786 receptum,

306 1795 446 1855 Cum
476 1794 773 1858 fortunatis
801 1797 1056 1880 suspicor
1085 1819 1199 1859 esse
1234 1798 1385 1860 Deis.

226 1892 470 1966 Rursus,
502 1908 567 1955 ut
595 1894 707 1955 huc
734 1893 908 1968 redii,
940 1892 1129 1955 caelum
1160 1894 1515 1979 Super-osque
1544 1894 1835 1981 relinqn03
1957 1916 2010 1959 55

302 1991 355 2052 A
385 1990 551 2076 Styge
581 2014 680 2053 nec
711 1990 872 2071 longe
905 1990 1140 2051 Pontica
1173 1991 1340 2053 distat
1367 1992 1585 2054 humus.

223 2088 384 2151 Unde
406 2112 510 2170 ego
539 2090 586 2152 si
614 2090 726 2151 fato
755 2089 907 2150 nitor
933 2089 1267 2174 prohibente
1296 2092 1490 2153 reverti
1513 2139 1528 2164 ‚

306 2185 473 2268 Spem
501 2185 618 2247 sine
646 2183 926 2271 prosectu,
960 2186 1203 2247 Maxime
1222 2232 1238 2259 ‚
1272 2185 1405 2247 tolle
1431 2186 1583 2247 mihi.

223 2329 356 2371 oblita
370 2328 476 2384 quid
484 2329 600 2370 absit
614 2328 639 2372 P
658 2326 817 2371 Metuo
843 2335 991 2371 tamen
1017 2344 1074 2372 ne

225 2392 291 2436 vel
309 2392 370 2436 sic
393 2391 482 2437 hec
499 2391 599 2436 satis
627 2392 714 2436 sint
743 2391 925 2450 integra.
948 2393 1006 2436 H.
1022 2416 1077 2426 —

226 2461 396 2516 Ecquid
408 2461 547 2504 adhuc
565 2459 748 2503 Junian.
774 2458 861 2503 Sed
884 2459 1076 2516 legerem

226 2539 326 2567 cum
353 2531 543 2581 quatuor
568 2523 735 2581 scriptis
750 2556 763 2579 ,
800 2525 983 2580 Ecquid,
1002 2526 1081 2567 ubi

225 2595 303 2631 aut
315 2593 470 2632 recitas
488 2596 568 2632 etc.
592 2588 756 2633 Bunm.
774 2588 847 2633 Sic
867 2588 1018 2631 nostri.

279 2654 345 2708 42.
366 2655 519 2697 Nescio
541 2655 647 2710 quid
656 2661 764 2697 certe
780 2656 914 2697 sensit
923 2654 1076 2695 abesse

226 2722 319 2763 mei.
347 2719 481 2764 Sentit
504 2722 650 2763 abesse
680 2723 753 2762 sui
778 2734 829 2762 ex
860 2716 1076 2761 veteribus

227 2784 440 2843 plerisque
462 2794 508 2830 et
526 2786 696 2831 nostris.

284 2853 351 2908 46.
367 2855 412 2896 E
413 2861 433 2896 t
441 2857 500 2898 sit
510 2853 676 2910 peq‘uri
683 2869 806 2909 quam
817 2867 946 2908 prope
952 2867 1077 2907 poena

228 2921 359 2962 vides.
372 2919 457 2963 Per
466 2935 624 2963 nurum
637 2918 810 2975 Regius.
826 2918 975 2962 Scribe
982 2933 1079 2973 per-

217 2983 362 3038 sumn
378 2999 500 3040 quan
513 3000 641 3039 pmpe
654 3000 790 3039 pena.
812 2983 874 3026 H.

286 3051 351 3107 49.
364 3049 490 3092 Ilaaec
507 3051 770 3104 ubipmemz
785 3050 886 3092 Hac
900 3063 953 3091 ex
970 3046 1077 3091 scri-

231 3113 313 3170 ptis
331 3111 553 3156 nonnullis
570 3129 582 3156 2
606 3122 758 3156 mente
777 3112 1004 3156 nimirum.

288 3184 353 3224 50.
371 3181 508 3234 Teque
514 3178 1083 3235 loquentestuor.Sepesruor

231 3262 332 3291 cnm
345 3243 551 3290 Politiani
569 3243 680 3287 libro
699 3244 874 3302 aliisque
890 3244 1051 3288 multis.

286 3313 352 3368 54.
374 3313 495 3355 Deis.
519 3312 634 3354 Viris
652 3311 702 3355 P.
723 3310 865 3355 Servii
881 3311 1004 3354 liber.

288 3379 356 3422 55.
379 3378 544 3419 Rursus
571 3379 648 3419 ubi
669 3378 750 3419 huc
769 3378 888 3420 redii.
915 3377 975 3418 Ut
998 3378 1080 3421 buc

233 3445 344 3487 redii
365 3459 418 3488 ex
446 3441 708 3488 Combiano.
733 3442 828 3487 Ubi
855 3451 1006 3488 mente
1035 3452 1080 3488 et

1157 2328 1419 2386 cogitatione
1452 2329 1607 2373 videor
1633 2330 1778 2375 Roma
1811 2333 1857 2377 in
1887 2334 2007 2395 Scy-

1157 2395 1295 2439 thiam
1319 2394 1495 2439 redisse.
1516 2418 1572 2429 —-
1592 2397 1810 2454 Relinquo.
1835 2399 2006 2445 Videor

1158 2460 1419 2518 relinquere.

1212 2526 1276 2568 55.
1311 2526 1356 2569 A
1381 2526 1517 2585 Styge.
1547 2526 1617 2570 Ab
1645 2525 1807 2572 inseris.
1829 2553 1883 2563 —
1910 2533 2007 2575 Non

1154 2595 1278 2648 longe
1294 2595 1438 2635 detrtat.
1459 2593 1561 2636 Non
1585 2602 1650 2638 est
1669 2595 1857 2639 muttum
1879 2597 2007 2642 dissi-

1157 2656 1281 2700 milis.
1307 2655 1447 2713 Quasi
1477 2656 1591 2703 dicat
1616 2673 1629 2702 :
1656 2659 1827 2704 Videor
1851 2662 1904 2706 ad
1933 2663 2006 2708 in-

1155 2719 1272 2764 seros
1291 2721 1551 2778 pervenisse.

1213 2789 1277 2843 57.
1300 2788 1432 2831 Unde.
1447 2789 1487 2831 A
1503 2804 1589 2845 qua
1608 2796 1725 2832 terra
1740 2789 1937 2836 Pontica.
1950 2817 2005 2827 -

1156 2854 1209 2897 Si
1230 2857 1342 2896 nitor
1371 2857 1527 2899 mer-ti.
1562 2853 1610 2898 Si
1643 2870 1781 2898 conor
1811 2857 2001 2902 Romam

1157 2917 1316 2962 redire.
1337 2942 1393 2950 —
1414 2921 1523 2962 Fato
1534 2921 1791 2974 prohibente.
1810 2922 1906 2967 Diis
1929 2940 2009 2968 no-

1155 2983 1359 3028 lentibus.

1214 3053 1280 3095 58.
1306 3051 1424 3094 Tolle
1438 3066 1551 3106 spem
1573 3053 1689 3094 mni.
1712 3052 1871 3098 Adime
1891 3053 2004 3099 hanc

1157 3114 1266 3159 mihi
1301 3131 1424 3171 spem
1455 3115 1694 3170 redeundi,
1729 3118 2005 3164 ostendendo

1158 3197 1239 3238 per
1262 3179 1407 3224 literas
1434 3196 1524 3224 non
1555 3196 1676 3237 posse
1702 3180 1823 3235 fieri,
1853 3192 1902 3227 ut
1924 3201 2006 3228 ne—

1159 3246 1300 3289 deam.
1329 3269 1383 3278 —
1414 3247 1512 3288 Sine
1529 3245 1731 3300 pmseclu.
1763 3245 1879 3304 Quae
1911 3265 2007 3305 spes

1159 3311 1269 3355 nihil
1290 3311 1537 3368 profectura
1565 3321 1630 3356 est
1655 3330 1667 3356 :
1698 3312 1860 3358 frustra
1883 3316 2001 3359 enim

1159 3377 1351 3421 reditum
1363 3394 1491 3435 spero
1502 3412 1516 3435 ,
1538 3378 1574 3422 si
1587 3395 1682 3424 non
1695 3396 1869 3437 possum
1884 3381 2007 3425 illum

1160 3457 1379 3499 consequi.
