2280 3776
256 329 363 396 430
731 331 795 380 P.
853 328 1148 382 OVIDII
1202 327 1578 385 NASONIS

343 444 459 522 Qui
489 466 703 502 causam
721 488 735 513 ‚
763 441 928 502 facias
957 466 1054 502 cur
1081 443 1157 503 ita
1184 467 1355 527 saepe,
1389 444 1547 505 dabit
1571 471 1584 506 ε
1607 489 1609 492 -

254 541 393 600 Inde
424 539 648 598 domum
677 554 892 621 repetes
918 554 1039 599 toto
1074 539 1368 600 comitante
1398 557 1619 616 senatu,

344 634 604 694 Officium
635 634 832 717 populi
865 636 952 694 vix
983 636 1231 717 capiente
1261 636 1441 697 domo·

260 732 355 790 Me
385 731 668 803 miserum,
701 731 863 792 turba
893 732 1045 814 quod
1073 756 1184 791 non
1219 757 1322 811 ego
1351 757 1545 794 cernor
1570 735 1628 795 in
1654 734 1781 795 illa!

1983 471 2036 524 ι’μι

339 833 454 889 Nec
481 844 748 911 poterunt
774 829 895 890 istis
924 827 1132 889 lumina
1157 845 1346 890 nostra
1372 830 1510 891 frui!

260 925 582 1005 Quamlibet
608 926 891 987 absentem
909 975 923 999 ,
955 948 1062 1009 qua
1091 950 1351 1009 possum,
1381 942 1563 988 mente
1590 926 1791 988 videbo
1819 954 1831 988 ε
1982 948 2036 1002 45

341 1022 627 1104 Adspiciet
656 1023 840 1083 vultus
872 1023 1114 1084 consulis
1142 1022 1236 1082 illa
1264 1023 1366 1083 sui.

260 1123 334 1180 Di
361 1121 587 1194 faciant,
620 1120 807 1204 aliquo
837 1122 1034 1182 subeat
1064 1122 1169 1181 tibi
1198 1136 1442 1205 tempore
1472 1138 1726 1184 nostrum

341 1221 554 1278 Nomen
577 1242 588 1290 ;
622 1233 706 1289 et,
737 1218 876 1278 heu!
909 1217 1085 1291 dicaS‚
1113 1218 1249 1301 quid
1275 1218 1442 1279 miser
1469 1218 1560 1279 ille
1588 1219 1756 1280 facit?

265 1315 397 1374 Haec
424 1329 516 1374 tua
542 1313 833 1396 pertulerit
859 1314 904 1374 si
933 1315 1058 1397 quis
1088 1313 1225 1374 mihi
1257 1314 1452 1384 verba,
1486 1315 1702 1375 fatebor

339 1411 604 1470 Protinus
636 1407 888 1472 exsilium
917 1411 1141 1472 mollius
1171 1435 1287 1471 esse
1318 1435 1517 1472 meum.
1984 1430 2038 1471 50

260 1553 428 1608 misque
442 1552 582 1596 favete
604 1571 612 1597 τ
634 1554 763 1598 Nunc
783 1555 968 1598 dicenda
985 1555 1104 1597 bono
1243 1554 1309 1608 45.
1346 1554 1474 1606 Quod
1479 1555 1580 1596 licet
1589 1558 1812 1596 absentem.
1835 1555 1928 1608 Qua
1939 1557 2040 1598 licet

260 1627 364 1660 sunt
379 1619 495 1660 bona
514 1620 646 1661 verba
669 1620 752 1662 die.
773 1638 794 1656 »
1187 1618 1340 1671 multi;
1360 1621 1678 1676 Fragmentum
1693 1618 2039 1674 Boxborn.qua—

313 1685 379 1737 4ο.
415 1685 826 1736 Quz'dabitcausam.
849 1684 944 1741 Qui
958 1684 1105 1728 Caesar
1187 1688 1300 1728 libet.
1315 1685 1465 1729 Scribe
1484 1684 2038 1739 Quamle'betabsentem.Vi-

256 1748 465 1804 praebebit
485 1748 727 1791 materiam.
748 1771 803 1781 --
820 1752 904 1793 Cur
916 1754 979 1792 ita
997 1766 1107 1806 saepe
1189 1749 1243 1793 de
1264 1751 1399 1794 Notas
1417 1746 1553 1806 Epist.
1569 1764 1632 1792 v1.
1649 1749 1710 1792 H.

243 1814 410 1867 facias.
435 1813 530 1856 Cur
543 1815 601 1857 ita
620 1830 732 1871 saepe
753 1815 915 1871 gratias
928 1831 1039 1872 agas.
1052 1839 1106 1847 —-
1243 1817 1309 1874 49.
1339 1817 1449 1859 Hac
1467 1822 1549 1859 tuass
1562 1817 1791 1870 pmtulertsst.
1819 1816 2041 1857 pertulerit

261 1881 445 1921 Causam
461 1882 593 1922 dabit.
611 1882 794 1923 Dabunt
812 1889 898 1923 tres
932 1879 1103 1936 scripti;
1189 1896 1242 1922 ex
1263 1880 1442 1936 scriptis.

253 1944 332 1987 sed
351 1945 509 1988 rectius
523 1961 695 1988 causam
715 1945 871 2002 gratias
887 1945 966 1989 Dis
981 1962 1107 2002 agen·
1247 1949 1312 1990 50.
1322 1949 1539 1990 Exsilium
1553 1946 1891 1989 mitius-Mallius
1902 1944 2036 1988 iidem

260 2008 306 2051 di
325 2009 404 2051 uni
426 2007 589 2051 Caesari
611 2009 903 2065 imputaverit.
920 2010 982 2052 H.
1189 2027 1243 2054 ex
1261 2021 1382 2068 parte
1405 2012 1561 2067 majori
1583 2029 1593 2054 ε
1620 2020 1664 2054 et
1693 2028 1786 2054 esse
1805 2013 1928 2060 mihi,
1955 2026 2036 2068 pro

285 2074 520 2129 43.Cemor.
534 2074 606 2119 Sic
613 2085 725 2119 nost.
749 2074 908 2119 Cernat
917 2074 1106 2131 plurimi.
1193 2092 1324 2120 meum
1348 2076 1560 2120 Arondel.
1575 2085 1621 2120 et
1637 2075 1961 2132 Rotteudorph.

830 2320 1347 2390 EPISTOLA
1392 2321 1474 2388 V.

1056 2436 1244 2453 mm

561 2580 618 2639 s.
665 2579 1074 2640 POMPEIO
1118 2580 1293 2639 JAM
1328 2558 1737 2640 consum.

840 2803 1550 2899 ARGUMENTUMJ*

259 2933 328 2976 Ad
350 2933 397 2977 S.
415 2933 680 2989 Pompeium
696 2933 865 2991 ablegat
877 2912 1119 2990 Epistolani
1133 2948 1256 2977 suam
1275 2963 1286 2988 ,
1302 2933 1390 2978 suis
1401 2931 1642 2988 verbis‘ipsi‘
1657 2917 1850 2974 acturam
1865 2932 2034 2988 gratiaS,

343 3003 462 3061 quod
482 3012 526 3047 et
545 3004 591 3046 in
611 3004 716 3062 fuga
730 3003 931 3060 praesidio
945 3004 1026 3048 sibi
1040 3004 1204 3058 fuerit,
1225 3011 1270 3046 et
1287 3003 1435 3046 multis
1449 3014 1493 3044 se
1511 3001 1638 3044 donis
1658 3000 1957 3045 cumulaverit.

259 3110 420 3207 ITE‚
449 3133 595 3195 leves
617 3133 792 3214 elegi,
824 3134 1017 3197 doctas
1043 3134 1110 3195 ad
1141 3131 1382 3194 consulis
1410 3138 1566 3194 aures
1587 3180 1602 3206 ,
1687 3159 1692 3163 ·

341 3230 636 3313 Verbaque
662 3233 935 3293 honorato
963 3233 1099 3292 ferte
1128 3229 1356 3308 legenda
1384 3229 1521 3290 viro.

258 3327 455 3404 Longa
479 3327 566 3387 via
594 3343 704 3406 est3
733 3353 834 3389 nec
860 3353 958 3390 vos
985 3327 1222 3412 pedibus
1247 3327 1549 3411 proceditis
1577 3325 1775 3408 aequis;

313 3481 349 3505 2.
371 3464 602 3508 Honor-ato.
627 3464 744 3507 Vide
766 3464 819 3509 ad
835 3464 985 3510 IFast.
998 3469 1048 3509 52
1066 3499 1078 3522 ,
1102 3465 1202 3509 Vol.
1222 3465 1290 3509 VI
1306 3498 1318 3521 ,
1346 3481 1440 3522 pag.
1464 3467 1515 3508 25
1535 3461 1753 3508 Editionis
1770 3469 1940 3505 nostrae.
