2280 3776
281 293 392 363 344

729 298 795 351 Ρ.
848 295 1151 351 OVIDII
1203 295 1577 354 NASONIS

359 411 490 468 Non
519 409 623 469 erit
653 409 818 468 officii
848 410 1019 488 gratia
1048 411 1210 473 surda
1237 413 1334 473 tui.

282 506 454 566 Crede
487 506 650 576 mihi,
684 521 935 567 nostrum
961 508 1006 568 si
1037 532 1150 569 non
1176 508 1403 570 mortale
1431 508 1678 570 futurum

366 602 622 673 Carmen,
654 602 713 661 in
744 627 837 663 ore
863 603 1120 688 frequens
1143 605 1482 690 posteritatis
1511 605 1633 666 eriS.

279 698 387 758 Fac
417 698 581 758 modo
609 723 924 782 permaneas
954 701 1137 786 laps0‚
1175 703 1415 763 Graecine
1434 750 1449 775 ‚
1481 700 1687 774 fidelis;
1989 717 2046 763 35-

363 796 540 855 Duret
566 811 621 856 et
649 797 705 856 in
735 796 928 876 longas
956 799 1190 882 impetus
1220 800 1320 861 iste
1349 823 1543 860 moras,

285 888 423 966 Quae
450 904 511 948 tu
542 914 710 972 quum
739 907 961 974 praestes
978 941 992 965 ‚
1019 917 1169 954 remo
1198 908 1379 954 tamen
1405 909 1534 954 utor
1558 894 1616 953 in
1646 914 1775 955 aura
1798 917 1812 952 ε

362 984 457 1045 Nil
486 1001 652 1047 nocet
680 988 917 1048 admisso
947 989 1180 1051 subdere
1209 989 1382 1051 calcar
1408 1014 1568 1072 equo.

335 1129 401 1171 32.
423 1131 519 1172 Non
536 1135 619 1174 erit
630 1134 771 1175 surda.
789 1132 1006 1189 Intelliget
1024 1149 1124 1190 gra-

278 1193 516 1238 titudinem
538 1212 679 1240 meam
702 1230 713 1251 ,
745 1207 820 1241 aut
844 1198 1057 1256 intelliget
1076 1215 1121 1243 se

280 1255 447 1328 laudari
469 1276 493 1302 a
515 1276 609 1313 me;
637 1262 705 1305 vel
725 1262 998 1319 nongfrustra
1020 1262 1125 1306 offi-

278 1336 418 1366 closus
442 1340 486 1366 m
507 1341 577 1368 me
599 1326 695 1369 eris.

334 1387 400 1431 35.
424 1390 568 1444 lapso
595 1393 785 1434 Graecine
787 1394 950 1448 fidelis.
967 1392 1124 1435 Melio-

278 1467 347 1494 res
367 1456 497 1496 lasso.
516 1456 793 1498 H.—-Nosu-i
805 1461 950 1509 lupsu‚·
970 1459 1095 1496 bene.

335 1518 402 1559 35.
426 1521 515 1561 Isle
535 1523 724 1573 impetus.
751 1519 837 1561 Iste
860 1517 990 1560 ardor
1014 1514 1123 1559 mihi

275 1583 467 1626 favendi.
480 1607 534 1615 —
550 1587 601 1627 Iu
622 1587 771 1641 longas
789 1601 937 1628 moras.
954 1585 1008 1628 In
1023 1584 1125 1627 lon-

277 1667 381 1707 gum
406 1660 590 1707 tempus.

334 1717 400 1771 37.
418 1718 517 1770 Quoe
534 1725 579 1758 tu
589 1732 709 1772 quum
719 1724 909 1770 proestes,
936 1731 1045 1758 remo
1062 1721 1123 1757 ta-

280 1797 373 1823 men
388 1790 486 1824 utar
498 1790 543 1824 et
560 1798 675 1825 aura.
707 1785 836 1836 Quem
851 1789 898 1825 tu
916 1779 1094 1824 Combii
1109 1811 1122 1834 ,

281 1855 326 1888 et
360 1846 552 1902 quinque
586 1846 655 1889 alii
677 1864 688 1899 ;
720 1854 809 1891 tres
847 1848 1002 1900 Qu0d‚·
1035 1844 1124 1889 duo

287 1911 435 1963 Quam.
477 1909 627 1953 Scribe
661 1911 787 1963 Quem
806 1917 850 1951 tu
869 1925 990 1963 quum
1004 1924 1124 1962 prae—

278 1982 394 2022 stes‚·
414 1973 497 2016 hoc
511 1982 590 2025 est,
604 1972 797 2026 fidelem,
815 1971 932 2028 'quod
949 1987 1126 2028 praeces-

282 2048 395 2083 serat
415 2055 425 2082 :
447 2038 606 2081 deinde
628 2038 753 2080 multi
777 2046 946 2080 veteres
971 2046 1065 2079 utor
1078 2041 1124 2078 in

278 2121 420 2156 auras,
441 2104 508 2147 vel
526 2113 630 2147 utar.
645 2103 815 2146 Sarrav.
835 2102 963 2146 Polit.
979 2110 1022 2145 et
1035 2101 1124 2145 duo

278 2170 377 2223 alii,
404 2178 498 2212 utor
511 2171 556 2212 iu
575 2183 704 2221 aura‚·
734 2167 850 2224 quod
870 2182 1024 2225 verum
1047 2175 1123 2211 est.

279 2238 448 2280 HEINS.
461 2257 514 2268 —-·
531 2238 664 2278 Remo
684 2244 819 2277 lamen
835 2243 931 2276 utar
943 2237 987 2276 iu
1005 2249 1123 2277 aura.

283 2304 451 2347 Tamen
474 2311 551 2345 tuo
570 2301 725 2344 auxilio
742 2309 785 2344 et
805 2300 942 2343 favori
965 2297 1123 2341 addam

281 2369 411 2412 etiam
432 2385 580 2425 preces
591 2376 636 2411 et
649 2366 970 2411 exhortationes
991 2380 1123 2408 meas.

336 2435 402 2478 38.
432 2435 636 2479 Admisso
654 2435 826 2478 subdere
845 2435 992 2483 calcar
1008 2446 1121 2488 equo.

1205 1135 1379 1179 Alter-no
1410 1151 1513 1191 equo
1555 1133 1734 1190 Argent.
1769 1140 1818 1176 ut
1843 1131 1896 1175 de
1926 1130 2048 1188 equis

1206 1199 1449 1244 desultoriis
1481 1209 1588 1256 agat.
1632 1197 1850 1255 Propertii
1881 1197 2050 1240 Vertu-

1205 1283 1336 1310 mnus
1353 1301 1364 1321 ,
1381 1266 1453 1310 lib.
1467 1266 1553 1320 IV,
1572 1264 1639 1309 ΕΙ.
1655 1259 1698 1307 ⁴11
1713 1296 1726 1318 ,
1753 1279 1814 1307 vs.
1830 1262 1882 1306 35
1901 1279 1911 1307 :
1933 1280 1954 1299 «
1969 1262 2049 1305 Est

1205 1333 1338 1375 etiam
1369 1330 1528 1388 aurigae
1559 1329 1720 1388 species
1743 1327 2016 1371 Vertumnus
2033 1358 2046 1380 ‚

1204 1404 1249 1439 et
1260 1397 1354 1453 ejus
1372 1396 1552 1452 Traiicit
1565 1395 1733 1438 alterno
1746 1394 1819 1449 qui
1835 1391 1924 1432 leve
1936 1404 2048 1446 pon-

1204 1458 1285 1498 dus
1299 1473 1426 1510 equo.
1441 1475 1461 1494 »
1477 1459 1686 1500 Manilius
1706 1474 1716 1499 :
1738 1475 1760 1492 α
1775 1456 1866 1497 Nec
1884 1468 1976 1495 non
1993 1451 2048 1494 al-

1203 1527 1331 1561 terno
1355 1518 1548 1562 desultor
1571 1518 1722 1563 ludere
1753 1518 1881 1562 dorso
1910 1517 2048 1573 Qua-

1204 1582 1452 1640 drupedum
1470 1616 1482 1638 ,
1510 1594 1553 1626 et
1574 1583 1743 1627 stabiles
1763 1581 1921 1640 poterit
1941 1580 2048 1624 defi-

1205 1666 1305 1706 gere
1316 1650 1498 1706 plantas,
1515 1651 1603 1694 Per
1614 1667 1722 1707 quos
1740 1650 1858 1694 vadit
1871 1665 2046 1706 equos.»

1205 1714 1409 1759 Lucifero
1454 1716 1645 1760 alternus
1681 1732 1819 1772 equus
1847 1715 2047 1759 dabatur.

1207 1777 1489 1822 Cassiodorus
1509 1795 1519 1819 :
1541 1797 1562 1817 «
1590 1779 1701 1836 Equi
1723 1778 1944 1822 desultorii
1967 1794 2048 1835 per

1205 1860 1312 1901 quos
1324 1843 1598 1888 Circensium
1610 1843 1796 1886 ministri
1810 1843 1961 1885 missus
1975 1840 2046 1884 de·

1203 1908 1412 1951 nuntiant
1430 1908 1634 1962 exituros,
1651 1906 1839 1951 Luciferi
1856 1921 2045 1962 praecur-

1203 1975 1338 2019 sorias
1352 1975 1597 2019 velocitates
1613 1975 1852 2017 imitantur.
1874 1991 1896 2010 »
1920 1973 2046 2015 H.—

1204 2040 1294 2085 Sed
1325 2042 1510 2083 admisso
1542 2039 1612 2084 hic
1643 2038 1826 2082 minime
1856 2046 2045 2081 mutan-

1204 2103 1339 2156 dum;
1373 2113 1422 2148 ut
1442 2104 1559 2147 enim
1581 2111 1713 2146 vento
1727 2102 1888 2145 ferenti
1921 2101 2046 2144 addi-

1203 2185 1301 2213 mus
1329 2185 1525 2221 remum,
1556 2169 1615 2212 sic
1635 2167 1697 2211 nil
1716 2175 1846 2210 nocet
1864 2182 2046 2210 curren-

1203 2243 1293 2278 tem
1310 2243 1355 2278 et
1375 2234 1611 2277 admissum
1631 2247 1794 2288 equum
1810 2230 2044 2275 calcaribus

1202 2298 1424 2343 stimulare
1447 2315 1457 2342 :
1482 2314 1563 2342 nec
1595 2297 1833 2341 desultores
1861 2295 2061 2339 calcaria·

1204 2363 1421 2408 addebant
1435 2395 1447 2417 ,
1465 2363 1539 2407 sed
1555 2362 1683 2406 nudis
1702 2361 1823 2419 equis
1839 2360 2045 2404 insisten-

1202 2438 1266 2474 tes
1279 2446 1358 2487 per
1369 2437 1491 2487 terga
1502 2427 1710 2474 ludebant
1726 2425 1980 2473 volantium.
1989 2425 2043 2469 Β.
