2268 3848
363 324 823 385 TRISTIUM
861 326 1029 381 LIB.
1076 325 1163 380 11.
1210 325 1334 382 EL.
1370 324 1672 383 UNICA.
1833 330 1898 385 61

138 439 290 519 Quid
318 439 542 501 reseram
570 438 774 512 libros,
803 437 928 501 illos
959 463 1210 523 quoque,
1244 441 1469 503 crimina
1495 456 1708 515 nostra,

217 535 373 597 Mille
402 534 535 597 locis
566 535 763 619 plenos
791 534 1030 596 nominis
1061 559 1177 597 esse
1208 536 1333 597 tui?

139 632 354 716 Inspice
383 632 553 714 majus
584 628 757 715 opus,
788 631 940 715 quod
965 631 1142 692 adhuc
1171 633 1287 693 sine
1316 632 1426 693 fine
1454 632 1688 717 reliqui,

220 732 286 791 In
317 754 430 791 non
458 729 755 791 credendos
788 753 1020 815 corpora
1049 754 1199 792 versa
1230 732 1453 804 modos;

140 826 386 887 Invenies
415 826 578 887 vestri
610 826 881 909 praeconia
909 826 1147 888 nominis
1172 825 1315 888 illic:
1855 844 1914 887 65

221 921 467 983 Invenies
492 922 657 982 animi
684 922 917 1004 pignora
949 922 1123 983 multa
1151 923 1272 983 mei.

140 1017 268 1079 Non
293 1031 386 1077 tua
415 1016 747 1078 carminibus
773 1017 943 1099 major
971 1017 1033 1078 fit
1065 1017 1238 1097 gloria
1258 1066 1273 1090 ‚
1305 1041 1405 1078 nec
1436 1042 1546 1101 quo
1566 1066 1580 1092 ‚

225 1115 302 1173 Ut
329 1114 500 1195 major
525 1111 648 1186 fiat,
681 1136 915 1174 crescere
940 1114 1146 1197 possit,
1172 1114 1354 1175 habet.

142 1213 306 1272 Fama
332 1210 485 1271 Jovis
516 1226 680 1294 super
709 1225 818 1282 est3
850 1225 1027 1270 tamen
1053 1212 1201 1271 hunc
1230 1234 1327 1272 sua
1352 1211 1494 1272 sacta
1517 1212 1722 1288 referri,

226 1308 300 1366 Et
331 1329 386 1367 se
413 1306 689 1367 materiam
718 1305 971 1367 carminis
1003 1330 1147 1379 esse,
1178 1307 1359 1387 juvat:

147 1403 443 1486 Quumque
479 1403 731 1483 Gigantei
758 1418 1130 1464 memorantur
1156 1402 1337 1488 praelia
1364 1402 1531 1476 belli,

229 1495 505 1558 Credibile
535 1511 616 1559 est
646 1496 828 1559 laetum
859 1496 1117 1559 laudibus
1147 1521 1263 1560 esse
1292 1499 1423 1560 suis.

146 1595 226 1655 Te
253 1592 529 1655 celebrant
558 1592 648 1654 alii
679 1608 886 1678 quanto
910 1593 1064 1655 decet
1092 1617 1183 1655 ore
1203 1641 1218 1667 ‚
1247 1608 1476 1677 tuasque

229 1691 459 1770 Ingenio
489 1690 679 1752 laudes
707 1690 959 1751 uberiore
992 1704 1208 1751 canunt.

150 1788 258 1850 Sed
283 1803 490 1862 tamen,
515 1803 580 1848 ut
604 1786 729 1848 fuso
764 1802 1046 1848 taurorum
1076 1787 1338 1866 sanguine
1369 1802 1585 1849 centum
1610 1838 1624 1861 ‚

230 1885 322 1947 Sic
351 1885 564 1968 capitur
590 1884 816 1944 minimo
849 1884 986 1944 turis
1014 1883 1225 1943 honore
1251 1884 1420 1944 Deus.

121 1978 242 2041 -Ah
267 1979 444 2050 serus,
475 1992 529 2039 et
554 1977 978 2052 nobisnimium
1008 1976 1298 2039 crudeliter
1327 1977 1505 2039 hostis
1523 2026 1537 2051 ‚

230 2074 467 2138 Delicias
492 2073 628 2155 legit
658 2074 754 2158 qui
783 2075 886 2135 tibi
917 2099 1151 2159 cumque
1177 2077 1355 2136 meas!

150 2226 175 2247 κ
194 2207 318 2266 Quid
338 2208 413 2253 tibi
431 2224 532 2253 cum
551 2207 738 2267 pelago?
757 2217 870 2252 terra
886 2223 998 2252 con-

152 2276 271 2318 tenta
295 2272 446 2318 fuisses
477 2290 487 2318 ι
519 2273 613 2318 Cur
635 2289 728 2316 non
745 2282 790 2317 et
807 2273 959 2317 caelum
981 2306 995 2328 ,

153 2339 279 2384 tertia
297 2355 429 2398 regna
440 2371 454 2395 ,
477 2339 586 2397 petis
601 2339 621 2383 Ρ
641 2357 661 2377 u
682 2362 735 2372 —
749 2342 827 2383 Per
839 2347 902 2382 ter
917 2343 998 2383 tria

153 2410 323 2449 numina
339 2405 483 2461 legere
499 2403 823 2449 Casaubonium
833 2405 998 2447 notavit

155 2467 375 2514 Francius.
396 2469 559 2515 Bunn.
932 2521 939 2526 ¹

209 2534 276 2578 62.
297 2537 449 2579 Plenos
467 2539 648 2579 nomint&
671 2551 762 2578 esse
790 2538 862 2578 tui.
896 2533 1000 2577 Duo

157 2610 325 2645 veteres
334 2606 516 2645 numimlt
527 2636 537 2651 ,
562 2616 701 2658 quum
713 2605 844 2644 vestri
847 2616 1001 2654 pra-co-

156 2670 231 2709 m'a
253 2669 432 2710 nominis
461 2666 590 2724 paulo
614 2674 711 2723 post
740 2665 898 2708 iterum
923 2681 1001 2708 se-

158 2738 343 2787 quatur,
366 2730 434 2773 vel
458 2733 786 2780 taatinomim‘s,
819 2737 868 2771 ut
889 2727 1003 2772 Got-

158 2794 425 2852 torphianus.
455 2794 622 2839 Hnms.

211 2860 280 2904 63.
312 2862 479 2915 Inspice
505 2861 644 2916 majus
672 2874 784 2915 opus.
818 2857 1003 2914 Adspice

158 2921 552 2981 Metamorphosin.

213 2987 280 3042 64.
300 2990 351 3032 Iu
369 3004 451 3031 non
468 2989 692 3031 credendos
702 3003 874 3043 corpora
886 3001 1006 3028 versa

162 3056 335 3107 modos‚·
357 3051 411 3096 ad
428 3051 675 3109 Diogenem
703 3055 763 3097 τὸν
794 3053 840 3095 τά
865 3054 1006 3095 ἄπιστα

163 3118 359 3178 γράψαντα
385 3116 559 3160 videtur
581 3115 838 3173 respexisse;
870 3133 893 3158 e
920 3131 1007 3171 quo

164 3182 210 3224 in
225 3181 406 3224 Metam.
426 3181 542 3224 inter
555 3190 730 3226 caeteros
746 3181 860 3224 haud
878 3180 1006 3223 dubie

167 3245 364 3303 quedam
393 3245 670 3289 desumserat.
710 3245 919 3287 Meminit
947 3244 1008 3286 il-

165 3309 248 3354 lius
268 3309 423 3367 Epiph.
445 3309 558 3353 Dan.
575 3303 729 3352 Heius.
750 3309 910 3352 Bunm.

223 3375 290 3418 65.
322 3377 508 3419 Invenies
525 3379 658 3418 vestri
680 3382 760 3417 etc.
781 3374 946 3416 Laudat
964 3372 1010 3415 in

172 3439 508 3497 metamorphosi
524 3472 536 3496 ,
561 3449 605 3483 et
633 3438 678 3482 in
699 3437 809 3483 calce
835 3438 1011 3494 potissi-

1078 2226 1201 2254 mum
1215 2243 1227 2265 ,
1251 2209 1423 2254 Julium
1459 2207 1677 2254 Caesarem
1695 2243 1708 2266 ,
1734 2219 1780 2254 et
1814 2212 1946 2270 Aug.·

1133 2277 1200 2335 69.
1220 2278 1352 2319 Fama
1364 2277 1488 2319 Jove‘s
1505 2284 1699 2330 superest.
1718 2274 1926 2320 Heinsius

1080 2350 1220 2394 errat,
1255 2341 1327 2396 qui
1357 2349 1478 2396 putat
1509 2339 1787 2383 scribendum
1808 2357 1896 2383 esse
1912 2374 1925 2396 ‚

1078 2409 1212 2449 Fama
1231 2408 1335 2448 Jori
1354 2421 1439 2460 par
1453 2415 1545 2458 est‚·
1574 2405 1673 2459 quia
1692 2420 1792 2458 cum
1814 2406 1925 2448 Jove

1083 2468 1300 2512 Caesarern
1313 2467 1485 2512 confert
1495 2482 1585 2510 non
1602 2483 1725 2510 raro:
1740 2477 1788 2511 ut
1800 2468 1928 2524 paulo

1080 2542 1179 2576 ante
1201 2533 1289 2588 iarn
1309 2534 1465 2589 partim
1486 2532 1671 2575 vidimus
1691 2550 1702 2583 ;
1727 2541 1772 2575 et
1788 2532 1925 2575 simile

1081 2597 1294 2640 mendum
1309 2597 1450 2642 Gratii
1464 2596 1632 2640 codices
1646 2596 1803 2640 insedit
1817 2629 1829 2650 ,
1851 2597 1926 2639 ubi

1081 2660 1235 2718 legend
1242 2678 1316 2705 um
1340 2665 1425 2705 Vix
1440 2666 1555 2705 oneri
1565 2678 1651 2716 par
1663 2665 1741 2703 illa
1758 2678 1834 2704 suo
1849 2677 1929 2718 pro

1081 2741 1228 2781 super‚·
1243 2727 1355 2784 apud
1377 2726 1483 2770 Stat.
1506 2725 1559 2769 de
1580 2725 1900 2770 Thiodamante
1915 2760 1927 2780 ,

1085 2791 1225 2845 VIII,
1244 2794 1345 2845 285,
1364 2810 1384 2828 α
1400 2791 1544 2846 Seque
1559 2791 1683 2833 oneri
1695 2799 1824 2848 negat
1837 2807 1926 2834 esse

1084 2871 1255 2912 parem;
1272 2874 1292 2892 »
1304 2854 1470 2898 Val.Fl.
1488 2856 1525 2908 1,
1546 2871 1562 2896 1
1574 2871 1621 2898 ιο
1636 2870 1702 2910 sq,
1718 2854 1773 2897 de
1787 2855 1929 2914 Hyla:

1087 2939 1108 2958 «
1125 2920 1317 2963 Velitille
1332 2920 1527 2976 quidem,
1540 2919 1615 2962 sed
1629 2919 1803 2963 dextera
1817 2936 1934 2962 non-

1086 2984 1192 3027 dum
1206 2985 1293 3027 Par
1306 2985 1430 3028 oneri
1445 3018 1457 3038 ,
1471 2985 1684 3040 clavaeque
1698 3000 1842 3041 capax.
1856 3003 1933 3021 »—

1088 3049 1205 3094 Nihil
1226 3049 1381 3093 clarius
1402 3066 1412 3092 t
1437 3050 1572 3091 Fama
1589 3051 1709 3091 Jom‘s
1726 3060 1791 3092 est
1807 3066 1934 3104 supra

1089 3131 1268 3164 omnes;
1294 3124 1440 3158 tamen
1463 3114 1627 3157 laudari
1651 3115 1739 3170 ipse
1760 3113 1931 3169 gaudet.

1145 3172 1206 3234 7¹3.
1246 3179 1303 3220 Te
1333 3181 1545 3221 celebrant
1574 3181 1664 3221 alii.
1697 3178 1933 3221 Maronem

1088 3243 1286 3299 inprimis
1303 3242 1510 3298 designat.
1535 3242 1664 3286 Μελ.

1148 3309 1210 3363 78.
1220 3309 1413 3349 Delicias
1425 3308 1597 3349 meas.V
1604 3305 1644 3348 el
1658 3305 1787 3349 libros
1801 3307 1931 3350 Amo-

1091 3389 1216 3427 rum,
1249 3372 1318 3416 vel
1347 3383 1462 3419 certe
1495 3373 1705 3418 amatoria
1722 3383 1935 3430 praecepta

1091 3438 1293 3494 intellige.
