2268 3848
461 315 921 372 TRISTIUM
953 316 1119 371 LIB.
1167 315 1260 370 11.
1302 314 1434 369 EL.
1480 315 1787 370 UMCA.

313 432 391 493 Et
415 430 529 494 leve
558 430 847 502 Cornifici,
880 452 1088 514 parque
1117 430 1345 492 Catonis
1375 454 1544 514 opus3

1924 319 1993 392 87

1913 447 1996 502 430

236 533 310 594 Et
340 554 572 613 quorum
603 528 788 600 libris,
820 527 989 588 modo
1022 525 1356 589 dissimulata
1388 526 1599 589 Perillae

317 623 552 685 Nomine
572 669 588 695 ‚
619 646 765 682 nunc
794 620 1200 700 legiturdicta‚
1235 620 1481 695 Metella,
1511 637 1623 682 tuo.

238 721 293 780 Is
323 741 542 803 quoque
560 764 575 790 ‚
610 717 897 779 Phasiacas
926 718 1076 796 Argo
1104 718 1198 801 qui
1225 718 1383 779 duxit
1411 718 1468 779 in
1499 718 1702 792 undas,

319 817 446 876 Non
473 815 657 900 potuit
688 814 914 875 Veneris
943 814 1088 876 furta
1119 829 1291 877 tacere
1319 838 1444 877 suae.

1918 831 1999 889 440

243 911 356 971 Nec
383 908 564 971 minus
595 909 858 970 Hortensi
875 954 890 980 ‚
918 932 1019 969 nec
1049 923 1180 969 sunt
1210 910 1391 971 minus
1418 909 1668 993 improba
1693 908 1848 970 Servi

322 1005 609 1077 Carmina;
644 1004 768 1088 quis
798 1003 1012 1065 dubitet
1037 1006 1261 1067 nomina
1292 1021 1439 1068 tanta
1470 1006 1669 1090 sequi?

243 1101 425 1162 Vertit
450 1099 730 1162 Aristiden
759 1099 988 1160 Sisenna
1011 1124 1024 1159 :
1050 1123 1150 1161 nec
1179 1101 1363 1163 obfuit
1391 1101 1477 1162 illi

324 1196 585 1257 Historiae
616 1209 802 1277 turpes
832 1195 1125 1256 inseruisse
1149 1196 1304 1277 jocos
1328 1221 1341 1258 t

243 1295 358 1355 Nec
383 1290 489 1352 fuit
515 1291 817 1375 opprobrio
847 1289 1148 1352 celebrasse
1176 1289 1444 1375 Lycorida
1475 1290 1635 1352 Gallo
1651 1311 1671 1365 ,·

295 1431 388 1487 436.
410 1433 470 1476 Et
486 1433 572 1475 leve
594 1431 798 1488 Cormficl.
820 1425 1084 1474 Cornificius

242 1505 368 1553 poeta
382 1511 406 1540 a
421 1495 626 1540 militibus
644 1494 873 1540 destitutus
892 1494 1083 1551 interiit,

244 1577 351 1619 quos
365 1575 474 1618 sepe
489 1558 704 1618 fugientes
718 1558 901 1618 galeatos
921 1559 1087 1617 lepores

246 1627 475 1686 appellarat
506 1642 517 1671 ε
546 1627 673 1683 hujus
703 1642 828 1671 soror
850 1625 1086 1671 Cornificia

245 1691 427 1750 insignia
437 1690 628 1736 condidit
640 1691 962 1749 epigrammata.
973 1691 1086 1735 Leve

247 1763 394 1798 autem
407 1769 514 1811 opus
532 1753 715 1811 appellat
731 1762 906 1811 propter
921 1762 1089 1797 amato-

246 1819 310 1863 ria
321 1851 333 1874 ,
349 1834 445 1876 quse
456 1819 502 1862 in
516 1818 576 1863 eis
587 1818 1091 1862 continebantur—pff

246 1901 323 1943 que
339 1887 511 1928 Catonis
529 1899 644 1939 opus.
666 1882 863 1926 Valerius
879 1881 993 1926 Cato
1006 1881 1090 1925 fuit

247 1950 449 1996 Birsenni
469 1948 692 2006 cuiusdam
713 1948 890 1992 libertus
915 1964 965 1991 ex
984 1946 1091 1991 Gal-

246 2015 302 2060 lia
317 2048 329 2072 ,
350 2015 425 2073 qui
440 2013 748 2073 grammaticen
765 2012 935 2068 docuit,
955 2012 1092 2056 visus-

249 2100 332 2141 que
353 2091 417 2128 est
438 2081 698 2141 peridoneus
722 2090 960 2138 praeceptor
985 2096 1091 2124 ma-

247 2148 359 2192 xime
394 2146 446 2192 ad
470 2145 697 2204 'poeticam
726 2145 1018 2189 tendentibus.
1051 2146 1092 2189 Is

247 2211 411 2271 scripsit
423 2220 580 2270 prater
595 2210 894 2268 grammatices
907 2209 1067 2253 libellos
1076 2241 1090 2264 ,

248 2277 380 2323 etiam
393 2284 592 2335 poemata
607 2309 620 2331 ‚
642 2293 693 2320 ex
710 2276 863 2333 quibus
879 2275 1092 2332 precipue

252 2343 429 2400 probata
441 2341 526 2385 fuit
540 2340 675 2401 Lydia
689 2349 733 2384 et
744 2339 886 2383 Diana
898 2354 908 2381 :
918 2355 1013 2397 quoe
1025 2338 1095 2383 hic

252 2405 436 2450 Ovidius
446 2405 656 2463 inteiligit.

307 2469 401 2526 437.
419 2471 483 2513 Et
496 2484 665 2525 qnorum
683 2472 801 2512 Ie‘bn's
816 2501 826 2512 .
841 2502 851 2511 .
865 2502 876 2512 .
890 2470 1067 2511 Nomine
1082 2499 1093 2518 ‚

254 2550 364 2579 nunc
373 2536 654 2589 Iegt'turde‘cta.
665 2534 818 2590 Neque
829 2533 947 2576 enim
958 2531 1012 2574 de
1022 2531 1100 2594 Τί·

256 2600 349 2644 cida
363 2598 548 2644 Ovidius
562 2599 631 2643 hic
643 2615 762 2643 nunc
774 2598 973 2655 intelligit
986 2629 998 2651 ,
1019 2597 1095 2641 sed

257 2665 310 2710 de
325 2664 405 2709 illis
420 2697 432 2720 ,
449 2665 522 2722 qui
536 2680 614 2709 suo
631 2681 679 2708 ac
690 2679 795 2708 vero
808 2663 986 2707 nomine
1004 2662 1099 2705 Me·

255 2729 402 2774 tellam
417 2744 512 2786 quae
523 2729 731 2773 hactenus
745 2729 823 2772 sub
839 2727 1008 2772 Perillae
1021 2742 1102 2769 no-

259 2793 378 2837 mine
397 2794 485 2837 sive
507 2810 531 2837 a
551 2792 701 2837 Ticida
716 2824 729 2846 ,
749 2793 836 2836 sive
856 2792 907 2835 ab
929 2790 1010 2834 alio
1029 2807 1103 2834 ce-

257 2857 342 2902 lata
372 2857 516 2902 fuerat
530 2890 542 2911 ,
574 2857 850 2902 celebrarunt
870 2889 881 2909 ,
915 2871 1103 2913 quorum

193 2979 198 2983 ¹
261 2934 408 2970 tamen
428 2925 609 2970 nomina
627 2926 714 2983 ipse
731 2925 801 2969 hic
819 2925 994 2979 reticet,
1014 2925 1102 2968 sive

261 2990 390 3036 metri
406 2991 657 3035 necessitate
673 2999 858 3044 coactus,
871 2989 958 3034 sive
974 2989 1105 3033 etiam

265 3055 442 3099 honoris
464 3056 610 3112 gratia.
637 3057 807 3100 Mlcn.

320 3119 429 3174 438κ
439 3122 615 3164 Nomine
623 3145 637 3169 ·,
663 3136 771 3163 nunc
789 3123 941 3174 legitur
958 3122 1073 3163 dicta
1088 3153 1099 3170 ‚

267 3184 435 3227 Metelle
448 3216 458 3233 ‚
486 3192 568 3230 tuo.
601 3184 750 3228 Scribe
765 3217 778 3238 ,
800 3187 916 3227 dicta
935 3186 1113 3227 Metella

267 3263 354 3292 su0.
375 3247 525 3291 Ticida
543 3247 663 3291 enim
682 3247 908 3291 Metellam
923 3249 1112 3305 appella-

270 3319 337 3354 rat
354 3311 558 3355 Perillam
573 3330 583 3364 ;
597 3312 712 3368 quod
730 3328 779 3355 ex
795 3312 979 3369 Apuleio
991 3313 1111 3357 disci·

272 3391 368 3419 mus
383 3391 393 3419 z
409 3391 525 3419 nunc
541 3375 642 3420 alios
660 3376 803 3420 nescio
821 3392 930 3432 quos
943 3385 1112 3420 memo-

274 3448 342 3484 rat
363 3471 376 3495 ‚
402 3441 476 3497 qui
501 3456 598 3485 eam
628 3456 707 3485 suo
735 3449 780 3485 et
807 3456 912 3486 vero
934 3443 1112 3487 nomine

1923 1311 2005 1369 ⁴4⁵

1167 1429 1452 1474 decantarint.
1468 1430 1597 1475 Forte
1613 1430 1695 1476 hoc
1711 1430 1919 1476 distichon
1935 1449 2011 1477 su-

1165 1493 1324 1552 periori
1350 1494 1713 1553 pmponendunr-
1737 1496 1793 1539 11.

1174 1611 1182 1620 ⁶
1219 1561 1311 1620 439.
1331 1561 1377 1603 Is
1402 1576 1557 1616 quoque
1571 1593 1584 1610 ,
1609 1562 1845 1604 Phasiacas
1868 1562 2013 1616 Argon

1165 1628 1240 1681 qui
1247 1628 1371 1668 duxi!
1382 1630 1426 1668 in
1438 1627 1587 1674 undas,
1602 1627 1694 1669 Non
1701 1631 1849 1681 potuit.
1856 1628 1892 1667 V
1899 1643 1995 1669 arro
2002 1652 2014 1659 ·

1167 1705 1270 1733 nem
1296 1688 1549 1733 Attacinum
1566 1689 1765 1746 intelligit
1779 1722 1791 1743 ,
1809 1690 1882 1746 qui
1899 1690 2014 1734 Leu-

1167 1753 1333 1797 cadiam
1352 1754 1524 1798 amavit.
1539 1754 1680 1797 Varro
1701 1756 1830 1798 etiam
1850 1755 2015 1812 scripsit

1170 1818 1461 1875 Argonautica
1473 1850 1485 1873 ‚
1502 1817 1780 1875 Apollonium
1794 1818 1986 1862 imitatus
2002 1835 2013 1870 ;

1169 1884 1234 1928 vel
1256 1885 1398 1942 potius
1416 1883 1461 1928 in
1481 1885 1665 1928 latinum
1683 1885 1825 1929 vertit.

1223 1952 1315 2004 44ι.
1333 1949 1422 1992 Nec
1435 1954 1573 1992 me‘nus
1582 1951 1791 1992 Hortensi.
1817 1950 2016 1992 Horten-

1169 2014 1255 2059 sius
1282 2023 1327 2059 et
1351 2014 1529 2059 Servius
1556 2015 1791 2072 Sulpicius,
1822 2016 2017 2072 quamvis

1153 2079 1338 2145 'fuerint
1364 2080 1518 2137 optimi
1543 2089 1736 2124 oratores
1757 2113 1768 2134 ,
1802 2096 2015 2124 mansue-

1172 2145 1352 2189 tioribus
1382 2153 1528 2189 tamen
1557 2145 1694 2188 Musis
1727 2160 1903 2202 operam
1933 2144 2018 2187 de—

1173 2210 1276 2254 dere
1306 2228 1316 2255 :
1342 2211 1513 2268 Sulpitii
1538 2211 1668 2254 etiam
1691 2210 1893 2254 meminit
1913 2211 2017 2253 Au-

1171 2275 1319 2318 sonius
1339 2307 1352 2329 ,
1385 2276 1509 2330 cujus
1538 2291 1692 2331 poema
1722 2275 1890 2332 prurire
1916 2274 2022 2318 dixit

1174 2348 1352 2397 propter
1370 2339 1572 2383 carminis
1594 2338 1820 2384 lasciviam.

1227 2404 1320 2458 443.
1342 2405 1384 2446 V
1378 2406 1477 2446 ertit
1485 2404 1713 2445 Aristidem
1722 2405 1909 2448 Se'semm
1926 2405 2021 2448 Ari·

1174 2470 1310 2510 stt’den
1321 2466 1535 2511 meliores.
1547 2466 1694 2512 Scribe
1703 2467 1834 2512 etiam
1847 2471 1994 2512 &leena
2006 2484 2022 2522 ,·

1175 2531 1235 2574 ita
1256 2531 1375 2574 enim
1401 2531 1446 2574 in
1476 2532 1671 2588 antiquis¹
1688 2532 1832 2577 numis
1861 2533 1904 2576 id
1930 2550 2022 2577 no·-

1179 2611 1282 2639 men
1300 2604 1522 2639 exaratum
1537 2597 1734 2641 occurrit.
1751 2598 1931 2641 H.—L.
1950 2599 2023 2643 Si-

1178 2676 1361 2704 sennam
1376 2660 1492 2704 inter
1505 2668 1698 2705 oratores
1711 2673 1941 2707 enumerat
1951 2663 2023 2707 Ci-

1178 2741 1291 2770 cero.
1307 2726 1473 2770 Doctus
1490 2727 1557 2770 vir
1574 2737 1666 2771 erat
1683 2737 1725 2771 et
1743 2729 1893 2773 studiis
1910 2731 2027 2787 opti-

1178 2791 1261 2834 mis
1272 2791 1442 2835 deditus
1451 2823 1464 2846 ,
1480 2808 1639 2849 gnarus
1651 2793 1894 2850 reipublicae
1905 2826 1918 2847 ,
1931 2810 2021 2837 non

1180 2856 1272 2900 sine
1292 2856 1457 2902 facetiis
1484 2874 1495 2901 ε
1528 2858 1747 2902 transtulit
1767 2875 1791 2902 e
1816 2876 1954 2917 graeco
1977 2861 2023 2904 in

1180 2921 1365 2966 latinum
1401 2924 1601 2970 Aristidae
1637 2925 1767 2970 libros
1797 2926 1993 2971 Milesios
2013 2960 2029 2983 ‚

1183 2987 1237 3031 de
1257 2989 1411 3045 quibus
1433 2999 1559 3034 antea
1579 2991 1775 3035 diximus.

1240 3057 1335 3109 445.
1353 3057 1442 3100 Nec
1446 3056 1542 3112 fuit
1554 3061 1779 3112 opprobrio.
1798 3056 2031 3102 Cornelius

1186 3120 1333 3164 Gallus
1345 3137 1414 3164 res
1428 3129 1583 3166 tenens
1597 3123 1815 3167 Romanas
1827 3155 1839 3175 ,
1852 3123 2030 3182 AEgypti

1187 3193 1440 3240 procurator
1449 3218 1461 3239 ‚
1479 3185 1671 3228 exhausit
1685 3185 1903 3229 civitatem
1915 3185 2029 3229 The-

1186 3248 1339 3291 barum
1358 3281 1370 3303 ,
1391 3247 1588 3305 plurimis
1604 3249 1874 3306 interceptis:
1887 3266 2030 3293 rever·

1186 3329 1339 3369 susque
1350 3328 1485 3370 quum
1496 3313 1603 3357 furti
1611 3323 1895 3369 accusaretur,
1907 3324 2031 3358 metu

1188 3377 1421 3422 nobilitatis
1433 3377 1589 3423 acriter
1603 3379 1835 3437 indignatae
1849 3412 1861 3434 ,
1876 3379 1944 3423 cui
1960 3396 2032 3422 ne-

1191 3442 1360 3500 gotium
1378 3443 1725 3501 cognoscendum
1748 3444 1927 3489 dederat
1944 3444 2036 3487 im-
