2280 3776
556 342 1016 400 TRISTIUM
1054 343 1215 399 LIB.
1246 343 1340 398 ·V.
1391 341 1635 397 ELEG.
1673 342 1869 398 VIII.

1988 363 2098 418 229

878 659 1267 729 ELEGIA
1324 660 1553 730 VIII.

892 965 1550 1022 ARGUMENTUM.

347 1099 581 1146 Inimicum
613 1100 692 1145 sibi
727 1100 1006 1146 insultantem
1040 1111 1221 1156 monet,
1255 1111 1302 1146 ut
1323 1117 1493 1146 memor
1518 1101 1707 1146 fortune
1736 1101 1863 1144 varie
1882 1132 1894 1154 ,
1927 1098 2111 1143 minime

418 1167 589 1212 laetetur
608 1201 619 1224 ,
641 1178 768 1226 atque
790 1169 976 1227 cogitet,
996 1169 1114 1214 idem
1131 1171 1248 1227 quod
1268 1171 1345 1228 ipsi
1363 1204 1376 1226 ,
1395 1170 1475 1216 sibi
1496 1186 1668 1228 quoque
1688 1185 1809 1228 poue
1834 1168 2039 1213 accidere.

344 1297 675 1383 NON-adeo
706 1321 903 1395 cecidi,
936 1322 1182 1405 quamvis
1208 1322 1480 1404 dejectus,
1514 1336 1579 1383 ut
1604 1321 1746 1383 infra

422 1419 501 1479 Te
531 1442 751 1502 quoque
780 1418 908 1491 sim,
940 1420 1168 1482 inferius
1199 1444 1309 1503 quo
1340 1419 1475 1480 nihil
1507 1443 1623 1482 esse
1653 1434 1851 1504 potest.

346 1512 484 1593 Quae
513 1513 616 1574 tibi
643 1538 728 1575 res
757 1514 967 1576 animos
996 1515 1052 1576 in
1081 1540 1164 1577 me
1193 1516 1354 1589 sacit,
1382 1516 1678 1602 improbe?
1706 1539 1867 1579 curve

429 1609 663 1671 Casibus
690 1610 945 1683 insulta8‚
977 1636 1118 1695 quos
1142 1627 1299 1696 potes
1326 1613 1445 1697 ipse
1472 1615 1629 1697 pati?

345 1706 459 1768 Nec
489 1706 628 1767 mala
657 1722 707 1768 te
735 1707 973 1769 reddunt
1001 1709 1211 1781 mitem,
1242 1710 1582 1794 placidumve
1603 1712 1801 1793 jacenti
2084 1720 2111 1767 5

425 1804 651 1875 Nostra,
682 1803 884 1887 quibus
911 1805 1129 1888 possint
1157 1804 1488 1891 illacrymare
1516 1805 1682 1867 ferae?

343 1900 457 1960 Nec
485 1901 682 1961 metuis
707 1901 880 1962 dubio
907 1904 1144 1964 fortunat
1171 1905 1366 1965 stantis
1393 1904 1450 1964 in
1476 1903 1609 1966 orbe

423 1997 640 2057 Numen
657 2043 672 2069 ,
706 2012 760 2059 et
788 2020 959 2059 exosae
982 2000 1149 2060 verba
1181 2000 1417 2083 superba
1439 2001 1609 2060 Deae?

343 2093 543 2174 Exiget
573 2094 677 2155 ah!
706 2094 901 2175 dignas
927 2085 1094 2156 ultrix
1127 2094 1468 2156 Rhamnusia
1494 2095 1711 2178 poenas!

421 2193 688 2277 Imposito
716 2192 891 2255 calcas
918 2193 1052 2276 quid
1079 2217 1198 2254 mea
1225 2192 1336 2254 sata
1364 2193 1548 2277 pede?
2066 2223 2113 2254 ιο

343 2289 476 2351 Vidi
504 2314 633 2369 ego,
661 2291 995 2369 navifragum
1026 2291 1121 2373 qui
1152 2290 1368 2362 riserat,
1398 2314 1615 2373 aequore
1644 2291 1843 2370 mergi;

425 2386 528 2458 Et,
557 2410 846 2469 nunquam
863 2433 877 2457 ‚
911 2386 1054 2459 dixi,
1082 2386 1283 2466 justior
1308 2385 1452 2446 unda
1480 2385 1603 2446 fuit.

346 2478 496 2543 Vilia
523 2480 619 2563 qui
643 2480 919 2563 quondam
947 2480 1159 2541 miseris
1185 2480 1441 2542 alimenta
1465 2495 1717 2560 negarat,

400 2631 439 2675 6.
451 2633 609 2676 Nostra
615 2634 762 2688 quibus
767 2639 957 2687 possunt.
969 2631 1092 2675 Malo
1093 2648 1193 2687 pos-

348 2701 435 2741 sint
451 2712 553 2741 cum
563 2696 886 2754 Gottorphiano
899 2696 1008 2750 ;duo
1022 2698 1088 2740 alii
1094 2714 1194 2753 pos-

349 2770 452 2807 sent.
474 2763 535 2806 H.

402 2828 443 2871 8.
478 2829 620 2872 Ullrzlz·
647 2831 926 2873 Rhamnusia.
958 2829 1195 2872 Rhamnu-

352 2892 413 2936 sia
428 2925 442 2948 ,
462 2908 595 2949 quam
615 2892 758 2938 Graeci
792 2896 987 2939 Nemesin
1014 2903 1191 2949 vocant,

351 2957 448 3002 Dea
475 2958 786 3017 indignationis
812 2959 1083 3004 credebatur.
1112 2962 1192 3005 In-

354 3023 612 3080 dignabatur
638 3026 758 3070 enim
788 3026 995 3084 superbos
1025 3035 1070 3070 et
1100 3026 1190 3070 ela·-

355 3096 434 3131 tos.
453 3087 582 3131 MER.

407 3170 447 3211 9.
477 3156 634 3210 Exiget
647 3163 696 3198 at
711 3159 875 3211 dignas.
896 3157 941 3199 A
967 3159 1107 3211 dignis
1129 3172 1194 3212 pr.

283 3221 303 3229 ‘
361 3217 452 3260 Pal.
468 3218 594 3272 prim.
610 3218 748 3262 Vatic.
763 3228 851 3275 opt.
867 3218 1028 3262 Medic.
1041 3219 1196 3275 aliique

358 3281 584 3331 nonnulli;
609 3281 697 3324 ‹luo
725 3285 786 3326 ad
805 3285 986 3337 dignas,-
1012 3299 1067 3325 ac
1093 3287 1198 3339 dig-

363 3361 442 3389 aas
477 3345 684 3389 Arondel.
722 3347 774 3389 In
810 3345 1034 3390 nonnullis
1066 3347 1198 3391 etiam

361 3412 521 3466 Exigit.
541 3411 654 3467 Lege
668 3413 818 3467 Exigit
831 3411 909 3456 ab!
931 3415 1081 3468 degmas
1099 3430 1112 3456 :
1129 3430 1201 3457 se-

364 3475 515 3530 quenti
539 3491 666 3518 versu
683 3507 695 3529 ‚
716 3490 795 3531 pro
807 3478 918 3537 quod
925 3475 1050 3532 prim.
1073 3476 1198 3521 Polit.

1271 2635 1361 2689 qui,-
1377 2631 1531 2689 reliqui
1550 2631 1707 2688 maiori
1721 2647 1772 2675 ex
1786 2639 1909 2689 parte
1928 2634 2040 2690 quid.
2055 2633 2116 2678 H.

1271 2722 1328 2732 —
1345 2698 1491 2743 Nostri
1507 2731 1519 2752 ,
1549 2701 1613 2741 ad
1626 2701 1790 2754 dignas.

1332 2781 1348 2806 ι
1361 2781 1393 2808 ι.
1423 2766 1528 2807 Vidi
1538 2780 1615 2820 ego
1641 2761 1987 2818 naufragiumque
2003 2766 2119 2806 viros

1273 2836 1318 2872 et
1335 2833 1380 2871 in
1400 2832 1557 2885 equam
1575 2833 1713 2884 mergi.
1742 2828 1927 2872 Numeri
1957 2828 2120 2872 turbati

1274 2893 1375 2936 satis
1392 2893 1599 2937 evincunt
1618 2909 1791 2936 versum
1814 2908 1903 2936 esse
1927 2891 2118 2935 mendo-

1273 2974 1384 3003 sum.
1404 2957 1612 3015 Optimus
1625 2959 1867 3012 Mediceus,
1883 2958 2121 3014 naufragio·

1272 3040 1372 3081 que;
1395 3024 1829 3081 Rouendorphiauus
1848 3040 1928 3080 pro
1947 3023 2119 3068 diversa

1275 3089 1475 3143 lectione,
1493 3087 1800 3144 navffmgoque.
1812 3086 1983 3142 Scribe,
2002 3105 2026 3126 κ
2041 3087 2123 3131 Vi·

1277 3153 1320 3196 di
1331 3168 1411 3210 ego
1419 3152 1645 3209 navifrago
1656 3153 1812 3209 piratas
1823 3167 1997 3208 aequore
2005 3169 2122 3196 mer·

1279 3218 1333 3276 gi.
1350 3236 1372 3255 »ι
1391 3217 1483 3261 Nisi
1499 3218 1634 3260 mavis
1652 3216 1912 3273 navifragum
1925 3222 2002 3274 qui
2011 3221 2123 3261 rise-

1279 3290 1349 3326 rat
1358 3316 1368 3332 ‚
1402 3283 1470 3325 vel
1486 3314 1499 3336 ,
1531 3281 1792 3338 navifragum
1818 3285 2011 3326 ruentes.
2032 3281 2126 3326 Sed

1281 3347 1419 3405 prima
1433 3347 1559 3392 lectio
1570 3347 1712 3392 verior
1722 3364 1734 3392 ι
1745 3347 1834 3390 duo
1842 3348 1956 3401 libri,
1969 3366 1992 3385 «ι
2009 3347 2123 3391 Nau·

1280 3411 1466 3469 fragium
1480 3445 1492 3468 ‚
1510 3421 1660 3457 nautas
1680 3421 1725 3457 et
1746 3412 1793 3456 in
1813 3427 1985 3469 aequore
2005 3426 2128 3455 mer-

1285 3477 1340 3535 gi.
1367 3495 1391 3515 »
1413 3477 1473 3521 Η.
