2280 3776
294 242 399 294 208
754 239 818 293 P.
870 239 1165 297 OVIDII
1202 238 1576 296 NASONIS

371 352 429 412 Si
453 354 534 413 fas
565 368 646 413 est
672 353 885 414 homini
915 379 1035 414 cum
1062 358 1196 416 Jove
1226 380 1387 439 posse
1416 355 1586 438 loqui.

290 449 514 509 Arbiter
540 450 785 532 imperii,
819 475 929 532 quo
959 467 1164 512 certum
1193 468 1276 513 est
1304 453 1508 535 sospite
1538 469 1761 513 cunctos

368 546 628 606 Ausoniae
653 570 837 606 curam
865 548 1040 625 gentis
1067 548 1269 610 habere
1297 551 1480 621 Deos;

290 642 342 701 Ο
375 641 563 714 decus,
599 666 631 701 o
663 643 848 724 patriae
878 668 975 725 per
1003 659 1054 704 te
1085 644 1327 706 florentis
1360 647 1571 723 imag03

370 740 422 800 Ο
453 740 535 799 vir
562 764 676 799 non
706 741 861 823 ipsm
896 766 1056 823 quem
1087 744 1253 821 regis,
1287 744 1420 803 orbe
1447 744 1660 815 minor3
1998 756 2051 800 50

288 835 379 894 Sic
406 835 620 896 habites
649 837 845 897 terras!
879 838 955 897 sic
983 853 1033 898 te
1063 839 1328 900 desideret
1354 840 1547 900 aether!

368 930 459 988 Sic
490 931 555 990 ad
586 947 742 1013 pacta
772 933 875 992 tibi
904 934 1083 994 sidera
1103 935 1290 995 tardus
1319 938 1437 996 eas!

284 1029 476 1101 Parce,
505 1054 731 1113 precor3
764 1031 1155 1114 minimamque
1183 1047 1281 1092 tuo
1313 1032 1378 1091 de
1406 1030 1633 1092 fulmine
1662 1043 1871 1113 partem

369 1125 538 1184 Deme
563 1150 575 1183 :
602 1126 733 1185 satis
759 1150 961 1207 poenae,
995 1126 1144 1208 quod
1173 1126 1482 1210 superabit,
1517 1125 1634 1185 erit.
1843 1210 1846 1215 Ι

280 1220 370 1280 Ira
400 1220 618 1302 quidem
646 1221 924 1282 moderata
953 1237 1046 1282 tua
1074 1238 1155 1283 est
1172 1271 1186 1295 ‚
1218 1224 1491 1306 vitamque
1519 1220 1715 1283 dedisti
1742 1244 1754 1293 ;
1998 1232 2050 1275 55

363 1318 476 1376 Nec
505 1317 641 1376 mihi
666 1318 756 1398 jus
788 1318 949 1390 civis,
982 1343 1081 1379 nec
1111 1319 1248 1379 mihi
1279 1342 1480 1378 nomen
1509 1318 1697 1378 abest:

282 1412 395 1472 Nec
425 1436 542 1471 mea
573 1437 825 1473 concessa
852 1430 936 1474 est
964 1414 1084 1474 aliis
1112 1416 1362 1488 fortuna3
1394 1439 1494 1476 nec
1525 1415 1679 1475 exsul

361 1509 544 1568 Edicti
572 1509 756 1569 verbis
783 1511 1042 1569 nominor
1066 1512 1181 1592 ipse
1211 1512 1308 1571 tui.

284 1606 593 1689 Omniaque
623 1607 737 1667 haec
768 1606 951 1678 timui,
986 1608 1114 1689 quia
1141 1632 1226 1668 me
1257 1608 1519 1669 meruisse
1547 1606 1825 1668 videbam:

361 1703 468 1762 Sed
496 1718 588 1764 tua
617 1718 838 1786 peccato
873 1703 1046 1764 lenior
1073 1705 1151 1764 ira
1182 1728 1304 1765 meo
1336 1719 1434 1765 est.
1994 1720 2049 1762 60

281 1798 426 1857 Arva
451 1797 749 1877 relegatum
775 1798 989 1880 jussisti
1016 1799 1189 1860 visere
1219 1799 1417 1870 Ponti,

364 1897 438 1954 Et
464 1895 778 1978 Scythicum
810 1895 1045 1977 profuga
1072 1895 1275 1957 findere
1299 1919 1488 1979 puppe
1515 1894 1732 1956 fretum.

280 2060 535 2115 praesentior
556 2059 629 2103 illo
646 2058 723 2103 Est
743 2060 878 2104 Deus.
892 2079 914 2100 »
942 2059 1098 2104 Cicero
1113 2094 1125 2115 ‚

282 2124 515 2169 Tusculan.
532 2126 698 2181 Quaest.
715 2126 785 2169 lib.
803 2127 840 2181 I,
866 2144 888 2163 «
914 2126 1126 2169 Hercules

284 2199 431 2233 tantus
459 2199 503 2233 et
521 2199 608 2232 tam
627 2206 814 2247 praesens
840 2190 961 2233 Deus
982 2188 1125 2233 habe—

278 2264 363 2298 tur.
381 2274 401 2294 »
420 2255 563 2299 Vossii
583 2266 779 2313 excerpta
791 2261 977 2301 caelestia
989 2261 1122 2300 numi-

278 2337 348 2363 na.
362 2322 422 2364 H.
436 2346 489 2354 -
502 2321 671 2364 Mirum
686 2331 750 2365 est
764 2356 775 2377 ,
798 2337 928 2378 quam
946 2323 1000 2364 ob
1014 2339 1125 2366 cau-

276 2405 370 2431 sam
388 2388 479 2432 haee
502 2405 597 2445 quae
615 2398 861 2445 sequuntur
883 2405 906 2432 a
925 2390 1124 2446 superio-

277 2453 397 2496 ribus
420 2453 626 2498 divellant
652 2453 856 2510 quidam3
881 2470 1016 2510 quum
1044 2471 1123 2510 per

277 2535 324 2562 se
346 2519 505 2575 posita,
530 2535 675 2575 neque
694 2519 922 2562 exordium
936 2553 948 2575 ,
969 2529 1042 2563 aut
1055 2538 1120 2564 ca-

277 2593 355 2640 put
374 2583 564 2626 habeant
585 2601 594 2626 :
612 2594 654 2629 et
674 2585 917 2640 superiores
937 2586 1121 2641 proximi

276 2665 426 2692 versus
441 2682 452 2704 ,
486 2649 669 2692 omnino
704 2666 805 2693 cum
841 2651 1121 2707 sequentibus

275 2711 346 2756 hic
369 2713 626 2757 cohaereant.
658 2714 735 2758 Est
757 2714 877 2758 enim
902 2714 992 2758 haec
1015 2731 1119 2758 sen-

274 2779 410 2821 tentia
430 2794 439 2820 :
460 2778 774 2835 quandoigitur
786 2780 930 2823 caeteri
941 2796 1015 2823 vos
1031 2797 1120 2823 om-

273 2858 352 2885 nes
381 2843 574 2886 deseritis
603 2860 696 2897 me,
722 2861 865 2900 neque
892 2846 1120 2902 quisquam

275 2921 355 2962 pro
376 2922 447 2950 me
469 2907 690 2964 deprecari
705 2909 912 2963 sustinet,
935 2925 1015 2966 ego
1030 2907 1117 2967 ipse

276 2971 330 3014 ad
353 2987 497 3031 aram,
518 2973 600 3016 hoc
623 2982 686 3016 est
703 3005 714 3026 ,
739 2973 792 3015 ad
812 2973 1029 3017 Caesarem
1047 2991 1119 3018 ac-

274 3035 426 3081 cedam
439 3069 450 3090 ,
466 3053 654 3093 eumque
668 3037 768 3080 licet
783 3038 1006 3082 absentem
1019 3071 1030 3093 ,
1043 3039 1119 3081 ab-

273 3116 371 3143 sens
383 3101 640 3157 supplicibus
653 3103 808 3156 verbis,
827 3112 1039 3159 quatenus
1051 3102 1116 3147 fas

275 3172 338 3218 est
352 3163 577 3208 hominem
593 3183 693 3210 cum
714 3167 812 3210 Deo
834 3169 978 3225 loqui,
997 3168 1118 3211 adlo-

274 3243 382 3283 quar
394 3261 405 3280 ‚
422 3239 463 3272 et
477 3233 610 3276 orabo
624 3266 636 3287 ,
658 3232 705 3275 in
720 3233 838 3277 hunc
855 3234 1039 3277 modum
1053 3233 1117 3275 vi-

274 3293 428 3337 delicet
442 3311 451 3336 :
466 3298 504 3337 O
514 3294 668 3340 arbiter
675 3304 926 3354 irnperiietc.
939 3300 1113 3345 MICYL.

328 3358 394 3412 46.
414 3361 514 3402 Cum
528 3363 644 3407 Jove.
664 3362 780 3407 Cum
798 3364 1008 3422 Augusto.

1264 2063 1328 2119 47.
1347 2061 1520 2103 Arbiter
1529 2070 1609 2104 etc.
1621 2060 1800 2108 Arbiter,
1819 2058 1959 2116 inquit
1971 2058 2050 2102 Fe-

1207 2134 1296 2169 stus
1311 2158 1323 2180 ‚
1347 2124 1670 2182 diciturjudex‚
1693 2124 1809 2181 quod
1833 2124 1963 2167 totius
1984 2123 2048 2166 rei

1206 2191 1362 2233 habeat
1382 2190 1608 2233 arbitrium
1624 2207 1671 2234 ac
1686 2190 1951 2233 facultatem.

1262 2260 1326 2299 50.
1342 2257 1437 2299 Non
1447 2259 1538 2310 zpso
1549 2289 1559 2305 ‚
1581 2272 1695 2312 quem
1710 2259 1828 2310 regis.
1840 2253 1972 2297 Tanti
1984 2253 2047 2296 fa·

1204 2318 1358 2363 cie-nde
1372 2352 1384 2374 ‚
1420 2320 1570 2376 quanti
1605 2329 1721 2364 totus
1750 2320 1877 2363 simul
1909 2320 2048 2363 orbis:

1205 2400 1284 2441 par
1303 2385 1414 2428 orbi.

1260 2455 1324 2495 52.
1333 2451 1413 2494 Ad
1420 2454 1695 2507 sl'derapacla
1707 2454 1797 2494 tibi.
1811 2451 1880 2494 Ad
1893 2451 2046 2495 caelum

1202 2515 1278 2558 tibi
1301 2517 1573 2572 promissum.
1596 2517 1683 2560 Pro
1697 2524 1852 2572 pacta,
1877 2517 1920 2559 in
1944 2516 2041 2572 qui-

1201 2580 1272 2633 bu,
1283 2580 1385 2624 dam
1392 2589 1543 2636 parta:
1558 2590 1793 2637 utrumque
1807 2590 1987 2624 rectum.

1258 2648 1323 2700 54.
1347 2648 1473 2700 Quod
1489 2649 1709 2701 superabit.
1728 2647 1923 2700 Superata·
1935 2679 1946 2697 ‚
1969 2661 2044 2688 su-

1202 2727 1371 2768 peresse
1384 2744 1396 2766 ‚
1418 2719 1610 2754 restare..-

1256 2782 1319 2833 57.
1331 2780 1422 2823 Nec
1434 2793 1527 2820 mea
1541 2792 1743 2820 concessa
1759 2783 1826 2818 est
1838 2774 2044 2829 αἰῶ-[ον-

1199 2851 1312 2886 tuna.
1337 2844 1431 2887 Nec
1451 2842 1559 2885 mihi
1579 2842 1777 2885 fortunas
1799 2858 1917 2884 meas
1939 2842 2045 2884 ade-

1199 2907 1281 2950 mit
1303 2908 1547 2963 Augustus;
1578 2905 1694 2962 quod
1714 2906 1926 2950 exsulibus
1946 2905 2042 2949 fieri

1199 2972 1374 3015 solebat.

1238 3040 1302 3095 59.
1319 3038 1523 3091 Quoniam
1532 3041 1729 3080 meruisse
1736 3038 1915 3080 videbar.
1932 3037 2042 3089 Quia

1197 3117 1261 3145 me
1275 3107 1470 3145 meruisse
1486 3104 1677 3144 videbam
1690 3101 1816 3158 prim.
1837 3100 1961 3144 Polit.
1976 3116 2040 3156 pr.

1199 3168 1342 3212 Vatic.
1357 3183 1421 3223 pr.
1439 3168 1528 3211 Pal.
1555 3177 1598 3211 et
1616 3177 1703 3211 tres
1723 3167 1791 3210 alii
1812 3183 1862 3210 ex
1884 3165 2040 3209 melio-

1199 3235 1331 3277 ribus.
1350 3234 1516 3278 HEms.

1251 3300 1318 3342 62.
1351 3301 1544 3342 Scindere
1563 3315 1712 3355 puppe.
1740 3299 1914 3342 Findere
1943 3312 2036 3347 sex,

1201 3365 1317 3422 quod
1338 3365 1523 3411 mollius.
1547 3366 1711 3409 Hiems.
