2280 3776
291 289 387 340 118

728 289 792 340 P.
849 287 1156 342 OVIDII
1202 286 1637 343 NASONIS·

282 404 390 464 Seu
422 419 622 464 temere
652 418 930 486 exspecto,
963 404 1073 463 sive
1098 403 1154 463 id
1187 405 1500 484 contingere
1526 403 1609 463 fas
1636 418 1742 473 est3

360 502 448 560 Tu
479 500 612 560 mihi
632 547 645 570 ‚
680 499 832 580 quod
860 499 1054 584 cupi0‚
1086 499 1192 572 ἤιε,
1224 525 1443 583 precor,
1477 524 1589 562 esse
1619 500 1821 584 proba·

284 598 528 678 Quaeque
558 596 662 655 tibi
693 595 892 674 linguae
923 612 1005 657 est
1029 596 1281 657 facundia
1300 645 1316 670 ‚
1347 596 1535 658 confer
1563 598 1620 657 in
1649 596 1814 670 illud,

362 693 440 749 Ut
470 691 663 751 doceas
690 706 875 751 votum
905 715 1069 775 posse
1099 692 1274 754 valere
1301 717 1500 754 meum.
1992 709 2044 750 30

284 786 412 863 Quo
446 784 568 867 quis
596 784 736 844 enim
767 786 963 867 major,
993 787 1163 866 magis
1196 801 1278 847 est
1307 785 1601 870 placabilis
1623 786 1741 858 irae,

362 881 437 940 Et
462 880 646 942 faciles
677 897 860 944 motus
890 907 1042 943 mens
1069 907 1332 962 generosa
1360 885 1508 966 capit
1531 909 1544 944 :

285 979 531 1059 Corpora
558 980 904 1058 magnanimo
933 981 1064 1042 satis
1095 996 1176 1041 est
1201 994 1510 1063 prostrasse
1536 978 1709 1050 leoni;

366 1075 558 1152 Pugna
585 1090 744 1136 suum
771 1075 966 1150 finem,
999 1101 1168 1160 quum
1193 1077 1335 1159 jacet
1362 1075 1574 1148 hostiS‚
1603 1075 1784 1135 habet.

282 1168 357 1227 At
384 1169 586 1251 lupus,
616 1187 670 1232 et
699 1187 884 1255 turpes
913 1173 1119 1234 instant
1145 1170 1513 1232 morientibus
1539 1169 1685 1240 ursi,
1718 1218 1720 1221 .
1995 1186 2049 1228 35

364 1268 439 1325 Et
468 1291 820 1351 quaecumque
849 1269 1032 1330 minor
1056 1269 1345 1330 nobilitate
1373 1268 1486 1328 fera
1516 1280 1614 1327 est.

283 1363 465 1444 Majus
493 1365 641 1447 apud
670 1367 889 1447 Trojam
919 1366 1048 1426 forti
1081 1365 1216 1448 quid
1244 1365 1510 1425 habemus
1539 1362 1797 1423 Achille?

363 1460 627 1519 Dardanii
655 1459 915 1543 lacrymas
941 1486 1055 1521 non
1087 1461 1214 1522 tulit
1241 1460 1332 1520 ille
1360 1458 1523 1520 senis.
1719 1483 1722 1490 ¹

283 1555 423 1633 Quae
452 1555 606 1616 ducis
633 1558 898 1618 AEmathii
923 1558 1088 1618 fuerit
1116 1557 1428 1627 clementia,
1460 1557 1638 1616 Poros
1656 1601 1671 1628 ‚

362 1652 719 1737 Praeclarique
749 1655 944 1716 docent
971 1655 1180 1716 funeris
1209 1653 1491 1737 exsequiae.
1876 1668 1881 1676 ‘
1996 1669 2050 1724 40

338 1808 401 1847 27.
426 1793 518 1836 Sive
535 1795 615 1836 hoc
634 1798 867 1850 contingere
870 1794 953 1851 fas
966 1800 1039 1837 est.
1056 1795 1125 1835 Si-

285 1872 332 1898 ve
342 1860 393 1900 id
401 1875 449 1900 ve
457 1866 579 1902 teres.
907 1887 911 1894 ·

341 1924 406 1965 28.
425 1925 576 1966 Proba.
591 1907 939 1967 FaaeBarberin.
953 1927 1132 1987 probum

287 1996 485 2043 excerpta
501 1988 660 2031 Vossii.

342 2069 406 2110 29.
438 2054 613 2108 Qumque
632 2057 714 2096 ti'bz
721 2061 788 2098 est
799 2053 1127 2110 lingua-sacun-

285 2119 370 2159 dt'a.
397 2117 593 2172 Quidam
614 2121 655 2162 τὲ
674 2127 740 2161 est
757 2135 848 2162 non
873 2128 1124 2192 agnoscunt.

285 2180 434 2225 Scribe
453 2185 536 2225 tibi
543 2186 693 2238 lingue
706 2192 795 2226 est:
813 2191 938 2240 atque
954 2183 1011 2226 ita
1028 2180 1126 2226 Me-

287 2247 512 2291 donianus.
534 2249 699 2293 HmNs.

338 2314 403 2355 31.
429 2315 521 2367 Quo
540 2319 707 2372 quisque
724 2323 791 2358 est
805 2316 961 2371 maj‚or
991 2319 1126 2370 magis

286 2383 352 2420 est
360 2380 589 2432 placabilis
601 2385 682 2423 ὑπ’.
706 2381 797 2434 Quo
807 2384 898 2437 quis
914 2384 1020 2422 enim
1032 2397 1127 2422 ma-

276 2442 355 2496 jor
380 2453 559 2487 venuste
597 2444 784 2501 optimus
816 2445 1050 2489 Vaticanus
1081 2454 1126 2488 et

287 2515 375 2550 tres
391 2507 460 2550 alii
473 2525 524 2550 ex
540 2509 791 2554 melioribus
806 2526 905 2567 :pro
923 2516 994 2554 iroe
1008 2510 1126 2554 Got-

287 2571 428 2628 torph.
440 2576 534 2625 1·ra‚·
548 2573 644 2629 lego
660 2607 672 2628 ,
696 2575 863 2632 «magis
880 2576 962 2619 hoc
974 2574 1125 2632 placa-

285 2636 381 2680 bilis
410 2637 473 2679 ira
487 2645 571 2689 est;
596 2655 620 2675 ιι
637 2639 731 2694 vel,
759 2644 894 2695 magis
910 2643 1019 2683 huic.
1043 2641 1126 2684 Irae

290 2701 426 2758 magis
449 2702 680 2760 placabilis,
701 2720 782 2759 pro
796 2737 808 2758 ,
832 2704 1125 2760 placabilioris.

340 2767 405 2810 38.
425 2768 641 2811 Dardanii
649 2772 774 2811 senis.
791 2768 954 2812 Priami
969 2779 1126 2826 peten-

288 2828 341 2872 tis
356 2830 409 2873 ab
428 2830 593 2875 Achille
608 2832 813 2876 Hectoris
825 2833 1019 2877 cadaver.
1034 2835 1127 2876 La-

288 2911 453 2953 crymas
469 2912 551 2938 non
561 2900 767 2947 tulitille,·
790 2898 865 2941 sed
887 2898 1029 2955 pretio
1049 2914 1125 2941 re·-

290 2958 463 3003 demtus
485 2961 680 3005 Hector:
709 2963 827 3018 quod
850 2963 1000 3020 virgil.
1017 2959 1123 3006 false

287 3026 447 3082 tangit,
462 3024 638 3070 AEneid.
653 3029 723 3071 lib.
739 3030 759 3072 1
774 3061 785 3083 ,
810 3030 911 3084 484:
932 3046 953 3066 ει
974 3029 1126 3072 Exani-

289 3106 498 3148 mumque
521 3109 627 3136 auro
650 3109 806 3151 corpus
822 3095 1039 3138 vendebat
1059 3094 1126 3136 A·-

287 3157 475 3200 chilles.
474 3158 575 3200 »Ad
599 3158 716 3213 quod
742 3159 890 3202 alludit
914 3159 1092 3203 Plautus
1111 3190 1124 3212 ‚

242 3258 245 3262 .
289 3219 474 3265 Mercat.
501 3231 578 3266 act.
604 3223 672 3277 II,
693 3240 806 3268 scen.
828 3238 898 3279 lv,
917 3241 1026 3268 vers.
1047 3239 1129 3266 20·
1119 3258 1128 3266 .

291 3300 314 3321 α
331 3283 543 3327 Achillem
561 3287 709 3341 orabo,
731 3304 888 3331 aurum
909 3288 1018 3331 mihi
1033 3287 1123 3341 det,

287 3347 454 3393 Hector
468 3353 540 3406 qui
560 3368 768 3408 expensus
786 3355 883 3397 fuit.
901 3373 923 3393 »
1087 3363 1091 3366 ”

343 3415 407 3472 39.
434 3416 533 3469 Qua·
551 3418 668 3458 ducis
690 3420 902 3462 AEmaffiid
929 3417 1125 3461 Alexan-

1207 1791 1335 1834 drum
1352 1766 1647 1834 Macedonem
1667 1786 1782 1832 dicit.
1794 1788 2049 1830 Macedonia

1183 1855 1327 1898 'enim
1365 1863 1465 1898 ante
1488 1856 1707 1898 AEmathia
1739 1851 2048 1910 cognominata

1207 1931 1283 1966 est.
1310 1921 1425 1964 Nam
1451 1921 1644 1975 Porum,
1666 1935 1803 1976 quum
1835 1928 1880 1962 et
1906 1918 2048 1975 ipsum

1206 1985 1324 2043 gravi
1351 1985 1499 2042 praelio
1525 1992 1802 2041 superatum,
1831 1982 2051 2039 captivum

1205 2051 1470 2104 abduxisset,
1491 2059 1639 2106 postea
1657 2065 1751 2092 non
1768 2048 1911 2092 solum
1928 2046 2050 2091 dimi-

1204 2118 1259 2161 sit
1274 2151 1285 2171 ,
1307 2117 1383 2160 sed
1403 2126 1447 2160 et
1466 2115 1675 2172 ampliore
1695 2131 1834 2173 regno
1855 2114 2049 2157 donavit.

1208 2184 1322 2228 Mm.
1351 2208 1407 2216 —
1433 2185 1611 2226 Pharos.
1635 2181 1859 2224 Leidensis
1890 2182 2050 2230 Porus,-

1205 2251 1324 2309 quod
1340 2250 1563 2308 Naugerio
1580 2251 1828 2306 probatum,
1846 2257 1890 2291 et
1907 2247 2051 2291 Fabri-

1206 2318 1274 2361 cio
1293 2350 1305 2370 ,
1334 2325 1378 2360 et
1406 2317 1693 2360 Bersmanno.
1714 2315 1846 2358 Unus
1864 2312 2053 2357 Gallicus

1206 2381 1357 2432 Feros,
1388 2380 1471 2424 hoc
1491 2389 1556 2423 est
1572 2381 1727 2435 ‚Poros
1743 2395 1755 2421 .·
1770 2387 1901 2421 recte.
1942 2381 1946 2385 “

1193 2477 1198 2482 ‚
1264 2447 1332 2499 4ο.
1352 2446 1627 2501 Proeclan'que
1643 2446 1796 2487 docent
1792 2443 1962 2498 futter-125
1974 2458 2051 2485 ez·-

1206 2515 1366 2567 sequioe.
1390 2511 1514 2554 Darii
1534 2510 1646 2567 regis
1662 2542 1673 2563 ,
1697 2508 1767 2552 cui
1792 2508 1926 2551 funus
1946 2506 2051 2550 fecit

1206 2575 1700 2633 magnificentissimum.
1716 2575 1804 2618 Pro
1816 2575 2049 2616 Pru-clari-

1206 2658 1295 2698 que,
1313 2641 1401 2683 duo
1417 2644 1680 2696 Pompeique;
1701 2654 1814 2682 unus
1826 2639 2054 2680 Dardanib

1206 2719 1313 2762 que,·
1335 2705 1470 2748 codex
1502 2703 1622 2748 Petri
1647 2701 1788 2746 Servii
1815 2703 2048 2756 Phariique.

1208 2771 1349 2814 Locus
1371 2769 1600 2813 manifeste
1639 2774 1868 2822 corruptus
1889 2782 1899 2808 ε
1920 2782 2049 2822 quae-

1207 2851 1312 2878 nam
1324 2835 1444 2878 enim
1453 2833 1520 2876 hae
1532 2831 1621 2875 sint
1633 2830 1844 2887 exsequiae
1858 2847 1950 2874 non
1966 2847 2049 2873 cx—

1207 2899 1355 2956 primit
1371 2915 1382 2948 ;
1402 2913 1485 2940 nec
1499 2898 1603 2940 Pori
1615 2906 1718 2940 sunt
1734 2930 1746 2952 ,
1763 2897 1837 2952 qui
1856 2896 2047 2938 Alexan-

1207 2966 1288 3008 dro
1317 2962 1561 3020 supervixit.
1590 2963 1740 3007 Scribe
1756 2996 1768 3017 ‚
1792 2981 1814 3000 «
1839 2961 2048 3018 Dariique

1207 3030 1367 3072 docent
1383 3029 1547 3071 funeris
1568 3028 1793 3084 exsequiae.
1810 3045 1832 3065 »
1852 3027 2050 3071 Primam

1207 3096 1326 3139 enim
1354 3104 1397 3138 et
1423 3095 1658 3138 secundam
1682 3095 1729 3137 in
1757 3094 1841 3138 hoc
1866 3094 2047 3137 nomine

1207 3159 1414 3218 syllabam
1437 3158 1659 3215 produxi-t,
1695 3158 1828 3201 etiam
1854 3158 1903 3200 'in
1926 3156 2047 3201 Ibide

1209 3225 1370 3268 Noster
1389 3239 1400 3266 t
1420 3241 1442 3261 «
1465 3223 1616 3280 thue
1636 3231 1892 3266 necatorum
1925 3220 2049 3264 Darii

1208 3289 1361 3332 fraude
1374 3288 1567 3340 secundi3
1580 3307 1600 3326 »
1612 3297 1656 3332 et
1669 3287 1950 3341 Claudianus,
1964 3285 2049 3341 epi-

1209 3354 1314 3396 stola
1333 3353 1384 3396 ad
1398 3353 1677 3396 Hadrianum
1693 3385 1705 3408 ,
1717 3370 1757 3396 v,
1777 3369 1822 3408 ¹7
1839 3368 1912 3407 sq:
1929 3369 1950 3388 «
1965 3350 2048 3392 Da-

1211 3419 1325 3461 rium
1338 3418 1510 3462 famulis
1529 3419 1725 3462 manib-us
1739 3417 1921 3461 doluisse
1938 3432 2046 3472 per-
