2268 3848
507 280 963 337 TRISTIUM
1003 281 1165 336 LIB.
1210 281 1260 335 1.
1303 281 1551 337 ELEG.
1595 282 1673 337 X.

1902 280 1977 359 47

271 396 404 479 Quo
430 398 573 461 bene
602 399 819 483 coepisti
837 446 852 474 ,
883 399 961 459 sic
986 398 1124 482 pede
1154 422 1369 483 semper
1397 421 1505 461 eas.

242 535 313 579 66.
352 538 446 591 Quo
468 540 568 581 bene
593 539 790 593 coepe'stt’5
823 537 923 581 satis
952 536 1044 581 haec

188 600 299 644 mihi
319 601 537 646 coherere
560 601 771 646 videntur
793 602 1046 660 praeceden-

187 665 327 722 tibus,
350 666 385 711 si
406 667 673 725 transpositis
686 667 828 711 verbis
848 667 939 712 haec
956 667 1044 712 ele-

190 730 257 788 gia
278 731 324 775 in
348 740 502 775 votum
515 731 577 776 'de
597 747 800 790 processu
822 741 866 777 et
888 733 1043 777 incre-

1126 536 1298 594 legatur
1315 553 1325 581 ε
1341 555 1363 575 «
1388 536 1461 582 Sic
1479 536 1593 581 bene
1614 534 1780 594 coepisti
1801 551 1891 593 quo
1912 553 1991 593 pe-

1126 603 1181 648 de
1200 636 1211 658 ,
1239 619 1416 661 semper
1434 619 1533 655 eas3
1569 621 1591 641 υ
1607 602 1677 646 vel
1704 618 1715 646 ε
1739 620 1762 640 κ
1785 602 1858 646 Sic
1875 602 1987 659 pede

1125 667 1289 725 coepisti
1311 683 1399 725 quo
1419 667 1532 711 bene
1553 700 1564 720 ,
1586 682 1762 724 semper
1778 682 1851 710 eas
1869 683 1880 719 ;
1904 684 1926 703 »ι
1941 674 1992 709 ut

1126 732 1250 777 MSS
1278 733 1456 791 plurimi
1490 732 1679 790 positum
1716 741 1791 778 τῶν
1818 734 1921 777 bene
1945 739 1991 775 et

190 804 344 840 mento
372 796 594 841 honorum
625 796 752 841 amici
775 796 974 852 desinat,
998 806 1044 844 et
1118 802 1229 855 pede
1244 800 1427 845 variant.
1449 800 1615 846 Bunm.

815 1020 1215 1092 ELEGIA
1267 1023 1352 1093 X.

746 1279 1435 1338 ARGUMENTUM.

191 1415 360 1463 Laudat
375 1420 534 1462 navem
551 1416 763 1474 Ovidius,
787 1434 919 1475 quam
939 1418 984 1462 in
1008 1418 1106 1462 sinu
1124 1417 1412 1465 Corinthiaco
1427 1421 1590 1478 accepit
1613 1435 1622 1464 :
1643 1429 1687 1465 et
1705 1436 1844 1479 quum
1861 1423 1996 1469 altera

247 1486 369 1531 navis
399 1486 475 1531 diu
517 1485 726 1532 eumdem
755 1503 934 1532 cursum
965 1489 1202 1542 tenuisset,
1233 1504 1369 1546 quem
1404 1487 1525 1533 navis
1560 1497 1727 1547 poet23
1762 1507 1991 1549 quumque

245 1563 395 1613 postea
417 1571 469 1599 ex
493 1554 796 1600 Samothracia
823 1556 1045 1600 solverent
1065 1589 1076 1611 ,
1098 1557 1326 1613 utriusque
1347 1558 1672 1615 navigationem
1688 1591 1700 1613 ,
1720 1567 1764 1603 et
1790 1559 1882 1604 loca
1904 1560 1991 1603 de-

246 1625 408 1671 scribit.
441 1626 582 1685 Optat
603 1624 792 1683 deinde,
821 1636 869 1671 ut
896 1627 1126 1672 incolumis
1147 1628 1344 1671 'romum
1366 1628 1488 1673 navis
1509 1645 1612 1673 eum
1638 1629 1830 1687 perferat
1850 1632 1995 1688 :quod

250 1697 284 1740 si
305 1696 568 1755 contigerit,
596 1697 817 1742 Minervoe
846 1715 890 1742 se
922 1715 1080 1756 agnam
1113 1698 1447 1742 immolaturum
1476 1699 1717 1757 pollicetur.
1761 1702 1994 1746 Postremo

251 1766 484 1813 Castorem
504 1778 549 1814 et
564 1769 793 1815 Pollucem
814 1779 1043 1828 precatur,
1077 1779 1127 1816 ut
1149 1770 1324 1829 utrique
1351 1771 1450 1815 navi
1474 1771 1631 1817 adsint.

194 1889 521 1978 ESTmihi
540 1962 555 1990 ‚
583 1913 793 2000 sitque,
825 1940 1047 2001 precor,
1077 1917 1225 1979 ssavae
1257 1916 1428 1980 tutela
1459 1919 1722 1981 Minervae

274 2013 474 2089 Navis;
505 2027 560 2076 et
585 2038 616 2075 a
646 2015 794 2100 picta
822 2014 1031 2078 casside
1059 2041 1260 2079 nomen
1289 2017 1478 2079 habet.

194 2113 318 2175 Sive
347 2137 491 2199 opus
520 2128 607 2177 est
633 2113 800 2189 veliS,
832 2114 1115 2177 minimam
1144 2115 1289 2177 bene
1316 2115 1490 2177 currit
1518 2115 1587 2177 ad
1617 2139 1804 2179 auram
1830 2143 1842 2178 ε

253 2255 513 2300 1.·Μίηεννσ.
531 2253 750 2298 Minervae
765 2252 1047 2299 simulacrum

196 2320 317 2370 nayis
357 2320 527 2379 insigne
568 2328 614 2364 et
652 2321 801 2365 tutela.
837 2320 1050 2365 Solebant

198 2384 318 2436 enim
341 2384 389 2428 in
410 2385 593 2430 navibus
612 2384 688 2429 Dii
711 2385 855 2443 pingi,
882 2394 932 2428 ut
954 2386 1049 2429 Mi-

199 2463 334 2492 nerva
349 2481 362 2504 ,
386 2446 546 2507 Apollo
566 2483 579 2505 ,
602 2458 646 2493 et
665 2449 763 2505 alii,
787 2450 834 2493 in
858 2466 1051 2506 quorum

199 2514 335 2558 tutela
374 2531 465 2559 esse
504 2531 665 2559 navem
694 2515 914 2559 volebant.
944 2517 1049 2560 Non

199 2597 291 2625 esse
311 2581 429 2659 ider)
450 2583 675 2644 παράσημον
698 2589 743 2624 et
766 2581 947 2625 tutelam
969 2597 1051 2624 na-

197 2649 262 2692 vis
276 2681 289 2704 ‚
310 2657 354 2692 et
372 2665 418 2692 in
437 2648 518 2692 hac
533 2647 751 2693 Ovidiana
772 2648 898 2703 navi,
922 2657 1049 2692 tute-

197 2713 287 2757 lare
313 2729 486 2758 numen
519 2713 651 2757 fuisse
684 2712 937 2756 Minervam
953 2747 966 2767 ‚
998 2730 1050 2757 ex

197 2778 513 2823 consuetudine
530 2779 662 2836 puppi
677 2777 956 2837 impositam?
973 2795 1051 2836 ga-

196 2845 311 2888 leam
331 2853 479 2890 autem
494 2845 711 2890 Minervae
727 2878 738 2900 ,
760 2845 928 2902 insigne
944 2879 954 2897 ‚
972 2861 1049 2888 seu

196 2912 420 2975 παράσημον
440 2911 574 2955 navis.
588 2935 644 2945 —
664 2913 815 2956 Tutela
839 2914 1048 2955 Minerva.

200 2974 415 3021 Continet
439 2975 532 3020 haec
557 2976 708 3034 Elegia
737 2976 869 3020 breve
897 2976 1048 3032 quod-

197 3033 305 3099 (lam
338 3039 673 3098 hodoiporicum
691 3073 703 3095 ,
745 3041 834 3084 sive
856 3041 1048 3085 itinera—

198 3095 312 3148 riun'i
326 3115 466 3164 poetae
481 3139 492 3162 ,
507 3122 598 3150 non
613 3106 792 3164 quidem
807 3107 937 3150 totius
953 3123 1049 3164 pro-

196 3170 398 3215 fectionis
417 3171 512 3227 ejus
532 3187 556 3214 a
578 3172 723 3215 Roma
747 3171 793 3215 in
818 3173 1016 3217 Pontum
1034 3206 1046 3227 ,

197 3236 274 3279 sed
299 3244 515 3294 quantum
546 3237 640 3293 ejus
675 3237 727 3280 ab
756 3237 1049 3294 Hellesponto

198 3303 251 3346 ad
271 3303 415 3347 locum
435 3303 567 3347 exsilii
588 3304 808 3361 reliquum
827 3304 924 3348 fuit.
946 3304 1048 3349 Or·-

198 3368 318 3412 ditur
337 3377 484 3412 autem
507 3385 531 3412 a
551 3367 678 3412 laude
708 3370 830 3413 navis
853 3370 947 3427 ejus
967 3386 977 3414 :
1001 3386 1050 3414 ac

199 3433 375 3478 Merula
395 3433 440 3478 in
458 3450 507 3477 ea
526 3433 731 3491 opinione
753 3443 841 3489 est,
861 3443 910 3485 ut
926 3442 1050 3491 putet

1131 2253 1185 2299 de
1209 2254 1378 2299 duabus
1398 2254 1736 2313 intelligendum
1757 2272 1848 2300 esse
1868 2275 1878 2309 ;
1908 2273 1990 2315 ego

1133 2321 1187 2365 de
1208 2338 1319 2376 una,
1341 2338 1480 2379 eaque
1493 2323 1582 2365 sola
1601 2322 1701 2365 navi
1716 2355 1729 2376 ‚
1755 2339 1840 2379 qua
1860 2332 1989 2380 poeta

1131 2403 1155 2430 e
1172 2396 1302 2443 portu
1319 2385 1526 2430 Corinthi
1543 2387 1586 2429 in
1601 2386 1836 2430 Thraciam
1852 2404 1989 2445 usque

1133 2449 1301 2493 delatus
1319 2450 1455 2494 fuerit
1470 2483 1482 2505 ,
1506 2467 1603 2507 quae
1622 2450 1783 2494 deinde
1802 2469 1882 2509 per
1897 2469 1990 2495 an-

1132 2517 1291 2572 gustias
1330 2517 1608 2574 Hellesponti
1651 2518 1699 2560 in
1738 2519 1989 2575 Proponti-

1132 2581 1233 2624 dem
1258 2615 1270 2637 ‚
1304 2582 1494 2639 indeque
1523 2599 1674 2628 rursus
1703 2601 1782 2642 per
1815 2586 1987 2642 Bospo-

1130 2663 1231 2690 rum
1257 2646 1499 2691 Thracium
1527 2649 1572 2691 in
1602 2650 1798 2693 Pontum
1817 2682 1829 2704 ,
1857 2660 1988 2707 atque

1130 2712 1190 2756 ita
1202 2712 1377 2756 sinistro
1390 2713 1500 2756 mari
1515 2713 1694 2758 Tomon
1709 2715 1991 2759 abierit.Ver·

1129 2793 1201 2821 sus
1223 2786 1371 2821 autem
1391 2777 1446 2821 de
1471 2777 1639 2822 duabus
1659 2780 1840 2824 navibus
1857 2797 1988 2838 supra

1131 2842 1283 2886 citatos
1305 2876 1317 2897 ,
1359 2843 1658 2900 metaphorice
1696 2845 1857 2901 accipio
1886 2878 1899 2900 ,
1939 2854 1987 2888 ut

1130 2906 1285 2963 puppis
1304 2906 1438 2950 altera
1452 2940 1464 2961 ,
1487 2924 1568 2964 pro
1587 2925 1717 2952 cursu
1734 2942 1746 2963 ‚
1762 2909 1874 2952 serie
1886 2942 1898 2962 ,
1919 2909 1991 2952 iti-

1131 2988 1239 3016 nere
1273 2974 1468 3017 terrestri
1495 2985 1713 3031 ponatur,
1743 2991 1797 3018 eo
1826 2974 1989 3018 scilicet

1132 3039 1187 3083 de
1208 3055 1295 3095 quo
1314 3040 1403 3097 ipse
1426 3040 1541 3084 infra
1563 3041 1667 3085 dicit
1682 3057 1692 3084 ε
1707 3060 1729 3079 «
1747 3042 1861 3084 Nam
1878 3041 1988 3084 mihi

1131 3105 1351 3149 Bistonios
1366 3107 1524 3163 placuit
1542 3106 1653 3163 pede
1670 3123 1848 3163 carpere
1866 3123 1989 3150 cam-

1132 3186 1209 3227 pos
1223 3203 1235 3224 ‚
1268 3189 1290 3209 »
1307 3179 1389 3215 etc.
1406 3172 1523 3215 Nam
1544 3180 1588 3214 et
1609 3169 1708 3215 alibi
1732 3172 1787 3215 de
1809 3171 1989 3216 diversis

1132 3235 1417 3293 profectionis
1437 3251 1525 3280 suae
1545 3236 1624 3280 viis
1644 3237 1863 3280 meminit.

1188 3320 1225 3344 2.
1245 3303 1308 3345 Et
1324 3319 1354 3345 a
1364 3307 1484 3358 picta
1503 3305 1672 3346 casside
1684 3319 1831 3345 nomen
1850 3305 1989 3345 habet.

1132 3367 1171 3411 A
1190 3368 1307 3425 galea
1321 3401 1333 3423 ,
1354 3385 1485 3425 quam
1500 3368 1570 3411 illa
1587 3378 1754 3412 armata
1770 3369 1904 3425 gerit,
1915 3385 1987 3423 ga-

1131 3437 1247 3478 leata
1270 3434 1511 3491 appellatur
1539 3434 1759 3477 Minerva.
1783 3433 1985 3477 Verbum
