2280 3776
490 298 951 361 TRISTIUM
989 300 1157 356 LIB.
1202 299 1315 357 IV.
1361 299 1608 358 ELEG.
1644 302 1758 358 IV.

1912 305 2011 379 173

326 415 452 475 Hoc
477 415 594 477 noli
624 431 763 478 certe
793 414 1132 478 dissimulare
1151 462 1165 488 ‚
1197 431 1387 501 pater:

242 511 642 597 Ingeniumque
671 537 850 575 meum
868 560 883 587 ‚
911 528 1071 597 potes
1100 513 1214 573 haec
1243 513 1580 586 meminisse,
1612 514 1920 597 probabat,

329 609 465 672 Plus
490 612 656 673 etiam
675 611 697 684 ,’
721 633 884 694 quam
914 635 1001 672 me
1027 610 1208 693 judice
1236 612 1434 689 dignus
1461 637 1638 686 eram3
1967 633 2021 675 3ο

245 706 442 789 Deque
469 708 602 769 meis
631 706 727 769 illo
755 707 1024 770 referebat
1049 707 1297 770 versibus
1327 732 1450 781 ore,

325 805 392 863 In
421 829 533 887 quo
566 828 693 889 pars
722 803 843 866 altae
864 804 1174 867 nobilitatis
1201 819 1331 866 erat.

242 901 372 961 Nou
399 901 571 981 igitur
596 902 698 963 tibi
726 926 900 976 nunc,
934 903 1087 986 quod
1114 926 1203 964 me
1234 902 1430 964 domus
1459 903 1564 964 ista
1591 904 1834 987 recepit‚'

327 997 436 1059 Sed
464 998 619 1082 prius
650 999 859 1061 auctori
889 1015 1019 1062 sunt
1043 1000 1169 1060 data
1197 1001 1362 1062 verba
1390 1015 1505 1061 tuo.

243 1095 355 1156 Nec
386 1094 510 1155 data
540 1110 699 1168 sunt,
730 1095 865 1155 mihi
901 1096 1054 1157 crede
1072 1143 1087 1170 ‚
1117 1111 1298 1157 tamen
1322 1121 1335 1157 ε
1362 1097 1535 1158 sedin
1565 1096 1824 1158 omnibus
1850 1099 2017 1170 actis,

324 1186 535 1249 Ultima
565 1190 612 1250 si
639 1190 851 1264 demas,
884 1191 996 1251 vita
1026 1191 1224 1251 tuenda
1256 1214 1374 1251 mea
1402 1206 1499 1251 est.
1966 1210 2023 1253 36

244 1283 403 1346 Hanc
437 1308 689 1368 quoque,
721 1311 831 1369 qua
861 1286 1026 1370 perii,
1059 1286 1275 1369 culpam
1303 1286 1481 1349 scelus
1510 1310 1625 1348 esse
1655 1288 1883 1367 negabis
1901 1336 1915 1362 ,

326 1381 385 1442 Si
421 1381 558 1442 tanti
586 1380 751 1443 series
782 1381 854 1442 sit
883 1382 986 1442 tibi
1016 1396 1149 1443 nota
1174 1382 1319 1444 mali.

246 1476 363 1538 Aut
393 1477 591 1552 timor,
620 1493 716 1539 aut
744 1502 898 1539 error
921 1479 1090 1540 nobis
1108 1526 1123 1552 ,
1151 1479 1307 1563 prius
1340 1481 1526 1542 obfuit
1551 1504 1706 1543 error
1730 1507 1742 1542 τ

327 1575 420 1637 Ah
437 1622 452 1649 ‚
483 1576 599 1637 sine
629 1601 714 1638 me
739 1577 835 1638 fati
866 1602 981 1637 non
1008 1578 1319 1639 meminisse
1346 1579 1487 1640 mei!
1972 1599 2026 1656 40

246 1671 395 1732 Neve
421 1670 766 1750 retractando
796 1671 1047 1732 nondum
1075 1674 1328 1734 coeuntia
1356 1696 1605 1756 rumpam

329 1765 601 1841 Vulnera3
633 1768 723 1828 vix
751 1767 862 1829 illis
890 1769 1140 1853 proderit
1167 1769 1285 1853 ipsa
1315 1770 1487 1853 quies.

248 1935 328 1976 mis
359 1940 547 1990 quatuor
570 1932 666 1977 libri
685 1950 696 1985 ;
717 1949 818 1976 mox
841 1935 995 1977 Saltem
1015 1935 1096 1978 hoc

246 2000 340 2042 noli
349 2030 360 2050 ,
371 1997 528 2055 ‚scripti
545 2005 589 2041 et
601 1997 709 2042 editi
723 1998 913 2056 plurimi.

301 2081 369 2125 ²9·
381 2066 507 2108 Potes
526 2066 615 2108 haec
634 2069 885 2110 memz‘nezcse.
905 2067 1001 2110 Hoc
1014 2066 1098 2124 pri-

248 2145 332 2174 mae
351 2128 453 2173 edit.
473 2138 518 2172 et
535 2129 632 2172 libri
653 2129 813 2187 scripti.
837 2131 895 2174 H.

302 2195 371 2238 30.
386 2194 620 2250 Hejudice.
634 2193 712 2239 Me
727 2195 859 2239 etiam
879 2196 1099 2252 judicante

252 2258 479 2317 ingenium
500 2275 650 2302 meum
677 2275 765 2302 non
791 2276 880 2303 esse
902 2263 1098 2317 tantum,

251 2333 468 2380 quantum
486 2324 546 2368 illi
566 2323 812 2381 adparebat.
835 2325 964 2368 Mun.

306 2389 373 2432 31.
396 2391 478 2432 Illo
497 2405 578 2433 ore.
607 2389 684 2432 Illa
705 2390 912 2446 gravitate
934 2390 1100 2433 oratio-

253 2453 322 2497 nis
340 2469 450 2508 suae,
478 2469 563 2511 qua
581 2453 910 2509 nobilitabatur,
930 2454 983 2498 de
1009 2471 1103 2498 ver-

256 2519 372 2564 sibus
402 2519 511 2563 meis
546 2519 858 2576 pronuntiabat
890 2519 1103 2574 judicium

255 2601 396 2630 suum.
418 2585 564 2630 Pom.
582 2608 638 2618 —
667 2587 873 2628 Versibus.
894 2587 1105 2629 Plurimus

257 2652 420 2697 Lovan.
442 2652 653 2697 Heinsius
677 2651 888 2705 malebat,
911 2655 1084 2696 lusibus.

302 2718 369 2761 32.
380 2720 490 2761 Pars
501 2734 660 2773 magne
671 2719 916 2761 nobimatis.
927 2718 1104 2761 Partem

257 2800 427 2841 magnae
443 2781 677 2828 nobilitatis
689 2781 887 2840 intelligit
901 2783 1106 2839 eloquen-

258 2851 363 2898 tiam
382 2883 395 2906 ,
419 2866 515 2907 quae
543 2851 661 2894 inter
682 2859 856 2894 caeteras
882 2850 1105 2894 Messalini

260 2913 503 2958 nobilitates
523 2923 618 2958 erat
639 2929 795 2970 magna
812 2930 919 2970 pars.

316 2978 381 3032 34.
395 2979 500 3021 Sunt
514 2981 618 3021 data
637 2981 773 3022 verba.
795 2978 931 3022 Dedit
946 2978 1076 3021 verba
1091 3011 1103 3031 ,

262 3056 354 3085 non
383 3054 485 3085 ‚rem
508 3074 520 3096 ,
567 3042 944 3098 quemadmodum
986 3050 1108 3098 pater

263 3114 362 3148 tuus
375 3105 666 3158 existimabat;
685 3107 887 3151 credebat
902 3108 1021 3150 enim
1037 3123 1107 3149 me

263 3170 441 3227 ingenio
460 3169 514 3213 ad
532 3186 756 3213 summum
775 3171 993 3228 dignitatis
1010 3189 1109 3228 gra-

265 3235 371 3278 dum
392 3245 707 3291 perventurum
723 3269 734 3289 ,
760 3251 896 3291 quum
917 3237 961 3279 in
988 3253 1109 3292 prae-

263 3299 402 3347 sentia
417 3299 578 3355 ejectus
588 3299 670 3342 sim
687 3299 731 3342 in
749 3299 943 3342 exsilium
955 3310 1110 3356 praeter

265 3367 359 3424 ejus
373 3366 638 3422 opinionem.
661 3366 738 3409 Est
753 3375 899 3417 autem
913 3370 1013 3409 dare
1026 3383 1111 3410 ver*-

267 3433 342 3483 bae,
382 3438 431 3472 ut
464 3429 664 3476 Donatus
700 3429 870 3486 scribit,
911 3430 1108 3487 decipere

1177 1952 1279 1980 eum
1294 1969 1306 1991 ,
1324 1935 1397 1993 qui
1408 1969 1419 1990 ‚
1436 1950 1572 1992 quum
1586 1950 1681 1978 rem
1695 1942 1933 1992 exspectet,
1951 1938 2021 1980 ni-

1179 2000 1239 2044 hil
1275 2000 1444 2044 invenit
1482 2009 1640 2058 praeter
1674 2000 1817 2044 verba.
1849 2002 2034 2045 Auctori

1181 2077 1263 2112 tuo.
1288 2069 1408 2112 Patri
1432 2077 1533 2123 tuo,
1558 2068 1632 2125 qui
1661 2068 1737 2112 tibi
1770 2077 1920 2112 auctor
1942 2069 2028 2112 fuit

1180 2132 1312 2189 hujus
1321 2133 1519 2177 amicitie
1530 2167 1541 2188 ,
1558 2133 1785 2191 probando
1801 2134 2027 2192 ingenium

1182 2212 1358 2251 meum,
1388 2207 1432 2241 et
1456 2198 1678 2255 loquendo
1699 2198 1940 2242 honorifice
1972 2198 2028 2241 de

1183 2262 1294 2305 meis
1305 2262 1467 2306 studiis.
1482 2264 1533 2306 Β.

1238 2327 1305 2368 35.
1326 2329 1417 2370 Nec
1425 2334 1564 2368 tamen
1576 2333 1675 2369 sunt
1686 2329 1803 2370 datu.
1817 2327 2032 2383 Quamvis

1184 2390 1367 2434 dixerim
1386 2406 1456 2434 me
1478 2392 1587 2447 patri
1602 2400 1678 2434 tuo
1690 2393 1820 2436 verba
1833 2392 2001 2437 dedisse
2015 2427 2029 2448 ,

1184 2472 1242 2498 ne
1266 2454 1415 2498 credas
1444 2463 1592 2498 tamen
1624 2471 1695 2499 me
1726 2456 1876 2500 dixisse
1911 2459 2029 2514 quod

1185 2535 1287 2562 eum
1316 2519 1590 2575 deceperim,
1617 2520 1734 2577 quod
1762 2522 1895 2566 exsilii
1926 2532 2031 2567 nota

1185 2585 1380 2629 adfectus
1401 2585 1465 2628 fui
1480 2603 1490 2629 ε
1506 2587 1621 2643 quod
1640 2587 1812 2631 videtur
1824 2606 1914 2635 esse
1928 2590 2034 2634 alie-

1183 2666 1293 2694 num
1319 2652 1372 2694 ab
1394 2667 1447 2694 eo
1468 2652 1586 2708 quod
1610 2652 1679 2695 ille
1701 2653 1756 2696 de
1780 2671 1851 2697 me
1874 2671 2033 2699 sense-

1184 2724 1265 2758 rat.
1285 2716 1369 2759 Sed
1379 2721 1423 2759 in
1444 2720 1632 2759 omnibus
1651 2722 1761 2760 actis
1773 2752 1783 2768 ,
1814 2720 1975 2762 Ultima
1993 2724 2040 2763 si

1185 2783 1342 2823 demas.
1364 2781 1452 2825 Sed
1484 2782 1618 2825 vitam
1638 2798 1782 2826 meam
1804 2784 2004 2839 probabis
2018 2818 2030 2836 ,

1187 2852 1232 2887 et
1252 2844 1462 2901 intelliges
1485 2862 1554 2889 me
1574 2862 1663 2888 non
1687 2847 1853 2891 dedisse
1874 2849 2029 2902 verba,

1186 2909 1222 2952 si
1249 2911 1380 2953 totius
1408 2912 1506 2955 vitae
1528 2927 1635 2956 meae
1658 2929 1834 2956 cursum
1849 2947 1861 2969 ‚
1892 2915 2035 2971 potius

1189 2990 1319 3030 quam
1340 2974 1475 3018 finem
1493 3010 1506 3030 ,
1530 2977 1776 3032 inspexeris.

1242 3040 1309 3094 37.
1331 3041 1475 3083 Scelus
1486 3057 1578 3084 esse
1589 3046 1772 3097 negabis.
1793 3041 1950 3084 Malim
1962 3058 2035 3087 ne-

1184 3109 1312 3160 garis.
1338 3105 1397 3147 H.

1245 3171 1309 3229 39.
1321 3169 1445 3214 Prius
1456 3170 1593 3225 obfuit
1603 3187 1722 3214 error.
1734 3173 1838 3215 Plus
1849 3173 2036 3217 nonnul-

1189 3235 1243 3286 li;
1271 3236 1395 3278 male.
1415 3235 1473 3277 H.

1246 3303 1311 3355 41.
1330 3302 1533 3344 Coeuntia
1549 3318 1688 3357 rumpe
1709 3304 1900 3360 Vulnera.
1914 3305 2039 3345 Bum-

1185 3382 1287 3422 pam
1323 3365 1557 3409 Vaticanus
1597 3367 1786 3422 optimus
1800 3401 1812 3422 ‚
1851 3369 2041 3424 optimus

1195 3430 1446 3487 Mediceus,
1469 3440 1514 3479 et
1533 3441 1620 3479 tres
1638 3432 1727 3490 alii3
1747 3449 1906 3489 sequor
1925 3435 2043 3490 :ipse
