2280 3776
412 272 527 329 EX
569 271 878 327 PONTO
916 271 1083 327 LIB.
1132 274 1178 326 Ι.
1222 271 1504 328 EPIST.
1550 275 1742 330 VIII.
1862 279 1964 333 30·

276 389 348 448 Et
378 388 526 461 voti,
561 410 775 471 quaeso‚
805 386 1063 447 contrahe
1091 385 1204 447 vela
1231 388 1328 447 tui.

202 485 370 545 Terra
400 483 558 546 velim
584 482 839 566 propior,
870 481 1118 566 nullique
1145 484 1388 547 obnoxia
1414 484 1562 547 bello

283 582 488 655 Detur3
522 582 626 642 erit
649 580 857 641 nostris
885 603 1015 664 pars
1040 582 1184 643 bona
1213 582 1390 644 demta
1416 582 1587 646 malis.

196 725 336 783 petis?
356 745 376 765 »
400 726 607 770 H.—Ah
629 730 799 770 m'me‘um
820 732 897 770 est.
920 725 1041 782 Quia
1123 725 1334 772 Herod.
1352 728 1413 784 11,
1431 744 1473 783 x,
1490 732 1540 785 ²4
1558 746 1601 772 εκ
1619 726 1864 775 contrahes
1876 747 1975 776 ven·

196 808 424 849 nunquam
446 791 522 836 tibi
550 791 764 848 praestabit
792 791 1013 849 Augustus
1028 824 1040 847 ,
1129 800 1175 836 to
1195 791 1382 835 nimium
1401 791 1593 837 secundo
1609 792 1802 851 Turgida
1824 795 1932 838 vela.
1951 814 1973 834 »

196 866 245 902 ut
273 858 486 916 relegatus
515 858 559 902 in
591 874 743 916 agrurn
774 866 899 901 tuum
930 874 1041 915 per-
1187 859 1251 914 74.
1278 859 1388 901 Pars
1409 860 1529 900 bona.
1552 856 1716 915 Magna
1743 874 1851 914 pars.
1876 858 1974 902 Te·-

194 922 382 966 veniam.
1125 922 1291 966 rentius
1318 930 1553 978 utrumque
1584 922 1740 981 jungit.
1774 922 1974 968 Eunuch.

257 1006 320 1047 72.
343 991 405 1033 Et
425 991 621 1033 contrahe
642 992 738 1033 vela
765 993 835 1033 tui
853 993 953 1033 voti.
986 988 1044 1034 Et
1127 989 1176 1042 Ι,
1194 1005 1218 1031 2
1238 1003 1284 1031 :a
1302 986 1417 1032 Nam
1435 986 1504 1033 hic
1521 1004 1694 1045 quoque
1712 988 1871 1033 bonam
1888 1005 1974 1033 ma-

195 1054 281 1098 voti
317 1054 379 1099 tui
412 1054 676 1099 desiderium
714 1054 941 1112 restringe.
971 1053 1044 1098 Sic
1126 1068 1346 1111 gnamque
1365 1062 1533 1110 partem
1556 1052 1609 1097 ad
1631 1062 1671 1098 te
1690 1052 1893 1098 adtulit.»

739 1284 1254 1354 EPISTOLA
1304 1285 1434 1355 IX.

890 1565 1279 1626 MAXIMO.

775 1814 1175 1866 ARGUMEN
1191 1815 1295 1864 TU
1311 1816 1383 1864 M.

197 1927 332 1971 Poeta
370 1924 500 1970 Celso
533 1926 769 1984 defuncto,
795 1929 918 1985 cujus
955 1939 1148 1974 mortem
1181 1926 1460 1973 nuntiaverat
1492 1928 1738 1984 Maximus,
1771 1929 1979 1989 lacrymas

247 1994 363 2040 libat.
393 1997 434 2040 Is
461 1994 706 2039 Maximum
732 1998 1027 2054 praestiturum
1051 1999 1204 2043 auxilia
1229 1999 1488 2057 promiserat
1514 2015 1524 2042 ε
1548 2015 1644 2057 quae
1673 1999 1799 2044 amici
1820 2000 1977 2044 verba.

249 2084 306 2112 ne
328 2067 496 2112 fuerint
516 2085 627 2112 vana
643 2101 654 2123 ,
680 2078 892 2127 precatur.

202 2174 392 2280 QUAE
421 2199 556 2260 mihi
583 2200 648 2262 de
675 2218 834 2286 rapto
867 2217 961 2263 tua
991 2203 1140 2264 venit
1169 2201 1404 2286 epistola
1435 2201 1626 2273 Celso,

276 2298 545 2358 Protinus
570 2313 652 2358 est
680 2298 937 2382 lacrymis
962 2300 1191 2360 humida
1219 2301 1361 2360 sacta
1386 2299 1524 2359 meis
1546 2324 1559 2358 z

184 2393 480 2479 ‘Quodque
507 2395 659 2456 nefas
690 2395 841 2456 dictu
861 2443 876 2468 ‚
905 2395 1022 2456 fieri
1051 2420 1151 2456 nec
1181 2411 1344 2480 posse
1369 2395 1587 2479 putavi,

277 2491 474 2552 Invitis
506 2490 682 2553 oculis
712 2491 867 2552 litera
895 2491 1033 2552 lecta
1064 2508 1156 2553 tua
1185 2508 1285 2554 est.

199 2588 314 2670 Nec
339 2587 645 2672 quidquam
671 2587 739 2648 ad
769 2592 987 2650 nostras
1014 2588 1261 2672 pervenit
1286 2588 1535 2649 acerbius
1561 2611 1746 2660 aures,

278 2688 359 2746 Ut
387 2709 576 2748 sumus
601 2687 659 2746 in
686 2687 899 2760 Ponto,
930 2687 1321 2771 perveniatque
1349 2676 1561 2771 precor.r

199 2780 348 2869 Ante
375 2788 531 2844 me'o‘s
557 2781 752 2844 oculos
788 2797 1047 2867 tanquam
1074 2783 1356 2866 praesen'tis
1386 2783 1566 2862 imago

284 2878 498 2951 Haeret,
531 2893 587 2940 et
615 2879 949 2940 exstinctum
974 2879 1148 2939 vivere
1173 2878 1332 2958 fingit
1357 2903 1525 2940 amor.

200 2971 360 3056 'S'aep'e
383 2974 548 3062 refert
574 2975 787 3036 animus
819 2974 975 3036 lusus
1005 2975 1264 3055 gravitate
1293 2990 1565 3057 carentes3

197 3114 205 3119 >
289 3070 439 3132 Seria
465 3097 589 3134 cum
618 3072 827 3157 liquida
858 3096 999 3157 saepe
1026 3089 1243 3158 peraeta
1268 3072 1391 3134 fide.
1484 3102 1491 3109 ·
1926 3105 1974 3132 ιο

198 3242 201 3246 .
259 3219 298 3246 2.
312 3201 546 3262 Lactymis.
561 3189 707 3266 Obuli's
721 3205 934 3263 Excerpta
943 3205 1049 3250 Vos·
1130 3209 1335 3251 —Lusus
1370 3209 1577 3262 gravitate
1612 3213 1812 3249 carentes.
1844 3204 1977 3251 Jocos

207 3269 277 3327 sii-¹
296 3268 453 3313 Nostri
473 3268 627 3328 melius
643 3272 889 3328 ..lacrymis
918 3327 935 3331 Η
1131 3272 1224 3328 ejus
1243 3271 1428 3314 minime
1449 3285 1633 3314 severos.

266 3335 305 3378 8.
328 3336 480 3378 Haeoet.
500 3334 571 3378 An
589 3367 602 3389 ,
632 3336 771 3387 Errat.
791 3333 957 3379 Eunu.
1190 3353 1251 3380 10.
1284 3338 1386 3379 Cum
1405 3338 1565 3393 liquida
1574 3337 1682 3393 fide.
1718 3335 1835 3380 Cum
1866 3352 1976 3394 pura

159 3437 162 3441 .
200 3440 215 3446 ..
244 3415 299 3457 29.
319 3401 430 3455 Saepe
450 3400 583 3455 nest-rt.
609 3401 732 3458 Saepe
755 3394 1048 3459 repraesentat.
1130 3411 1175 3446 et
1193 3411 1309 3447 certa
1330 3401 1428 3444 fide.
