2280 3776
246 287 352 356 462

714 290 779 341 P.
824 287 1120 343 OVIDII
1158 283 1534 344 NASONIS

328 403 619 485 Verbaque
652 402 943 462 doctorum
971 417 1105 462 nota
1129 401 1332 464 referre
1358 403 1463 464 tibi
1486 429 1500 464 z

249 500 601 580 Finitumque
634 512 816 569 tuum,
850 498 897 558 si
926 521 1040 558 non
1069 500 1307 572 ratione,
1342 499 1585 562 dolorem

327 599 454 679 Ipsa
477 597 586 676 jam
609 593 822 676 pridem
853 594 1110 677 suspicor
1135 621 1250 658 esse
1280 621 1448 658 mora.

251 694 399 752 Dum
431 707 521 750 tua
550 691 800 772 pervenit
818 737 832 763 ‚
864 690 995 750 dum
1024 691 1189 754 litora
1217 708 1406 753 nostra
1434 707 1716 755 recurrens
1973 711 2020 753 15

329 791 439 848 Tot
466 787 635 847 maria
666 811 726 847 ac
756 802 926 848 terras
958 803 1226 870 permeat,
1252 812 1428 850 annus
1446 789 1580 850 abit.

251 887 542 969 Temporis
571 885 809 945 officium
836 885 1033 946 solatia
1064 885 1240 947 dicere
1271 887 1404 947 certi
1432 903 1515 948 est
1542 912 1554 960 ;

331 986 480 1043 Dum
512 983 675 1043 dolor
703 983 761 1043 in
792 1006 954 1043 cursu
986 998 1068 1044 est
1086 1030 1100 1055 ‚
1134 983 1265 1044 dum
1294 986 1433 1067 petit
1457 1009 1598 1065 aeger
1624 1009 1799 1069 opem.

251 1083 328 1142 At
358 1104 526 1163 quum
552 1078 720 1157 longa
751 1079 866 1140 dies
899 1079 1107 1139 sedavit
1135 1079 1358 1140 vulnera
1387 1082 1587 1143 mentis
1606 1127 1622 1153 ,

331 1175 723 1260 Intempestive
748 1175 843 1258 qui
873 1174 1021 1236 fovet
1051 1175 1170 1248 illa,
1199 1191 1382 1237 novat.
1974 1208 2027 1237 20

255 1275 412 1336 Adde
447 1274 593 1357 quod
611 1321 625 1346 ‚
653 1289 816 1356 atque
844 1274 1056 1333 utinam
1084 1298 1271 1334 verum
1303 1272 1407 1334 tibi
1437 1273 1645 1334 venerit
1674 1277 1866 1334 omen!

335 1368 610 1450 Conjugio
637 1367 767 1429 felix
792 1368 901 1449 jam
931 1383 1093 1451 potes
1124 1391 1239 1429 esse
1267 1392 1433 1428 novo.

313 1529 374 1553 12.
414 1512 550 1553 Verba
580 1513 803 1552 doctorum.
831 1508 960 1552 Dicta
985 1508 1100 1553 scri-

250 1588 426 1635 ptorum
449 1585 491 1619 et
514 1575 873 1633 philosophorum
889 1609 901 1630 ,
928 1576 1099 1620 ratione

252 1641 579 1688 ostendentium
589 1673 600 1694 ‚
617 1640 818 1684 homines
832 1656 924 1683 non
938 1641 1099 1685 debere

252 1706 455 1765 prosequi
478 1713 675 1748 mortuos
694 1704 909 1763 lacrymis.

313 1774 374 1814 15.
395 1771 506 1811 Dum
523 1776 608 1811 tua.
631 1767 838 1824 Epistola.
851 1770 1032 1812 —Dum
1043 1770 1102 1812 li-

254 1846 344 1880 tora
355 1842 499 1877 nostra
509 1849 731 1876 recurrens.
746 1831 798 1876 Id
811 1842 891 1888 est,
905 1832 959 1876 ad
973 1833 1102 1877 litora

255 1909 428 1951 nostra;
450 1899 509 1942 sic
522 1898 643 1954 Virg.
667 1898 708 1938 V
723 1930 735 1952 ‚
759 1915 819 1941 vs.
842 1899 921 1941 235
941 1914 952 1942 :
971 1916 995 1936 κ
1011 1898 1070 1941 Di
1087 1930 1100 1952 ,

257 1965 412 2022 quibus
442 1962 679 2020 imperium
710 1961 847 2018 pelagi
865 1994 877 2016 ,
911 1977 1102 2018 quorum

257 2046 432 2089 aequora
450 2044 593 2073 curro.
612 2046 633 2065 »

317 2098 379 2141 16.
407 2099 558 2139 Annus
586 2098 688 2138 abit.
721 2093 795 2137 Sic
828 2092 1013 2137 dicimus
1032 2125 1044 2147 ,
1071 2098 1107 2137 it

259 2167 330 2208 vel
343 2166 433 2206 abit
451 2164 552 2206 dies.
584 2161 663 2202 Sol
684 2163 778 2202 abit
809 2158 951 2201 Plaut.
976 2157 1105 2200 Mer-

259 2238 338 2273 cat.
360 2230 420 2281 V,
443 2242 552 2269 vers.
573 2242 611 2267 2.

319 2295 382 2337 18.
404 2295 517 2335 Dum
532 2294 640 2346 petit
655 2304 763 2344 oeger
777 2302 906 2343 opem.
926 2289 989 2330 Et
998 2291 1109 2343 petit

259 2362 454 2420 plerique
476 2367 656 2402 veteres.
680 2357 847 2399 Hnms.

318 2444 380 2486 19.
403 2427 580 2468 Seducit.
600 2424 778 2465 sanavit
793 2420 916 2463 Serv.

317 2508 383 2535 20.
397 2491 683 2545 Intempestive
694 2490 772 2543 qui
777 2491 915 2529 monet
923 2487 1003 2529 illa
1019 2502 1108 2528 mo-

260 2567 336 2602 vet.
362 2559 450 2611 Qui
461 2559 592 2597 movet
607 2555 688 2594 illa
703 2558 830 2594 novat
843 2549 940 2593 libri
961 2549 1107 2606 potio-

261 2640 354 2674 res;
374 2620 552 2678 quidam
572 2618 705 2661 etiam
718 2625 857 2659 monet
870 2618 950 2658 illa
968 2622 1106 2658 novat.

263 2686 415 2731 Scribe
443 2701 454 2728 z
485 2702 507 2721 «
538 2680 847 2737 Intempestive
884 2678 959 2734 qui
986 2677 1108 2721 fovet

263 2753 334 2796 illa
348 2784 360 2806 ,
380 2758 536 2799 novat;
556 2765 578 2785 »
587 2747 735 2803 fovere
749 2746 922 2787 vulnera
934 2776 945 2793 ‚
965 2750 1015 2785 ut
1033 2759 1106 2785 su·-

265 2834 342 2875 pra
358 2817 438 2860 hac
458 2816 549 2872 ipsa
568 2811 746 2869 epistola
769 2827 780 2853 ι
801 2828 823 2847 «
847 2810 918 2853 Tu
933 2824 1107 2866 quoque

1181 1510 1301 1554 enim
1325 1508 1572 1567 (memini)
1591 1508 1747 1554 caelesti
1765 1509 1940 1567 cuspide
1959 1509 2029 1553 sa-

1180 1583 1247 1619 cta
1269 1575 1431 1619 Fovisti
1449 1575 1650 1634 lacrymis
1673 1575 1855 1619 vulnera
1877 1585 2027 1619 nostra

1181 1641 1266 1695 tuis
1287 1658 1298 1693 ;
1319 1659 1340 1678 n
1374 1649 1418 1684 et
1443 1641 1503 1685 sic
1532 1641 1689 1698 passim
1721 1641 1832 1685 alibi.
1864 1643 2028 1686 Novate

1182 1706 1313 1749 etiam
1329 1708 1501 1748 vulnera
1515 1705 1725 1749 usitatum
1736 1706 1896 1750 Nostro
1910 1724 1921 1759 ;
1938 1707 2028 1750 Re-

1182 1769 1299 1813 med.
1323 1770 1475 1812 Amor.
1500 1787 1580 1830 7²9
1598 1786 1608 1814 z
1629 1789 1652 1809 «
1675 1770 1918 1828 vulnusque
1938 1786 2024 1814 no-

1182 1844 1331 1879 vatum
1355 1834 1610 1887 Scinditur;
1636 1853 1659 1874 »
1690 1836 1875 1879 Metam.
1904 1836 1995 1879 XII
2012 1869 2026 1891 ,

1183 1900 1261 1957 287
1286 1917 1297 1944 :
1318 1918 1340 1938 «
1363 1899 1723 1958 Semicremoque
1748 1909 1880 1944 novat
1899 1916 2029 1957 repe-

1183 1965 1315 2008 titum
1337 1964 1481 2022 stipite
1521 1963 1706 2017 vulnus;
1745 1983 1767 2003 »
1795 1965 1925 2009 Trist.
1955 1966 2025 2019 ΙΙ,

1184 2043 1288 2087 209:
1306 2046 1328 2066 «
1347 2029 1462 2071 Nam
1473 2028 1584 2072 tanti
1595 2044 1688 2072 non
1700 2044 2029 2084 sum,renovem

1184 2103 1234 2138 ut
1251 2103 1325 2137 tua
1347 2093 1528 2137 vulnera
1542 2126 1554 2148 ,
1575 2092 1732 2138 Caesar.
1749 2112 1770 2131 ἰ
1794 2095 1854 2138 Η.
1870 2117 1924 2128 -·
1948 2096 2038 2149 Qui

1185 2168 1321 2202 movet
1334 2160 1426 2200 illa.
1448 2157 1541 2214 Qui
1557 2157 1738 2202 vulnera
1758 2158 1965 2213 obducta,
1987 2167 2031 2202 et

1186 2225 1385 2268 dolorem
1404 2225 1495 2281 jam
1514 2239 1638 2280 paene
1663 2224 1871 2268 oblivioni
1889 2225 2032 2269 tradi-

1186 2296 1282 2330 tum
1299 2296 1473 2331 revocat
1485 2320 1497 2341 ,
1518 2296 1563 2331 et
1581 2287 1632 2331 ad
1651 2288 1849 2331 animum
1867 2288 1914 2332 in
1932 2303 2033 2331 me-

1186 2352 1375 2395 moriam
1401 2351 1560 2409 redigit
1590 2352 1896 2408 intempestive
1921 2367 2033 2395 con-

1187 2418 1384 2462 solando.

1242 2500 1265 2525 2
1275 2500 1309 2525 ι.
1329 2482 1469 2540 Atque
1483 2487 1643 2526 utinam
1659 2499 1798 2526 verum
1814 2484 1898 2525 tibi
1909 2497 2035 2524 vene-

1186 2553 1245 2590 rit
1259 2564 1391 2591 omen.
1420 2549 1565 2605 Atque
1590 2548 1759 2592 utinam
1779 2563 1934 2591 verum
1956 2544 2033 2590 tibi

1188 2614 1421 2671 augurium
1439 2614 1630 2658 adferam
1644 2647 1656 2669 ,
1675 2613 1922 2658 nuntiando
1941 2613 2032 2656 haec

1189 2695 1286 2736 quae
1300 2679 1526 2737 subjungit
1541 2689 1683 2738 poeta.

1244 2761 1312 2786 22.
1338 2746 1542 2800 Conjugio
1573 2740 1690 2789 novo.
1724 2743 1875 2788 Altera
1903 2742 2031 2789 ducta

1188 2825 1336 2853 uxore.
