2280 3776
359 499 806 588 PUBLII-
856 498 930 584 Ο
956 497 1283 584 VIDII
1342 495 1882 586 NASONIS

789 691 1434 754 EPISTOLARUM

652 869 866 977 EX
991 865 1588 977 PONTO

710 1076 981 1136 ΜΒΕΒ
1027 1036 1506 1138 SECUNDUS.

645 1390 1163 1461 EPISTOLA
1217 1388 1570 1461 PRIMA.

596 1710 1169 1774 GERMANICO
1249 1713 1634 1775 CAESARI.

816 1981 1399 2035 ARGUMENTUM.

225 2109 410 2156 Caesarei
435 2110 551 2166 (scil.
580 2110 739 2171 lllyrici
767 2127 790 2155 a
819 2111 1000 2156 Tiberio
1024 2112 1136 2165 acti)
1167 2113 1331 2157 famam
1361 2113 1571 2171 triumphi
1596 2113 1649 2157 ad
1676 2130 1720 2158 se
1749 2116 1994 2170 pervenisse

275 2181 456 2239 gaudet,
473 2197 662 2239 eumque
675 2182 796 2226 laetus
809 2181 1034 2238 describit,
1049 2191 1091 2226 et
1105 2199 1227 2239 spem
1242 2183 1319 2227 sibi
1334 2183 1564 2227 subnatam
1579 2184 1799 2241 praedicat,
1816 2185 1911 2228 sore
1931 2195 1994 2240 ut,

273 2265 353 2294 ceu
369 2250 564 2295 hostibus
579 2282 591 2305 ,
612 2251 671 2294 sic
683 2249 761 2294 sibi
783 2266 958 2307 quoque
979 2250 1154 2294 veniam
1178 2250 1253 2295 det
1278 2251 1514 2307 Augustus.
1535 2251 1708 2296 Similes
1726 2251 1993 2297 Gemanico

274 2318 519 2377 triumphos
528 2319 772 2363 ominatur.

222 2447 402 2533 ΗΠΒ
432 2494 655 2556 quoque
686 2470 915 2532 Caesarei
942 2470 1189 2553 pervenit
1214 2469 1355 2531 fama
1386 2470 1682 2555 triumphi,

298 2568 586 2648 Languida
613 2591 722 2650 quo
751 2566 881 2628 fessi
910 2567 999 2626 vix
1027 2566 1174 2627 venit
1199 2591 1327 2627 aura
1356 2566 1507 2627 Noti.

217 2665 314 2728 Nil
340 2666 459 2726 fore
487 2664 646 2725 dulce
673 2664 809 2724 mihi
840 2664 1093 2747 Scythica
1117 2665 1341 2744 regione
1363 2664 1568 2749 putavi.

276 2826 311 2854 1.
338 2811 437 2853 Huc
463 2824 618 2865 quoque
641 2816 720 2851 etc.
749 2806 954 2864 Disputat
978 2807 1063 2851 hoc
1142 2807 1332 2866 Illyrico,
1351 2807 1549 2865 Elegiam
1563 2807 1987 2866 hancintelligimus,

218 2875 312 2919 loeo
326 2872 518 2928 Merula,
533 2873 586 2916 de
597 2872 821 2916 Tiberiine
842 2872 1060 2928 ovatione,

217 2955 274 2983 an
289 2939 343 2983 de
359 2938 613 2984 Germanici
634 2938 857 2994 triumpho
871 2970 883 2992 ,
910 2938 1057 2994 Elegia

216 3005 309 3049 haec
335 3003 616 3061 intelligenda
645 3004 712 3048 sit.
740 3003 918 3059 Scripsit
939 3003 1059 3047 enim

216 3071 307 3115 haec
320 3067 452 3114 Ovid.
464 3069 662 3126 proximo
675 3078 774 3113 ante
787 3069 957 3112 obitum
968 3069 1059 3112 Au-

217 3135 329 3194 gusti
363 3150 479 3179 anno
502 3167 514 3188 ,
549 3150 684 3191 quum
706 3135 793 3191 jam
813 3133 1058 3191 quadrien-

217 3200 342 3243 nium
359 3199 405 3242 in
424 3199 569 3241 Ponto
584 3198 745 3242 fuisset.
761 3197 964 3241 Tiberius
980 3214 1060 3240 au-

218 3275 309 3310 tem
337 3263 480 3308 ovavit
508 3279 627 3319 prox.
657 3271 752 3319 post
777 3263 945 3307 cladem
967 3265 1060 3306 Va·

217 3330 384 3373 rianam
411 3343 527 3372 anno
545 3361 556 3382 ,
579 3327 707 3372 tertio
720 3336 952 3384 antequam
967 3328 1058 3374 haec

221 3397 272 3439 ab
288 3395 451 3440 Ovidio
468 3394 782 3446 scriberentur;
807 3393 851 3437 id
873 3394 989 3450 quod
1007 3410 1059 3437 ex

222 3459 434 3504 Suetonio
460 3459 649 3515 adparet.
674 3459 732 3502 Et
757 3458 810 3502 de
835 3459 1058 3516 triumpho

1143 2874 1218 2930 qui
1238 2873 1394 2917 eodem
1416 2889 1561 2928 anno,
1586 2889 1675 2930 quo
1700 2874 1791 2918 haec
1817 2890 1840 2917 a
1860 2884 1988 2931 poeta

1138 2938 1293 2996 scripta
1315 2946 1444 2993 sunt,
1476 2947 1620 2996 gestus
1644 2938 1756 2994 fuit,
1789 2940 1987 2996 proximo

1139 3004 1297 3048 scilieet
1328 3012 1430 3048 ante
1459 3014 1651 3048 mortem
1682 3005 1870 3061 Augusti
1899 3022 1910 3048 z
1943 3005 1989 3048 id

1141 3071 1256 3127 quod
1275 3087 1326 3114 ex
1341 3070 1540 3115 Suetonii
1562 3071 1710 3115 Tiber.
1743 3073 1806 3116 lx
1819 3105 1832 3126 ,
1856 3072 1987 3116 colli-

1140 3137 1266 3193 gitur.
1286 3136 1344 3178 Et
1367 3135 1465 3179 vide
1490 3135 1719 3194 Micyllum
1741 3137 1821 3180 hac
1849 3137 1903 3180 de
1933 3154 1981 3182 re

1138 3202 1263 3246 latius
1288 3200 1585 3244 disserentem.

1196 3284 1234 3308 2.
1261 3267 1345 3308 Vix
1363 3268 1487 3308 venit.
1517 3263 1606 3307 Vix
1637 3264 1832 3317 accedit3
1863 3266 1984 3322 quasi

1140 3330 1254 3373 dicat
1267 3361 1279 3383 ,
1305 3329 1352 3372 in
1373 3328 1599 3388 Scythiam
1613 3362 1625 3383 ,
1647 3346 1735 3386 quo
1749 3331 1817 3373 vix
1831 3340 1986 3375 ventus

1140 3395 1281 3439 Notus
1303 3402 1446 3451 potest
1463 3395 1693 3451 pervenire
1707 3428 1720 3452 ,
1735 3396 1908 3441 accessit
1919 3396 1983 3439 fa-

1141 3475 1212 3503 ma
1235 3458 1419 3504 Caesaris
1438 3459 1660 3516 triumphi.
