2280 3776
513 320 628 375 EX
669 317 967 373 PONTO
1007 318 1166 372 LIB.
1210 319 1258 372 1.
1302 317 1576 373 EPIST.
1621 321 1694 373 X.
1872 323 1979 376 305

774 585 1287 655 EPISTOLA
1338 587 1422 656 X.

1007 726 1194 743 m

918 875 1279 936 FLACCO.

801 1146 1406 1196 ARGUMENTUM.

228 1278 298 1323 Ad
333 1277 536 1323 Flaccum
572 1275 761 1320 scribens
783 1283 937 1333 poeta,
971 1275 1163 1331 corporis
1202 1274 1455 1332 languorem
1476 1308 1489 1330 ,
1520 1277 1700 1333 ejusque
1732 1277 1795 1320 rei
1828 1293 1999 1322 causam

279 1348 479 1406 exponit,
501 1362 692 1403 eumque
713 1355 837 1403 rogat
856 1360 958 1389 cum
982 1345 1120 1390 fratre
1140 1378 1152 1401 ,
1182 1354 1230 1389 ut
1249 1346 1327 1390 sibi
1350 1362 1479 1405 opem
1503 1348 1616 1394 serat
1632 1383 1645 1404 ‚
1667 1352 2001 1409 Augustumque

282 1419 417 1464 exsuli
438 1419 658 1463 mitiorem
682 1416 849 1461 reddat.

229 1545 435 1632 NASO
463 1593 564 1631 suo
588 1568 859 1650 profugus
889 1567 1059 1631 mittit
1083 1566 1216 1638 tibi,
1246 1566 1466 1640 Flacce‚
1501 1569 1757 1643 salutem;

312 1667 536 1729 Mittere
565 1688 678 1725 rem
713 1664 756 1725 si
783 1665 931 1747 quiS‚
964 1686 1072 1746 qua
1099 1678 1246 1723 caret
1272 1664 1418 1747 ipse,
1447 1680 1647 1748 potest.

231 1766 460 1841 Longus
491 1759 633 1821 enim
665 1759 809 1819 curis
836 1758 1087 1820 vitiatum
1120 1782 1324 1842 corpus
1352 1761 1547 1821 amaris

313 1861 441 1921 Non
467 1856 677 1942 patitur
703 1857 842 1916 vires
873 1855 1107 1935 languor
1132 1855 1335 1917 habere
1367 1881 1508 1917 suas,

231 1958 346 2021 Nec
376 1954 538 2018 dolor
563 1954 712 2017 ullus
742 1954 923 2027 adest,
953 1976 1052 2014 nec
1081 1952 1332 2015 febribus
1358 1978 1492 2015 uror
1520 1953 1760 2027 anhelis;
1984 1978 2010 2019 5

313 2055 388 2114 Et
416 2050 629 2137 peragit
659 2049 808 2112 soliti
833 2074 968 2111 vena
999 2050 1204 2111 tenoris
1230 2050 1368 2111 iter:

235 2151 320 2215 Os
345 2149 519 2213 hebes
544 2163 657 2221 est,
684 2147 988 2232 positaeque
1015 2143 1239 2218 movent
1263 2146 1481 2209 fastidia
1510 2173 1740 2223 mensae,

315 2249 392 2308 Et
420 2269 647 2330 queror,
679 2244 841 2306 invisi
872 2269 1039 2327 quum
1071 2245 1219 2304 venit
1246 2243 1383 2304 hora
1412 2244 1538 2305 cibi.

237 2341 412 2422 Quod
439 2364 612 2414 mare,
643 2339 795 2423 quod
824 2339 1017 2411 tellus,
1046 2338 1288 2421 adpone,
1319 2339 1469 2420 quod
1498 2339 1693 2400 educat
1720 2364 1811 2401 aer
1831 2388 1847 2414 ‚

319 2437 414 2498 Nil
444 2438 556 2510 ibi,
591 2436 741 2519 quod
768 2435 933 2496 nobis
963 2435 1261 2506 esuriatur,
1296 2435 1415 2494 erit.
1969 2472 2015 2499 ,ο

239 2538 441 2596 Nectar
466 2547 521 2595 et
544 2531 876 2594 ambrosiam
900 2579 916 2606 ‚
948 2530 1135 2592 latices
1165 2528 1462 2614 epulasque
1485 2531 1733 2593 Deorum
1753 2582 1767 2607 ‚

301 2690 334 2717 1.
368 2673 463 2717 Suo.
495 2673 631 2715 Nimis
667 2670 878 2725 Excerpta
913 2667 1082 2720 Vossii;
1167 2667 1297 2711 nimis
1329 2667 1511 2711 multae:
1545 2668 1654 2712 alter
1685 2671 1850 2713 anhelis
1875 2681 2018 2717 servat

241 2744 339 2781 tuus
359 2735 608 2794 quindecim
635 2753 645 2788 ;
677 2733 795 2791 quod
816 2733 947 2777 etiam
971 2731 1087 2789 apud
1167 2734 1362 2778 omnino.
1392 2734 1464 2778 Sic
1497 2734 1612 2792 apud
1639 2736 1811 2780 Lucret.
1837 2737 1908 2781 lib.
1931 2739 2019 2794 lv,

245 2810 445 2847 nostrum
456 2800 652 2845 codicem
667 2799 707 2842 A
722 2797 984 2842 invenimus.
998 2796 1085 2840 Sed
1167 2800 1320 2842 anhela
1340 2803 1643 2843 s1·t1·s.-Vena.
1666 2801 1784 2857 Quae
1800 2802 1911 2846 ultra
1926 2819 2016 2846 mo·

245 2866 400 2923 optimi
418 2883 494 2909 suo
514 2864 769 2923 praeferunt.
1169 2863 1279 2906 dum
1298 2864 1456 2908 micare
1480 2874 1524 2908 et
1540 2865 1663 2909 salire
1691 2867 1802 2911 solet
1831 2868 2018 2913 febrici—

299 2931 338 2974 3.
358 2932 539 2987 Longus.
554 2929 863 2988 Quamobrem
874 2927 1009 2972 salute
1026 2943 1090 2970 ca·
1171 2928 1374 2971 tantibus.

250 3003 344 3038 reat
359 2995 560 3039 ostendit.
1228 3009 1264 3049 7.
1290 2993 1352 3034 Os
1369 2994 1493 3036 hebes
1507 3001 1572 3037 est
1584 3028 1595 3045 ,
1611 2999 1839 3053 positaeque
1855 3005 2022 3041 movent

306 3061 343 3102 5.
363 3060 555 3104 Anhelis.
579 3059 694 3115 Quae
708 3074 865 3116 corpus
884 3056 1093 3101 anhelum
1161 3057 1353 3113 fastidia
1380 3073 1542 3101 mensoe.
1569 3058 1635 3103 Os
1670 3069 1735 3104 est
1768 3061 1950 3111 tardum?
1978 3072 2023 3107 et

251 3123 432 3168 faciunt.
1175 3122 1393 3179 impotens
1424 3121 1476 3165 ad
1502 3123 1827 3168 conficiendum
1846 3127 2022 3182 cibum;

307 3191 347 3233 6.
365 3189 451 3231 Sed
454 3193 630 3245 peragit.
647 3191 817 3232 Etcum
832 3189 1095 3232 melioribus.
1176 3188 1296 3232 nulla
1316 3187 1399 3231 eibi
1420 3188 1668 3246 adpetentia
1689 3201 1907 3235 movetur.

186 3301 191 3308 ‚
257 3252 538 3307 Prosebrt‘bus
549 3253 990 3296 anhelzerwisdenius
1002 3269 1097 3295 acu·
1231 3271 1269 3312 9.
1291 3255 1472 3296 Educat.
1485 3255 1652 3296 Educet
1675 3255 1897 3300 Heinsius.

255 3322 338 3371 τίη
360 3317 476 3374 quod
499 3316 659 3374 placet:
675 3333 755 3359 vox
777 3316 954 3360 medicis
972 3317 1099 3360 fami-
1237 3333 1254 3358 1
1266 3333 1299 3358 1.
1316 3319 1489 3359 latices
1499 3321 1720 3374 epulasque
1730 3321 1925 3363 Deorum.
1938 3321 2025 3371 Hic

257 3381 384 3426 liaris.
406 3382 572 3426 Hnms.
592 3405 648 3414 -
669 3382 753 3425 Hic
782 3381 828 3424 in
848 3390 1098 3426 nostrorum
1180 3382 1380 3436 exprimit
1391 3381 1495 3438 quid
1507 3382 1559 3426 sit
1573 3393 1723 3427 nectar
1736 3394 1780 3428 et
1794 3387 2024 3441 ambrosia;

261 3447 494 3491 vetustiore
510 3462 600 3489 uno
618 3446 784 3503 paginae
798 3446 1099 3491 desiderantur
1180 3448 1275 3492 haec
1294 3449 1413 3492 cibus
1427 3483 1439 3504 ,
1459 3449 1566 3493 illud
1586 3459 1713 3507 potus
1731 3451 1945 3499 Deorum.

421 3529 571 3589 VII.
1695 3554 1764 3586 20
