2268 3848
462 310 916 368 TRISTIUM
956 313 1120 366 LIB.
1162 312 1252 365 11.
1298 311 1423 365 EL.
1471 311 1782 367 UMCA.
1946 331 2005 387 7¹

313 431 539 511 Arguor
565 430 814 492 obscoeni
844 430 1043 490 doctor
1070 428 1341 490 adulterii.

234 529 337 590 Fas
366 553 499 608 ergo
526 542 608 589 est
632 526 815 610 aliqua
843 525 1073 587 caelestia
1100 541 1320 609 pectora
1355 525 1469 587 falli
1491 551 1503 599 ;

315 628 391 687 Et
419 639 549 687 sunt
574 623 773 685 notitia
801 622 974 684 multa
1003 623 1217 684 minora
1250 638 1339 684 tua
1363 625 1386 683 ?

236 723 450 805 thue,
482 723 632 783 Deos
658 720 956 805 caelumque
983 720 1147 782 simul
1177 719 1412 782 sublime
1442 720 1650 791 tuenti,

1938 734 2019 777 215

315 820 447 879 Non
475 832 628 879 vacat
655 817 869 897 exiguis
896 817 1062 879 rebus
1093 817 1283 878 adesse
1313 817 1347 876 J
1352 816 1471 888 ovi;

235 914 287 973 A
318 928 370 975 te
397 913 755 998 pendentem,
789 914 894 987 sic,
922 914 1053 975 dum
1082 913 1454 997 circumspicis
1484 912 1707 984 orbem,

315 1009 610 1090 Effugiant
641 1034 797 1073 curas
824 1011 1084 1072 inferiora
1114 1026 1251 1072 tuas,

234 1104 454 1167 Scilicet
481 1106 733 1190 imperii,
761 1107 1048 1192 princeps,
1079 1108 1312 1169 statione
1340 1105 1555 1177 relicta,

320 1205 637 1289 Imparibus
669 1204 877 1284 legeres
905 1205 1143 1267 carmina
1173 1205 1311 1266 sacta
1339 1202 1562 1264 modis?

1942 1229 2022 1257 220

234 1300 360 1362 Non
387 1326 449 1363 ea
478 1317 530 1364 te
558 1301 735 1364 moles
762 1302 1004 1363 Romani
1033 1302 1275 1363 nominis
1302 1317 1497 1381 urget,

314 1399 491 1482 Inque
523 1399 634 1459 tuis
663 1398 910 1460 humeris
941 1413 1051 1461 tam
1078 1397 1195 1459 leve
1222 1398 1398 1460 sertur
1424 1420 1596 1469 onus;

235 1494 479 1556 Lusibus
507 1509 571 1556 ut
596 1495 780 1579 possis
808 1495 1087 1558 advertere
1111 1520 1317 1557 numen
1350 1494 1552 1579 ineptis
1571 1540 1587 1566 ,

315 1591 688 1676 Excutiasque
719 1593 896 1654 oculis
929 1593 1042 1654 otia
1073 1608 1263 1655 nostra
1294 1592 1420 1654 tuis.

236 1690 397 1750 Nunc
426 1689 531 1750 tibi
559 1691 842 1752 Pannonia
875 1706 983 1766 est,
1013 1715 1161 1752 nunc
1189 1689 1370 1774 Illyris
1398 1711 1491 1750 ora
1524 1686 1822 1756 domanda;

1941 1704 2022 1745 225

318 1786 564 1848 Rhaetica
591 1810 739 1848 nunc
769 1788 1043 1871 praebent,
1072 1787 1418 1869 Thraciaque
1446 1809 1590 1846 arma
1609 1832 1624 1856 ‚
1658 1799 1864 1844 metum
1887 1809 1898 1843 ε

236 1887 399 1947 Nunc
424 1885 564 1969 petit
593 1885 891 1947 Armenius
921 1909 1110 1969 pacem
1136 1908 1148 1944 :
1178 1907 1326 1945 nunc
1351 1881 1591 1967 porrigit
1616 1905 1774 1941 arcus

238 2020 292 2067 de
308 2021 491 2067 Festum
503 2022 551 2067 in
570 2022 723 2066 Taxat.
735 2039 758 2061 «ι
776 2022 916 2081 Turpi
929 2022 1081 2067 crimi-

238 2103 294 2131 ne
313 2086 438 2132 lasus
455 2106 477 2126 u
498 2088 545 2131 in
567 2087 883 2132 Arondeliano.
915 2088 1083 2133 Hssms.

290 2168 384 2208 217.
398 2153 471 2195 Eae
482 2160 524 2196 te
526 2155 787 2208 pendentem.
803 2155 847 2197 A
866 2163 906 2197 te
918 2170 1007 2198 sex:
1021 2163 1084 2197 to-

237 2217 376 2262 tidem
394 2220 445 2262 In
466 2219 750 2263 temonnuni
773 2222 844 2264 De
872 2230 926 2264 tc.
947 2219 1082 2264 Forte

241 2285 353 2342 Ele,
368 2283 538 2330 Hnms.

293 2347 386 2392 218.
403 2347 622 2403 Inferiora.
636 2350 705 2394 Ut
717 2350 844 2394 fuere
860 2365 961 2392 mea
981 2365 1087 2393 car-

240 2410 364 2456 mina
381 2412 437 2456 de
457 2413 566 2458 Arte
590 2416 814 2458 amatoria.

293 2478 388 2522 223.
408 2479 634 2524 Advertere
653 2498 814 2524 numen.
835 2480 994 2523 Lumen
1017 2496 1091 2522 sex

242 2549 437 2595 veteres;
473 2543 548 2587 sed
566 2540 630 2587 nil
649 2561 836 2589 necesse.
860 2545 1028 2588 Seneca
1043 2543 1089 2586 in

241 2606 458 2666 Thyeste,
483 2610 554 2653 131
573 2625 653 2666 sq:
675 2627 697 2647 κ
726 2609 922 2666 Alpheus
952 2608 1091 2652 stadio

239 2680 373 2715 notus
392 2672 628 2732 Olympico
640 2674 853 2718 Advertat
871 2674 1090 2732 placidum

241 2752 423 2780 numen.
443 2755 464 2776 ιι
486 2738 547 2783 H.
568 2739 727 2794 Ineptis
743 2742 919 2783 lusibus.
933 2741 1090 2796 Inepto

240 2817 450 2846 carmine.

309 2869 403 2922 224.
453 2869 770 2925 Excutiasque5
809 2868 1094 2925 dissccutiasque

240 2930 383 2976 Servii
401 2932 525 2976 liber.

295 3000 389 3042 225.
403 3000 527 3043 Nunc
539 3001 620 3043 tibi
630 2999 856 3042 Pannonia
867 3006 942 3041 est.
958 2999 1091 3042 Natio

239 3063 393 3120 ingens
420 3063 535 3107 circa
564 3065 727 3108 Istrum
743 3081 754 3116 3
791 3063 836 3106 hi
866 3065 1036 3107 Poeones
1065 3080 1090 3106 a

239 3126 403 3172 Grecis
414 3160 426 3183 ,
440 3143 465 3171 a
483 3128 697 3172 Romanis
715 3128 1089 3184 Pannoniiappel-

240 3190 316 3236 lati
336 3190 464 3235 fuere
484 3201 558 3235 :et
582 3193 636 3236 ab
666 3192 747 3236 illis
773 3192 891 3236 inter
920 3192 1089 3252 Illyrios

239 3257 614 3310 numerabantur-3
637 3256 735 3300 vide
750 3257 945 3300 Florum.
964 3259 1090 3303 Nunc

239 3326 385 3383 Illyris·
392 3342 467 3369 ora
483 3328 709 3370 domanda.
725 3326 830 3371 Post
845 3326 981 3370 finem
994 3328 1089 3371 bel-

238 3389 384 3434 lorum
392 3391 598 3447 civilium,
610 3394 723 3450 Aug.
738 3396 806 3447 (ut
813 3392 929 3436 Flor.
939 3393 1086 3447 docet)

246 3455 413 3515 reliqua
432 3457 542 3503 bella
563 3459 689 3516 gessit
713 3458 943 3503 adversum
957 3468 1087 3504 exte-

1164 2038 1233 2065 ras
1247 2029 1399 2078 gentes
1415 2053 1427 2074 ,
1446 2035 1541 2076 quae
1554 2017 1751 2061 districto
1770 2017 1881 2059 circa
1902 2016 2016 2058 mala

1165 2103 1242 2131 sua
1261 2085 1445 2143 imperio
1461 2084 1640 2128 diversis
1661 2082 1778 2126 orbis
1800 2082 1889 2125 oris
1912 2083 2024 2124 emi-

1165 2155 1322 2199 cabant
1343 2170 1353 2197 t
1380 2169 1489 2196 nova
1512 2153 1670 2209 quippe
1693 2167 1798 2208 pax;
1831 2150 2023 2194 necdum

1166 2219 1355 2263 adsuetae
1389 2218 1525 2262 frenis
1559 2218 1777 2261 servitutis
1795 2249 1807 2270 ,
1845 2215 2025 2259 tumidae

1167 2285 1365 2343 gentium
1386 2283 1635 2339 inflataeque
1659 2281 1845 2325 cervices
1864 2282 1916 2324 ab
1932 2281 2019 2323 im-

1169 2350 1311 2408 posito
1331 2366 1474 2406 nuper
1492 2351 1597 2407 jugo
1623 2347 1884 2391 resiliebant.

1226 2415 1319 2457 226.
1338 2416 1534 2456 Rhaetica
1549 2429 1659 2455 nunc
1666 2415 1863 2468 prebent.
1877 2410 2021 2455 Rhaeti

1174 2479 1227 2522 ad
1243 2476 1413 2522 Italiam
1431 2493 1565 2534 usque
1582 2477 1824 2533 pertinent,
1848 2493 1943 2533 quae
1956 2492 2023 2522 su·

1173 2559 1252 2600 pra
1268 2543 1491 2587 Veronam
1510 2552 1553 2586 et
1569 2542 1763 2586 Comum
1781 2551 1857 2585 est.
1877 2544 2022 2585 Thra-

1171 2613 1319 2664 ct'aque
1342 2626 1473 2652 arma.
1506 2608 1699 2652 Thraces
1722 2623 1897 2665 quoque
1920 2625 2022 2651 cum

1170 2672 1337 2716 caeteris
1347 2672 1640 2717 desciverant:
1658 2673 1732 2730 qui
1744 2682 1788 2716 et
1798 2674 1928 2729 signis
1944 2673 2022 2715 mi·

1169 2736 1388 2793 litaribus,
1409 2747 1453 2782 et
1474 2737 1696 2796 disciplina
1710 2771 1722 2792 ‚
1741 2736 2015 2782 armisetiam

1172 2803 1387 2847 Romanis
1397 2803 1564 2848 adsueti
1574 2803 1766 2847 fuerant.
1791 2802 2027 2847 Pausanias

1171 2869 1302 2913 etiam
1313 2870 1475 2924 scribit,
1486 2870 1651 2913 nullam
1659 2869 1904 2923 nationem,
1919 2885 2025 2926 prae·

1171 2944 1240 2979 ter
1264 2936 1449 2979 Galliam
1461 2968 1473 2990 ,
1489 2935 1674 2980 Thracia
1690 2937 1905 2992 majorem
1919 2951 2023 2979 esse.

1173 3001 1284 3046 Hor.
1299 3001 1360 3055 Il,
1374 3000 1464 3046 Od.
1481 3003 1544 3056 16,
1561 3005 1668 3045 bello
1668 3002 1842 3057 furiosa
1852 3003 2025 3043 Thrace.

1227 3083 1277 3109 22
1285 3083 1320 3122 7.
1348 3069 1533 3111 Parthus
1558 3084 1668 3110 nunc
1683 3071 1859 3122 porrigit
1882 3081 2021 3108 arcus.

1167 3130 1391 3187 Augustus
1417 3132 1628 3186 (auctore
1652 3132 1863 3185 Justino)
1886 3130 2014 3173 finito

1172 3196 1373 3252 Hispano
1387 3196 1501 3239 bello
1516 3229 1529 3251 ,
1555 3196 1603 3240 in
1621 3195 1797 3256 Syriam
1817 3195 1871 3239 ad
1889 3211 2026 3239 com-

1171 3260 1430 3318 ponendum
1449 3260 1648 3305 Orientis
1675 3270 1838 3306 statum
1859 3276 2017 3317 perve-

1170 3326 1263 3379 nit;
1285 3335 1542 3383 metumque
1567 3326 1776 3370 Phrahati
1801 3326 2021 3385 injunxit,

1170 3411 1228 3438 ne
1255 3394 1420 3438 bellum
1454 3394 1643 3438 Parthiae
1677 3393 1807 3437 vellet
1843 3392 2019 3435 inferre.

1171 3461 1325 3516 Itaque
1338 3467 1427 3504 tota
1443 3458 1638 3515 Parthia,
1653 3458 1808 3516 captivi
1822 3474 1872 3500 ex
1889 3454 2024 3500 Cras-
