2280 3776
575 224 1026 317 'TRISTIUM
1065 262 1226 316 LIB.
1268 261 1344 316 v.
1386 261 1637 318 ELEG.
1681 263 1828 320 vn.

1991 289 2096 348 227

339 376 575 439 Detineo
607 377 801 439 studiis
828 379 1068 437 animum
1086 424 1101 448 ‚
1130 376 1371 461 falloque
1402 378 1652 453 dolores;

420 473 688 556 Experior
715 472 859 533 curis
890 486 943 532 et
971 471 1098 532 dare
1128 473 1292 532 verba
1322 474 1471 534 meis.
2050 500 2105 555 4⁰

341 568 492 649 Quid
526 569 710 652 potius
734 567 923 628 faciam
955 566 1088 628 solis
1114 567 1361 629 desertus
1384 569 1439 629 in
1470 571 1613 643 orie,

423 665 668 743 Quamve
699 661 852 723 malis
882 661 1039 724 aliam
1073 686 1309 745 quaerere
1340 688 1504 724 coner
1532 668 1734 747 opem?

342 757 466 817 Sive
500 756 678 816 locum
711 771 927 839 specto;
960 756 1116 819 locus
1145 772 1230 819 est
1254 758 1588 832 inamabilis,
1618 775 1672 821 et
1696 784 1807 844 quo

423 857 557 915 Esse
587 853 724 914 nihil
751 868 870 914 toto
903 854 1111 916 tristius
1138 856 1272 916 orbe
1302 870 1519 938 potest:

341 952 466 1013 Sive
493 951 776 1023 homines;
805 952 891 1011 vix
921 966 1049 1012 sunt
1076 952 1327 1013 homines
1350 952 1457 1012 hoc
1487 953 1708 1014 nomine
1735 952 1920 1033 digni,
2058 977 2114 1035 45

426 1051 719 1133 Quamque
750 1049 902 1132 lupi,
937 1073 1085 1110 saevae
1116 1048 1245 1132 plus
1272 1050 1503 1111 feritatis
1534 1049 1769 1110 habent:

341 1149 466 1207 Non
493 1161 746 1208 metuunt
773 1146 921 1224 leges
944 1171 956 1217 ;
989 1146 1085 1207 sed
1110 1146 1255 1206 cedit
1284 1144 1493 1207 viribus
1520 1171 1770 1229 aequum3

424 1243 696 1326 Victaque
726 1241 962 1325 pugnaci
991 1243 1109 1324 jura
1140 1243 1244 1303 sub
1272 1266 1399 1302 ense
1427 1243 1620 1324 jacent.

343 1336 616 1409 Pellibus,
646 1353 701 1399 et
727 1336 862 1397 laxis
892 1351 1077 1398 arcent
1105 1336 1243 1397 male
1274 1336 1479 1416 frigora
1509 1337 1750 1411 braccis3

427 1437 666 1525 Oraque!
685 1448 815 1495 sunt
843 1433 1026 1512 longis
1055 1434 1276 1494 horrida
1307 1449 1447 1495 tecta
1478 1435 1667 1496 comis.
2061 1457 2116 1499 5ο

344 1534 412 1593 In
440 1531 629 1615 paucis
657 1544 938 1590 remanent
972 1531 1149 1591 Graiae
1177 1530 1404 1610 vestigia
1435 1530 1663 1609 linguae:

427 1627 558 1686 Haec
589 1648 810 1707 quoque
835 1625 942 1706 jam
971 1625 1166 1685 Getico
1194 1625 1428 1686 barbara
1453 1625 1593 1686 facta
1620 1649 1777 1687 sono.

347 1723 508 1782 Unus
537 1721 596 1780 in
627 1721 731 1780 hoc
759 1720 976 1804 populo
999 1745 1158 1781 nemo
1187 1737 1298 1796 est,
1330 1722 1426 1804 qui
1452 1723 1595 1783 sorte
1623 1722 1788 1784 latine

400 1860 466 1919 39.
485 1860 685 1916 Falloque
705 1862 881 1902 labores.
901 1860 1083 1902 Dolores
1104 1858 1188 1915 ple·

345 1923 468 1983 rique
490 1925 704 1969 meliores.
720 1925 780 1968 H.

398 1992 466 2046 4¹·
495 1993 687 2034 Deserta&
706 1993 838 2034 solus.
865 1990 1043 2032 Deserto
1070 1991 1189 2031 solus

345 2060 390 2099 ae'n
407 2059 504 2100 orbe
515 2090 525 2107 ‚
553 2056 742 2113 Regius:
759 2059 906 2112 lapsus
923 2059 968 2099 in
982 2059 1089 2109 oan,
1112 2054 1140 2098 J
1146 2071 1190 2098 u·

345 2121 461 2165 nian.
483 2120 618 2165 codex
638 2120 778 2166 Servii
790 2153 803 2175 ‚
825 2123 931 2164 solis
949 2123 1135 2163 desertus
1145 2124 1190 2162 in

343 2191 450 2234 oris.
478 2196 528 2232 ut
547 2187 704 2244 passim
724 2191 825 2231 sole
841 2196 987 2241 terre;
1006 2188 1192 2230 desertus

346 2252 478 2298 etiam
498 2253 712 2297 Beruens.

399 2321 465 2374 45.
486 2319 581 2363 St'oe
600 2322 812 2372 homines-‚⁶
842 2322 918 2362 vix
934 2326 1033 2362 sunt
1048 2320 1192 2361 homi-

348 2398 422 2426 nes
436 2385 517 2427 boc
541 2382 706 2426 nomine
723 2387 853 2439 digni.
883 2385 977 2427 Sive
1006 2386 1194 2426 homines

278 2492 279 2495 Ἴ
347 2455 488 2503 specto
519 2447 742 2491 Leidensis
776 2456 820 2491 et
860 2447 1192 2490 Arondeiianus.

352 2513 492 2567 Puto,
522 2530 545 2551 «ι
565 2512 667 2556 Sive
700 2512 901 2555 homines
916 2544 928 2566 ,
959 2511 1193 2554 hominum

350 2580 418 2628 vix
435 2579 480 2622 hi
501 2587 603 2623 sunt
622 2580 802 2622 nomine
818 2579 951 2636 digni.
975 2597 996 2618 u
1022 2580 1081 2622 H.

406 2647 472 2700 47.
492 2647 590 2689 Non
617 2652 803 2687 metuunt
819 2647 942 2699 leges.
963 2646 1054 2689 Nec
1075 2660 1195 2688 non—

353 2709 477 2752 nulli.
499 2709 613 2766 Lege
628 2742 640 2763 ‚
668 2727 689 2747 α
712 2709 805 2752 Nec
829 2717 1037 2753 metuunt
1056 2708 1194 2765 leges,

352 2781 398 2817 et
408 2773 524 2817 cedit
538 2773 700 2816 viribus
711 2789 900 2829 aequum.
918 2791 938 2811 »
956 2773 1091 2830 Quod
1105 2789 1197 2816 ma-

352 2838 413 2895 gis
424 2838 646 2905 elegantiae
663 2838 868 2882 Ovidian.
879 2839 1123 2896 respondet.
1138 2840 1197 2884 H.

353 2925 409 2936 —-
426 2905 512 2946 Sed
523 2908 637 2948 cedit
646 2907 803 2947 w'n'bus
819 2921 988 2960 equum.
1014 2905 1199 2948 Nullum

354 2966 423 3022 ius
443 2969 572 3012 armis
587 2978 652 3012 est
669 2970 888 3026 potentius
905 2986 915 3021 3
946 2979 990 3012 et
1010 2970 1199 3026 quisquis

355 3031 517 3076 viribus
533 3043 702 3089 praestat
716 3066 728 3088 ‚
761 3035 796 3078 is
817 3035 1004 3090 aequiora
1027 3051 1201 3092 semper

358 3103 402 3138 et
421 3095 563 3140 facere
581 3107 625 3141 et
645 3098 786 3142 dicere
813 3100 1092 3145 existimatur.
1123 3103 1171 3145 Ρ.

413 3161 478 3216 49.
497 3162 696 3204 Pellibus.
718 3162 1007 3207 Rhenonihus
1026 3173 1070 3207 et
1089 3165 1203 3208 brae-

358 3221 418 3265 cis
442 3239 453 3265 :
481 3221 702 3268 Caeterum
723 3242 773 3268 ex
791 3226 886 3269 loco
908 3227 1076 3271 notabis
1097 3230 1202 3272 obi-

358 3294 442 3340 ter,
458 3302 549 3330 non
559 3287 699 3331 solum
712 3289 986 3346 subfigaculzz,
1000 3307 1103 3348 quas
1116 3294 1205 3337 ἄνα-

359 3357 515 3415 ξυρὲδας
538 3371 672 3411 graece
692 3365 876 3411 vocant,
898 3357 1068 3402 braccas
1087 3359 1169 3404 dici
1188 3392 1200 3414 ,

1269 1858 1344 1902 sed
1362 1866 1407 1903 et
1427 1858 1606 1903 laxiores
1625 1868 1779 1915 vestes,
1792 1860 2114 1922 longioresque:

1273 1920 1429 1965 talibus
1458 1923 1576 1965 enim
1604 1924 1762 1981 frigora
1790 1928 1924 1971 arceri
1952 1928 2118 1983 solent,

1272 2002 1361 2030 non
1387 1986 1462 2042 iis,
1488 2004 1594 2045 quas
1620 1989 1793 2046 proprie
1827 1992 1999 2037 braccas
2029 1994 2114 2038 dici

1271 2052 1438 2095 volunt.
1451 2075 1506 2085 —
1521 2055 1682 2097 Arcen!
1690 2059 1807 2099 mala
1814 2056 1983 2112 frigora
1995 2063 2121 2103 brac-

1271 2119 1347 2159 cis.
1372 2117 1436 2161 lta
1455 2125 1500 2160 et
1519 2118 1678 2174 scripti.
1704 2119 2027 2175 Reponendum
2053 2132 2119 2166 ta·

1274 2196 1378 2224 men
1392 2213 1404 2235 ,
1427 2190 1571 2225 arcent
1587 2187 1707 2227 male.
1731 2185 1789 2227 Η.
2115 2219 2119 2223 Α

1330 2247 1396 2288 51.
1424 2247 1579 2289 Graecae
1591 2253 1770 2303 wstt'gt'a
1789 2252 1950 2306 Ithgue.
1977 2254 2117 2297 Graia

1275 2312 1434 2353 rectius
1450 2312 1645 2367 quinque
1668 2322 1848 2357 veteres.
1876 2315 1937 2357 H.
2074 2319 2081 2323 '

1330 2377 1395 2418 53.
1433 2377 1552 2419 Unus
1580 2381 1627 2419 in
1651 2379 1731 2421 hoc
1752 2395 1836 2421 non
1864 2389 1932 2422 es!
1949 2385 2117 2437 populo.

1273 2439 1428 2484 Malim
1449 2443 1593 2493 Ullus,
1610 2459 1711 2486 cum
1724 2459 1815 2488 uno
1830 2446 2121 2493 Bononiensi:

1274 2514 1368 2549 tum
1393 2511 1468 2550 vix
1494 2516 1560 2551 est
1582 2525 1684 2552 cum
1707 2511 1876 2566 optimo
1912 2512 2120 2558 Mediceo

1275 2582 1319 2616 et
1333 2574 1459 2630 prim.
1469 2575 1599 2619 Polit.
1613 2585 1657 2619 et
1668 2580 1868 2634 sequenti
1885 2596 2029 2635 versu,
2042 2599 2123 2639 pro

1281 2642 1507 2694 Quolibet,
1547 2645 1815 2696 Quamlibet:
1846 2662 1950 2689 nam
1983 2648 2123 2692 Patat.

1280 2709 1485 2759 Quolibet.
1500 2707 1561 2751 H.
1578 2730 1634 2740 —
1648 2709 1854 2763 Quisorte
1869 2715 2013 2754 late‘ne.
2026 2712 2123 2767 Qui

1276 2773 1409 2829 possit
1428 2790 1519 2818 esse
1538 2775 1753 2833 interpres
1774 2778 1891 2821 inter
1913 2779 2121 2823 Latinum

1278 2845 1323 2880 et
1363 2837 1666 2883 Tomitanum.
1692 2841 1823 2883 Mun.
1852 2865 1907 2874 -
1930 2844 2048 2886 Unus
2076 2848 2122 2887 in

1277 2903 1358 2946 hoc
1369 2907 1526 2959 populo
1544 2922 1663 2950 nemo
1689 2914 1778 2959 est,
1811 2908 1956 2963 scripti
1979 2908 2119 2964 pluri-

1279 2968 1339 3010 mi
1359 2977 1405 3012 et
1436 2970 1542 3013 editi
1561 2971 1766 3027 quidam,
1795 2973 1913 3028 quod
1945 2989 2035 3016 non
2060 2982 2122 3017 te·-

1280 3052 1402 3079 mere
1427 3046 1610 3080 mutem.
1640 3041 1771 3082 Nemo
1807 3055 1915 3082 unus
1948 3039 2125 3096 elegan-

1281 3108 1349 3156 ter
1379 3099 1537 3143 dicitur
1558 3118 1569 3144 ι
1590 3101 1737 3145 Livius
1761 3103 1856 3157 111,
1888 3121 1960 3158 12,
1989 3123 2011 3141 «‹
2034 3121 2118 3149 ne-

1283 3164 1451 3207 minem
1467 3181 1606 3208 unum
1622 3183 1729 3221 esse,
1745 3168 1868 3223 cujus
1882 3169 2016 3226 magis
2028 3185 2125 3226 ope-

1283 3245 1329 3271 ra
1344 3238 1468 3285 putet
1482 3231 1795 3287 rempublicam
1817 3233 2087 3288 restitutam,·
2104 3253 2128 3272 »

1283 3303 1327 3337 et
1338 3296 1417 3350 IX,
1435 3297 1497 3350 ιδ,
1515 3315 1537 3335 «
1553 3298 1699 3342 Nemo
1711 3315 1824 3343 unus
1837 3301 1906 3343 vir
1917 3310 2024 3355 erat,
2039 3317 2128 3358 quo

1284 3362 1418 3417 magis
1429 3361 1575 3405 innixa
1589 3379 1656 3407 res
1669 3365 1870 3408 Romana
1885 3375 2033 3420 staret;
2049 3385 2072 3407 υ
2085 3374 2131 3410 et
