2280 3776
317 296 424 364 402

780 296 842 347 P.
886 294 1179 349 OVIDII
1221 294 1602 351 NASONIS

314 414 387 471 Et
418 434 537 494 quae
566 424 825 493 praeterea
848 409 1023 468 virtus
1049 408 1250 469 invicta
1283 424 1508 471 tuorum

391 507 543 590 Saepe
574 519 760 589 parata
791 505 925 577 tibi,
954 529 1095 589 saepe
1121 506 1366 589 paranda
1391 507 1539 567 facit.

310 607 414 675 Di,
449 628 682 686 quorum
710 602 924 663 monitu
954 628 1144 665 sumus
1175 618 1429 665 eventura
1456 603 1661 677 locuti,

390 698 602 770 Verba,
630 721 824 780 precor
843 744 857 770 ‚
892 696 1052 759 celeri
1082 713 1272 760 nostra
1303 700 1539 783 probate
1568 699 1690 759 fide.

312 843 461 886 omnia
486 842 584 897 jure
613 841 711 884 belli
744 841 977 884 amiserant
1000 855 1009 882 :
1030 849 1074 884 et
1105 857 1158 885 eo

309 918 433 965 pacto
452 907 726 964 pretiosiores
751 916 877 950 erant
898 917 1036 951 vestes
1058 907 1157 964 ipsis

305 974 490 1031 regibus.

361 1057 377 1082 1
391 1058 404 1082 1
418 1057 451 1082 1.
474 1041 615 1082 Virtus
627 1046 797 1081 tuorum.
802 1037 955 1081 Virtus
969 1037 1156 1095 Augusti

302 1115 345 1148 et
371 1105 620 1148 liberorum.

361 1190 376 1213 1
389 1188 448 1215 12.
464 1172 575 1225 Soepe
588 1177 746 1225 parata
764 1173 852 1212 tibi.
876 1169 996 1226 Quia
1017 1185 1154 1226 saepe-

301 1251 489 1279 numero
504 1235 661 1292 parasti
682 1234 766 1278 tuis
782 1234 1062 1290 triumphalia
1081 1250 1153 1275 or-

1240 858 1401 885 namen
1408 844 1632 898 ta.—Sa·p'e
1638 846 1844 898 paranda.
1858 843 2085 899 Quoniam

1240 908 1342 950 alios
1356 908 1485 950 etiam
1503 908 1745 965 triumphos
1755 911 2084 965 comparabunt,

1239 981 1283 1016 et
1307 981 1351 1016 tu
1365 989 1537 1030 quoque
1559 973 1836 1030 triumphalia
1852 991 2086 1018 ornamen-

1237 1045 1279 1079 ta
1299 1037 1482 1093 parabis.

1294 1120 1310 1145 1
1324 1104 1383 1146 13.
1427 1105 1610 1158 Quorum
1635 1106 1806 1145 mom'tu.
1836 1102 2084 1159 Apollinem

1234 1167 1474 1224 significat,
1511 1168 1634 1224 cujus
1659 1167 1830 1213 monitu
1863 1176 1907 1210 et
1933 1169 2083 1212 furore

1234 1243 1372 1289 poetae
1393 1232 1696 1277 vaticinantur.

869 1517 1388 1587 EPISTOLA
1433 1519 1514 1587 V.

1070 1658 1311 1674 mm

811 1791 1203 1916 M'AX‘IM'Q
1238 1816 1608 1884 co‘rTAE.·

797 2149 803 2156 ⁴
879 2110 1489 2216 ΑΒΕΠΜΕΝΤΠΜ.
1582 2147 1587 2152 ·

287 2271 558 2315 Submissam
581 2269 660 2312 sibi
694 2285 717 2310 a
749 2267 881 2312 Cotta
902 2254 1192 2330 orationem,
1226 2269 1271 2311 i·n
1300 2268 1467 2326 judicio
1499 2271 1821 2339 cemtumvirali
1851 2272 2071 2327 habitam,

343 2340 630 2397 gratissimam
656 2338 789 2383 fuisse
818 2333 1059 2405 praedic-affl,
1074 2347 1210 2394 utque
1232 2355 1343 2395 saepe
1361 2339 1492 2383 studii
1510 2332 1583 2384 sui
1597 2341 1779 2398 pignora
1800 2342 1921 2385 sibi
1909 2359 2077 2399 imper-

345 2412 422 2455 tiat
439 2445 451 2466 ,
482 2419 697 2468 precatur.
725 2409 886 2452 Monet
907 2407 1064 2463 simul,
1081 2417 1155 2452 ut
1183 2409 1370 2452 absentis
1395 2406 1520 2453 amici
1542 2408 1713 2482 sedulo
1712 2410 1995 2490 meminerit;
2030 2430 2074 2456 se

344 2480 527 2525 saltem'
516 2481 647 2536 ipsius
669 2494 770 2523 cum
786 2472 1018 2536 voluptate
1027 2478 1265 2535 recordari.

292 2614 512 2718 QUAM
542 2633 713 2712 legiS‚
743 2631 890 2692 unde
921 2631 1026 2692 tibi
1054 2602 1307 2693 mittatur
1334 2633 1632 2715 epistola,
1641 2619 1882 2717 quaerisi’

366 2732 547 2804 Hine,
580 2730 682 2804 ubi
714 2728 954 2789 caeruleis
966 2729 1234 2810 jungitur
1263 2731 1406 2791 Ister
1433 2732 1637 2814 aquis
1798 2811 1799 2814 Ἴ

283 2831 362 2888 Ut
388 2827 538 2906 regio
567 2819 725 2886 dicta
742 2840 849 2897 est,
882 2847 1194 2887 succurrere
1229 2826 1414 2887 dehet
1423 2842 1500 2888 et.
1502 2842 1734 2899 aneton,
1844 2862 1888 2890 ει,

365 2927 564 2984 Laesus
583 2923 698 2983 ab
682 2922 905 3002 mgenio
935 2925 1084 2983 Naso
1115 2936 1278 3005 poeta
1309 2943 1446 2994 suo;
1489 2958 1493 2964 ·

287 3023 404 3101 Qui
435 3021 571 3096 tibi,
606 3046 772 3104 quam
797 3020 984 3081 mallet
1011 3044 1254 3104 praesens
1281 3012 1490 3080 adferre
1516 2986 1747 3112 salutem
1765 3069 1787 3092 ‚
2043 3041 2066 3079 ε»

338 3180 375 3206 3.
420 3165 577 3218 Aquts.
593 3168 794 3207 coerulesss·
833 3163 971 3219 Aquis
1000 3162 1134 3205 maris

284 3227 490 3280 Pontici,
526 3228 679 3282 quibus
708 3227 937 3285 regionem
967 3225 1132 3271 Ponti-

284 3309 382 3335 cam
399 3260 608 3348 designat.

365 3357 650 3399 ..Succurrere
671 3356 750 3399 Sic
761 3366 910 3400 noster
939 3357 991 3400 A.
1018 3357 1130 3401 Suc-

279 3425 421 3465 cedere
438 3436 580 3475 unus,
613 3429 658 3463 et
675 3421 845 3463 Bersm.
862 3437 1026 3476 margo

1272 3165 1310 3205 5.
1332 3161 1531 3216 Adferre.
1570 3163 1745 3223 Bostra:
1769 3164 1933 3219 Regius
1954 3180 1963 3206 :
1986 3180 2066 3207 ne-

1213 3226 1300 3269 scio
1331 3243 1385 3269 an
1412 3228 1602 3280 rentium
1633 3228 1920 3279 adfiertefnim
1940 3229 2065 3279 ,salu-

1214 3301 1305 3336 tem
1323 3293 1517 3336 medicus
1534 3327 1547 3349 ,
1572 3294 1710 3350 etqui
1730 3293 1963 3350 opemsfert
1981 3309 1991 3335 ε
2007 3308 2062 3334 ne

1212 3357 1358 3418 itaque
1379 3359 1583 3415 ambigua,
1606 3354 1876 3412 sitlocutio,
1907 3358 2064 3411 deserte

1212 3423 1457 3477 probarem.
1482 3423 1645 3472 BURM.
1665 3424 1765 3473 Non
1789 3438 1886 3478 ego.
