2280 3776
235 261 344 317 226

698 265 762 318 P.
804 263 1098 321 ov1D11
1137 267 1524 357 NASONIS

308 377 474 438 Absit
505 377 574 438 ab
605 377 798 438 invisis
828 394 884 439 et
906 394 1084 442 tamen
1115 385 1311 446 umbra
1338 385 1509 447 locis!

230 476 478 539 Carmina
507 475 656 557 quod
683 475 849 557 pleno
879 477 1063 538 saltari
1091 497 1279 542 nostra
1309 483 1550 556 theatro,
1937 506 1991 548 25

305 569 571 631 Versibus
601 585 656 631 et
683 569 873 653 plaudi
902 574 1096 635 scribis
1115 622 1130 648 ,
1163 578 1360 649 amice,
1391 579 1557 639 meis:

220 667 315 730 Nil
342 666 591 749 equidem
621 666 754 737 feci,
786 682 846 727 tu
874 669 980 729 scis
1007 670 1112 730 hoc
1140 672 1258 755 ipse
1275 719 1290 744 ‚
1325 674 1585 746 theatris3

299 766 463 824 Musa
491 786 591 822 nec
617 764 675 822 in
702 762 926 847 plausus
959 766 1251 829 ambitiosa
1277 794 1395 831 mea
1425 788 1521 833 est.

219 862 331 921 Nec
364 875 540 919 tamen
571 859 841 937 ingratum
873 876 983 934 est,
1021 866 1389 949 quodcunque
1421 868 1622 928 oblivia
1648 873 1827 932 nostri

300 955 569 1038 Impedit,
602 971 654 1017 et
680 958 904 1039 profugi
932 983 1134 1020 nomen
1157 961 1214 1021 in
1245 986 1341 1023 ora
1369 963 1551 1024 refert.
1934 988 1988 1029 30

219 1052 481 1134 Quamvis
509 1052 783 1114 interdum
805 1101 820 1127 ,
855 1080 974 1138 quae
1002 1082 1088 1119 me
1115 1058 1316 1119 laesisse
1343 1061 1625 1134 recordor,

298 1150 546 1211 Carmina
581 1151 843 1225 devoveo,
876 1139 1229 1238 Pieridasque
1256 1157 1442 1218 meas:

217 1246 402 1326 Quum
431 1245 570 1306 bene
600 1245 820 1320 devovi,
848 1272 1066 1332 nequeo
1098 1265 1276 1310 tamen
1307 1275 1423 1312 esse
1453 1252 1568 1314 sine
1597 1251 1726 1325 illis,

293 1343 736 1427 Vulneribusque
761 1344 896 1406 meis
926 1346 1030 1406 tela
1062 1363 1285 1408 cruenta
1316 1372 1537 1431 sequor.

214 1443 458 1525 Quaeque
480 1442 644 1502 modo
677 1443 944 1503 Euboicis
975 1444 1206 1508 lacerata
1233 1462 1314 1506 est
1338 1447 1624 1519 fluctibus,
1655 1449 1818 1508 audet
1928 1467 1982 1509 35

295 1537 454 1597 Graia
487 1537 820 1620 Caphaream
854 1562 1069 1599 currere
1098 1540 1304 1623 puppis
1335 1565 1550 1624 aquam.

208 1635 319 1694 Nec
349 1648 529 1694 tamen
558 1648 622 1694 ut
650 1633 839 1694 lauder
865 1634 1059 1713 vigilo,
1097 1660 1391 1720 curamque
1421 1638 1595 1699 futuri

286 1731 572 1805 Nominis,
601 1730 793 1792 utilius
819 1733 970 1815 quod
999 1732 1275 1806 latuisset,
1304 1757 1423 1812 ago.

205 1893 331 1932 re‘arzzs·
348 1904 450 1931 cum
463 1887 718 1932 Richeliano
731 1921 743 1943 ,
762 1905 972 1933 conversa
998 1891 1052 1933 ad

206 1969 250 1995 se
272 1953 467 1996 oratione
485 1986 497 2006 ‚
523 1961 572 1994 ut
603 1962 748 1995 metro
775 1953 1050 2007 consulatur;

207 2017 291 2060 nisi
320 2018 443 2060 malis
470 2022 602 2066 what,
638 2034 719 2060 non
744 2025 787 2060 et
816 2022 1047 2071 moriatur5
1091 2057 1093 2061 ⁴

207 2097 287 2136 pro
301 2087 415 2124 vivat
427 2081 472 2123 in
488 2083 615 2138 prim.
630 2082 772 2125 Vatic.
801 2085 966 2126 Vidues.
989 2085 1048 2127 H.
1077 2134 1082 2140 ,

206 2145 296 2187 Pro
314 2154 378 2195 et,
416 2149 494 2188 sed
507 2162 607 2188 cum
631 2145 848 2189 Oberlino
873 2147 1048 2203 recepi-

205 2225 331 2259 mus;
355 2210 468 2265 quod
496 2219 541 2253 et
569 2211 798 2253 sententiae
826 2219 872 2254 et
903 2221 1047 2259 metro

201 2274 420 2318 convenit.

258 2343 323 2382 25.
344 2341 475 2382 Pleno
506 2341 681 2383 theatro.
708 2340 875 2397 Magna
900 2340 1046 2383 homi-

202 2419 312 2447 num
351 2405 600 2461 frequentia
622 2440 634 2461 ,
681 2408 754 2463 qui
802 2407 1046 2450 recitationi

202 2486 405 2513 meorum
444 2472 692 2515 carminum
739 2473 962 2516 intersunt
1000 2473 1046 2517 in

201 2535 385 2580 theatro.

255 2619 322 2659 29.
345 2603 436 2645 Non
459 2608 598 2645 tamen
616 2607 834 2658 ingratum.
858 2604 1046 2647 Homini

197 2665 390 2722 ingenuo
410 2666 633 2723 displicere
655 2684 748 2710 non
778 2668 1045 2722 debet,'me-

200 2732 387 2775 moriam
406 2733 470 2775 sui
486 2734 631 2789 vigere
654 2733 768 2789 apud
791 2734 904 2776 alios.

250 2797 316 2838 32.
338 2799 600 2853 Pieridesque
625 2813 753 2841 meas.
774 2800 1043 2857 Pieridasque

200 2875 298 2903 cum
319 2860 496 2917 scriptis.
522 2862 580 2905 H.

248 2925 314 2978 34.
344 2927 390 2968 V
382 2928 666 2982 ulnenbusque
680 2932 794 2970 mezlr.
819 2927 914 2986 Ego
927 2962 938 2983 ,
959 2945 1039 2973 ac·-

195 2991 334 3045 ceptis
365 2992 641 3046 vulneribus,
666 2994 949 3038 nihilominus
972 3006 1040 3039 te*

192 3053 242 3096 lis
259 3055 468 3111 sanguine
482 3072 583 3099 meo
595 3067 693 3100 ante
715 3061 951 3103 cruentatis
965 3076 1035 3102 me

193 3117 350 3171 objicio
371 3128 415 3162 et
432 3120 576 3164 offero
592 3155 604 3176 ,
627 3124 732 3166 dum
755 3140 903 3168 versus
920 3126 1035 3168 scri-

191 3181 295 3225 bere
314 3198 405 3226 non
425 3184 594 3230 desisto.
616 3189 666 3232 P.

243 3247 310 3289 35.
324 3250 539 3292 Fluctibus
552 3254 765 3297 Euboicis.
782 3253 927 3297 Undis
944 3268 1034 3296 ma-

187 3310 244 3416 rilq
264 3310 426 3384 AEgaei,
449 3315 567 3370 qugd
589 3317 826 3361 Euboicam
849 3318 1033 3366 insulam

190 3390 210 3416 τι
247 3384 320 3417 uit.

1189 1892 1257 1934 35.
1297 1893 1435 1935 Graia
1463 1893 1682 1946 Capharea
1701 1907 1859 1941 currere
1869 1908 1981 1946 pup-

1125 1960 1199 2011 pis
1225 1973 1348 2012 aqua.
1373 1958 1643 2010 Caphaream
1669 1972 1819 2012 aquam
1850 1956 1978 2015 prim.

1138 2021 1276 2064 Vatic.
1316 2020 1494 2063 Combii
1515 2053 1528 2074 ,
1568 2021 1892 2077 Rottendorph.
1933 2033 1978 2066 et

1132 2085 1258 2128 multi
1280 2085 1348 2128 alii
1381 2102 1431 2127 ex
1453 2086 1662 2140 antiquis,
1688 2094 1737 2128 ut
1758 2096 1801 2129 et
1832 2086 1978 2142 priscae

1131 2148 1355 2192 editiones.
1374 2149 1511 2192 Bene.
1529 2150 1658 2192 Pont.
1674 2147 1744 2192 lib.
1760 2151 1797 2204 Ι,
1818 2149 1885 2192 ΕΙ.
1902 2163 1976 2203 111,

1130 2230 1239 2257 vers.
1263 2215 1341 2270 76,
1378 2229 1430 2256 ex
1448 2214 1584 2256 veteri
1605 2213 1752 2257 codice
1774 2230 1783 2256 ε
1812 2232 1834 2251 «
1870 2214 1977 2270 Quo

1130 2278 1238 2322 duce
1271 2280 1385 2320 trabs
1425 2276 1610 2320 Colchas
1637 2293 1755 2320 sacra
1784 2279 1978 2321 cucurrit

1129 2358 1281 2397 aquas;
1301 2361 1322 2379 »
1337 2351 1380 2385 et
1396 2342 1598 2395 Pont.11,
1617 2341 1683 2383 ΕΙ.
1697 2355 1761 2394 vl,
1783 2359 1798 2384 1
1811 2360 1826 2384 1
1843 2359 1907 2398 sq,
1925 2359 1976 2385 ex

1129 2408 1420 2450 membranis:
1440 2425 1460 2444 «
1479 2408 1608 2451 Nunc
1622 2407 1729 2450 mihi
1745 2408 1976 2465 naufragio

1132 2470 1235 2526 quid
1270 2471 1446 2527 prodest
1464 2471 1628 2515 discere
1651 2471 1790 2527 facto,
1823 2472 1974 2528 Quam

1130 2551 1227 2577 mea
1242 2535 1442 2579 debuerit
1455 2552 1631 2580 currere
1641 2538 1797 2596 cymba
1811 2535 1974 2579 viam?»

1128 2601 1345 2643 Praeterea
1365 2617 1479 2643 unus
1498 2601 1812 2654 Bononiensis,
1833 2608 1974 2643 nostra

1117 2671 1274 2722 puppis
1286 2683 1364 2723 pro
1382 2669 1530 2710 Graia:
1542 2668 1762 2724 quomodo
1772 2677 1816 2711 et
1829 2668 1971 2710 Aron·

1126 2731 1284 2774 delian.
1304 2732 1363 2775 H.
1389 2734 1647 2787 Caphaream
1660 2748 1823 2787 aquam.
1841 2732 1967 2787 Aqua

1126 2795 1325 2852 ejusdem
1349 2797 1479 2838 maris
1499 2796 1650 2851 AEgaei.
1677 2795 1814 2850 Quasi
1833 2795 1967 2838 dicat:

1128 2860 1276 2904 Audet
1313 2860 1475 2902 iterum
1513 2859 1715 2915 navigare
1748 2875 1826 2915 per
1863 2858 1969 2902 illud

1123 2942 1243 2968 mare
1259 2959 1271 2979 ,
1293 2926 1338 2968 in
1355 2941 1441 2981 quo
1460 2926 1593 2968 semel
1609 2925 1887 2982 naufragium
1908 2925 1969 2968 fe-

1119 2995 1187 3035 cit.
1223 2992 1301 3035 Est
1323 3007 1426 3033 vero
1463 2994 1702 3046 Cuphareus
1723 3007 1849 3035 mons
1881 2991 1968 3034 Eu-

1123 3056 1256 3100 boicae
1278 3057 1429 3099 insutae
1449 3089 1460 3110 ,
1498 3057 1836 3113 Hellespontum
1867 3074 1968 3101 ver-

1117 3140 1200 3166 sus.
1232 3123 1415 3166 Adiudit
1440 3132 1585 3166 autem
1617 3133 1744 3180 poeta
1772 3123 1824 3166 ad
1848 3140 1965 3166 nau-

1115 3187 1304 3243 fragium
1327 3187 1433 3230 illud
1451 3220 1462 3241 ,
1489 3188 1604 3243 quod
1629 3188 1770 3231 Graeci
1786 3220 1797 3240 ‚
1828 3186 1960 3240 Troia

1116 3252 1352 3295 redeuntes
1369 3284 1381 3306 ,
1400 3254 1511 3295 circa
1539 3252 1817 3309 Caphareum
1839 3251 1956 3294 fece-

1114 3325 1242 3370 runt,
1260 3317 1495 3360 insultante
1511 3317 1591 3360 illis
1606 3317 1808 3374 Nauplio,
1824 3332 1956 3374 prop-

1114 3389 1182 3422 ter
1200 3382 1364 3425 caedem
1385 3382 1641 3425 Palamedis.
1665 3383 1793 3424 Mna.
