2280 3776
275 270 373 304 112

718 253 783 305 P.
839 250 1144 307 OVIDII
1197 252 1577 310 NASONIS

265 366 395 425 Haec
424 388 525 442 ego
555 366 633 437 si,
662 365 903 426 monitor
921 413 935 436 ‚
965 367 1213 428 monitus
1239 369 1392 451 prius
1423 369 1542 452 ipse
1568 369 1826 443 fuissem.

342 464 409 522 In
440 486 547 544 qua
578 463 866 521 debueram
890 461 1120 523 forsitan
1148 465 1283 526 urbe
1312 466 1500 526 forem.

264 558 412 618 Dum
443 573 619 618 tecum
647 558 755 619 vixi
781 605 795 629 ‚
827 558 959 619 dum
981 583 1067 620 me
1098 559 1230 621 levis
1257 558 1386 622 aura
1411 562 1620 623 ferebat
1639 610 1655 635 ‚
1979 579 2026 622 15

344 656 475 714 Haec
504 679 620 715 mea
647 679 745 738 per
772 655 1012 738 placidas
1043 658 1234 740 cymba
1258 658 1496 718 cucurrit
1521 683 1704 742 aquas,

263 753 379 832 Qui
407 752 550 813 cadit
575 753 634 812 in
662 752 827 836 plano
845 801 860 826 ‚
890 754 979 814 vix
1006 755 1113 814 hoc
1144 768 1325 816 tamen
1355 756 1531 816 evenit
1559 757 1771 840 ipsum,

340 849 430 909 Sic
459 850 630 922 cadit,
659 865 733 910 ut'
751 865 891 910 tacta
921 874 1141 928 surgere
1170 852 1352 934 possit
1375 852 1548 912 humo
1573 878 1589 915 ε

262 943 340 1002 At
366 943 532 1003 miser
561 942 833 1027 Elpenor,
866 959 1011 1005 tecto
1038 944 1294 1028 delapsus
1320 946 1390 1005 ab
1419 947 1558 1020 alto,
1686 1025 1688 1027 ι

347 1041 618 1101 Obcurrit
645 1041 762 1120 regi
791 1041 987 1102 debilis
1016 1042 1212 1102 umbra
1241 1067 1360 1103 suo,
1980 1070 2033 1098 20

263 1135 418 1216 Quid
443 1135 548 1195 fuit
567 1183 581 1208 ‚
612 1151 675 1196 ut
706 1151 851 1196 tutas
879 1137 1097 1215 agitarit
1125 1136 1383 1199 Daedalus
1409 1136 1554 1208 alas;

343 1233 530 1291 Icarus
557 1230 847 1292 immensas
872 1232 1090 1294 nomine
1122 1232 1302 1310 signet
1332 1255 1501 1315 aquas
1523 1233 1548 1292 ?

263 1329 473 1411 Nempe
504 1328 654 1412 quod
684 1329 774 1388 hic
802 1328 935 1401 alte,
969 1328 1258 1390 demissius
1283 1327 1374 1390 ille
1403 1328 1654 1390 volabat:

342 1426 484 1483 Nam
511 1447 718 1505 pennas
748 1423 911 1483 ambo
941 1447 1053 1483 non
1078 1424 1322 1484 habuere
1350 1425 1520 1484 suas?

268 1521 439 1581 Crede
467 1521 633 1593 mihi3
665 1521 805 1581 bene
834 1522 929 1603 qui
957 1521 1152 1594 latuit,
1181 1522 1324 1582 bene
1349 1523 1486 1582 vixit
1509 1546 1521 1581 ε
1547 1536 1602 1582 et
1629 1518 1771 1580 infra
1978 1535 2031 1576 25

340 1618 640 1676 Fortunam
669 1615 835 1675 debet
861 1617 1094 1698 quisque
1121 1640 1337 1677 manere
1367 1642 1535 1677 suam.

261 1714 389 1774 Non
414 1713 558 1774 foret
584 1711 858 1773 Eumedes
890 1712 1090 1787 orbus,
1118 1713 1166 1775 si
1190 1713 1338 1774 filius
1367 1715 1481 1796 ejus

320 1875 383 1928 14.
404 1875 456 1916 In
469 1889 553 1929 qua
565 1875 773 1916 debebam.
793 1874 1025 1916 Debueram
1045 1889 1109 1916 re·

264 1937 374 1981 etius
392 1947 479 1980 tres
503 1946 684 1980 veteres.
703 1938 765 1980 H.

323 2003 386 2044 15.
399 2003 513 2044 Dum
533 2008 664 2044 tecum
683 2004 785 2044 vixi.
800 2001 948 2045 Scribe
964 2033 975 2055 ,
995 2003 1109 2044 Dum

263 2082 419 2110 mecum
431 2069 546 2108 vixi:
565 2065 624 2108 sic
636 2082 764 2123 supra
787 2069 888 2111 Vive
902 2069 992 2109 tibi.
1008 2067 1108 2110 Pari

263 2132 399 2176 modo
415 2148 552 2174 secum
577 2135 767 2175 habitare
786 2141 830 2175 et
853 2132 1006 2176 similia
1024 2149 1108 2176 oc-

263 2205 448 2242 currunt
467 2196 581 2253 apud
601 2197 812 2253 antiquos.
832 2198 892 2240 H.

310 2280 372 2322 ¹9·
387 2263 453 2306 At
460 2265 780 2318 miset-Elpenor.
790 2263 984 2321 Elpenor
993 2265 1107 2322 apud

266 2330 426 2374 Circen
446 2330 589 2372 ebrius
603 2362 615 2382 ‚
637 2329 745 2372 dum
764 2331 980 2374 sociorum
996 2340 1108 2375 stre-

262 2396 375 2452 pitus
392 2395 646 2438 abeuntium
660 2395 803 2450 audit,
823 2404 866 2439 et
881 2396 996 2439 abire
1012 2413 1108 2453 pro-

262 2471 409 2520 perat,
431 2479 596 2519 pronus
616 2479 638 2505 e
657 2462 796 2518 longis
810 2462 948 2519 lapsus
961 2463 1079 2507 scalis
1094 2495 1105 2517 ‚

262 2529 422 2573 collum
452 2529 613 2585 fregit;
645 2530 831 2573 Homer.
851 2529 1009 2589 Odyss.
1040 2538 1106 2575 A:

263 2611 286 2631 «
306 2595 419 2648 Hic,
449 2594 610 2637 nimius
634 2594 857 2649 quondam
879 2594 969 2638 vini
983 2627 994 2648 ‚
1016 2596 1106 2650 jam

261 2658 414 2715 pocula
435 2658 633 2700 damnat:
650 2658 828 2714 Quique
848 2659 903 2702 sit
918 2658 1108 2701 ostendit

262 2724 502 2767 sobrietatis
532 2724 684 2767 honos.
714 2742 735 2761 »
773 2724 832 2766 Et
861 2723 1016 2782 Odyss.
1044 2733 1105 2769 K:

263 2807 286 2835 «ς
309 2789 475 2842 Mentis
505 2790 629 2845 inops
646 2822 659 2844 ‚
695 2789 917 2845 victusque
953 2805 1077 2832 mero
1093 2823 1105 2844 ‚

262 2871 354 2898 non
385 2854 499 2898 utilis
522 2855 652 2897 armis
669 2888 680 2907 ‚
704 2854 898 2910 Elpenor
918 2855 1108 2910 pretium

267 2922 390 2964 triste
414 2921 600 2964 bibentis
620 2921 762 2964 habet.
783 2939 804 2959 »

307 3002 373 3030 20.
385 2989 556 3030 Flebilis·
566 2990 721 3029 umbra.
733 2985 1107 3046 Debilismeliores

264 3068 424 3109 magno
440 3068 643 3103 numero;
661 3050 775 3108 quod
792 3060 835 3095 et
851 3052 903 3095 ad
919 3052 1107 3095 Statium

265 3116 553 3171 deprehendit
569 3116 836 3159 acutissimus
847 3116 1107 3159 Gronovius.

265 3179 488 3223 Alluditur
505 3180 557 3223 ad
574 3181 740 3237 lapsum
756 3181 997 3237 Elpenoris.
1019 3180 1080 3222 H.

320 3261 385 3286 22.
406 3247 552 3287 Icarus
564 3252 787 3289 immensas
801 3252 964 3289 nomine
976 3249 1112 3300 signet

264 3326 398 3366 aquas
413 3311 437 3353 ?
462 3310 660 3354 Diximus
688 3312 740 3354 de
762 3312 845 3354 hoc
863 3312 957 3355 loeo
979 3326 1108 3366 supra

265 3373 335 3419 lib.
358 3374 404 3430 I,
428 3373 493 3418 El.
509 3388 550 3430 1,
570 3392 628 3419 vs.
649 3391 716 3432 90.
736 3376 962 3433 Superiori
980 3391 1104 3421 versu

1190 1873 1284 1931 lege
1303 1878 1481 1930 agitarit
1494 1890 1575 1931 pro
1592 1879 1794 1930 agitaret,
1822 1881 1871 1916 ut
1888 1880 1941 1933 τῷ
1959 1876 2030 1916 si·-

1187 1947 1288 1997 gne!
1301 1939 1454 1982 melius
1473 1939 1517 1982 id
1532 1939 1804 1995 respondeat.
1825 1940 1884 1981 H.

1245 2008 1311 2061 24.
1336 2008 1432 2049 Non
1450 2007 1637 2048 habuere.
1658 2005 1774 2048 Puto
1794 2020 1929 2046 nonne
1951 2007 2031 2047 ha—

1190 2075 1310 2116 buere
1333 2089 1345 2115 ,·
1373 2070 1584 2128 quidquid
1608 2070 1874 2114 membranae
1894 2070 2031 2112 obni—

1190 2146 1356 2182 tuntur.
1378 2139 1437 2181 H.

1246 2205 1311 2247 25.
1331 2206 1450 2246 Bene
1457 2206 1671 2259 quilatuil,
1685 2205 1784 2245 bene
1793 2205 1912 2246 υιῖτιϊ.
1923 2200 2034 2256 Qui·

1190 2285 1378 2325 cumque
1410 2268 1564 2311 humili
1593 2269 1771 2311 fortuna
1800 2276 2031 2311 contentus

1188 2333 1314 2377 latuit
1327 2367 1338 2388 ,
1357 2342 1476 2378 tutus
1493 2333 1608 2377 vixit.
1625 2335 1753 2376 MER.
1774 2335 1857 2377 λάθε
1869 2336 2030 2389 βιώσας.

1189 2398 1345 2441 Horat.
1365 2400 1385 2442 Ι
1403 2433 1415 2453 ,
1440 2398 1574 2454 Epist.
1590 2413 1687 2442 xvn
1702 2431 1714 2451 ‚
1731 2414 1789 2442 vs.
1812 2413 1862 2440 ιο
1877 2413 1888 2440 2
1903 2415 1923 2434 «
1940 2398 2030 2440 Nec

1189 2464 1291 2507 vixit
1316 2464 1426 2507 male
1450 2497 1461 2518 ,
1494 2464 1567 2522 qui
1598 2474 1724 2508 natus
1753 2464 2029 2519 moriensque

1186 2529 1387 2572 fefellit.»
1409 2530 1784 2574 Remu—Intra
1796 2530 2029 2585 fortunam.

1187 2593 1384 2652 Praefero
1410 2594 1525 2650 infra
1535 2593 1753 2648 fhrtuuam
1773 2610 1824 2636 ex
1844 2601 2030 2648 quatuor

1188 2659 1354 2715 scriptis
1377 2677 1388 2712 ;
1408 2675 1501 2708 ‚nec
1523 2659 1647 2702 aliter
1667 2658 1760 2713 lego
1778 2656 1888 2712 apud
1909 2657 2028 2699 Pro-

1188 2726 1378 2782 pertium
1393 2759 1404 2779 ,
1424 2724 1533 2767 libro
1546 2726 1614 2768 ΙΙΙ
1627 2755 1638 2776 ,
1654 2723 1720 2767 ΕΙ.
1735 2736 1799 2775 1x,
1820 2740 1835 2765 1
1853 2738 1862 2765 ε
1879 2740 1900 2758 «
1916 2722 2028 2766 Μω-

1188 2807 1337 2844 cenas,
1364 2796 1494 2845 eques
1512 2789 1728 2831 Hetrusco
1745 2787 1798 2830 de
1818 2788 2027 2844 sanguine

1186 2853 1481 2912 regum‚1nfra
1494 2854 1715 2896 fortunam
1729 2854 1801 2908 qui
1813 2854 1930 2909 cupis
1938 2870 2027 2898 esse

1188 2929 1357 2962 tuam.»
1381 2918 1546 2961 Seneca
1561 2951 1573 2973 ,
1591 2917 1749 2960 Medea
1772 2951 1783 2971 ,
1811 2918 1905 2961 Act.
1929 2920 2025 2963 111:

1189 3002 1212 3020 «
1230 2984 1423 3026 Fortuna
1453 2998 1626 3038 semper
1650 2983 1790 3025 omnis
1816 2983 1931 3026 infra
1955 3000 2026 3027 me

1186 3048 1326 3100 stetit;
1349 3067 1370 3085 ιι
1393 3049 1451 3091 ita
1471 3049 1658 3104 optimus
1679 3048 1918 3093 Medieeus.
1942 3050 2028 3092 No-

1186 3123 1275 3157 ster
1291 3112 1405 3155 infra
1420 3145 1431 3166 ,
1453 3113 1522 3155 lib.
1538 3114 1596 3167 V,
1612 3113 1676 3156 El.
1691 3127 1794 3167 v111,
1817 3131 1832 3155 1
1853 3129 1862 3156 :
1880 3132 1902 3151 «
1923 3114 2025 3159 Non

1187 3177 1293 3219 adeo
1313 3177 1443 3220 cecidi
1463 3210 1474 3230 ,
1506 3178 1700 3232 quamvis
1730 3177 1947 3234 dejectus,
1976 3187 2025 3220 ut

1186 3240 1301 3282 infra
1322 3241 1387 3282 Te
1410 3256 1582 3296 quoque
1601 3241 1681 3283 sim
1699 3273 1711 3295 ‚
1733 3241 1914 3284 inferius
1937 3257 2023 3298 quo

1186 3307 1294 3350 nihil
1313 3323 1398 3350 esse
1421 3316 1573 3364 potest.
1595 3326 1617 3346 »
1643 3309 1701 3350 H.

1242 3392 1306 3430 27.
1327 3374 1534 3430 Nonfhret
1544 3377 1747 3419 Eumedes
1759 3379 1889 3419 orbus.
1904 3373 2019 3416 Male
