2280 3776
414 322 525 377 EX
565 321 867 376 PONTO
906 321 1071 376 LIB.
1116 321 1229 376 IV.
1274 321 1551 376 EPIST.
1596 323 1776 378 XVI.

1869 323 1970 393 481

301 437 618 500 Callimachi
649 436 919 498 Proculus
946 435 1108 498 molle
1137 451 1345 497 teneret
1372 437 1475 498 iter
1498 461 1511 508 ;

217 535 446 620 Tityrus
474 534 726 616 antiquas
752 548 805 593 et
831 547 944 593 erat
973 533 1068 616 qui
1097 549 1337 616 pasceret
1363 534 1591 607 herbas;

299 633 555 717 Aptaque
579 629 796 691 venanti
831 629 1054 690 Gratius
1084 653 1232 691 arma
1262 630 1448 702 daret;

219 727 424 789 Naidas
450 751 480 787 a
510 726 716 809 Satyris
739 739 953 786 caneret
980 726 1262 786 Fontanus
1290 740 1519 798 amatas;
1939 746 1991 787 35

304 822 594 886 Clauderet
623 822 927 907 imparibus
958 822 1121 884 verba
1150 820 1369 906 Capella
1396 823 1590 885 modis.

222 923 523 1007 Quumque
549 923 733 984 forent
753 921 845 982 alii
865 969 880 995 ‚
914 945 1147 1005 quorum
1173 921 1309 982 mihi
1333 936 1528 983 cuncta
1554 922 1752 984 referre

302 1019 538 1080 Nomina
570 1019 735 1099 longa
759 1043 913 1079 mora
943 1033 1054 1090 est,
1091 1018 1328 1079 carmina
1355 1017 1553 1097 vulgus
1582 1019 1781 1090 habet3

224 1116 425 1176 Essent
452 1129 506 1175 et.
535 1115 784 1196 juveneS‚
820 1136 1056 1196 quorum
1087 1112 1241 1195 quod
1271 1111 1476 1173 inedita
1505 1137 1635 1174 cura
1665 1129 1778 1184 est,

307 1210 781 1295 Appellandorum
809 1207 888 1270 nil
918 1208 1054 1270 mihi
1082 1208 1220 1290 juris
1244 1206 1428 1279 adest3
1946 1228 2000 1282 40

222 1312 303 1372 Te
333 1325 509 1370 tamen
541 1309 597 1369 in
620 1308 781 1369 turba
811 1331 926 1368 non
955 1307 1157 1379 ausim,
1189 1307 1353 1368 Cotta
1371 1353 1387 1376 ‚
1419 1305 1578 1367 silere
1597 1355 1611 1381 ,

304 1407 585 1482 Pieridum
612 1406 822 1479 lumen,
854 1404 1283 1489 praesidiumque
1310 1404 1420 1465 sori
1446 1430 1458 1476 ;

278 1566 344 1610 32.
376 1567 631 1609 Callimachi
656 1567 873 1609 Proculus.
903 1563 1073 1607 Procu-

225 1637 318 1680 lum
330 1641 504 1689 poetam
514 1629 644 1674 etiam
657 1629 874 1675 celebrem
884 1645 1072 1674 comme-

227 1708 396 1753 morat,
421 1698 493 1756 qui
514 1697 668 1755 elegias
690 1696 856 1754 scripsit
879 1712 889 1739 z
916 1711 1075 1752 quem-

229 1763 469 1809 admodum
501 1761 792 1806 Callimachus
811 1794 822 1815 ,
858 1761 930 1817 qui
952 1759 1073 1804 Fabii

229 1830 483 1878 testimonio
517 1828 664 1885 elegire
700 1827 900 1884 princeps
938 1825 1074 1868 habe-

193 1934 198 1945 .
230 1906 316 1941 tur.
345 1893 569 1939 Caeterum
588 1926 599 1947 ,
622 1891 795 1936 Proculi
813 1889 1074 1946 cognomine

229 1962 380 2007 multae
391 1958 566 2004 familiae
580 1957 793 2014 insignitae
809 1990 820 2010 ,
834 1956 891 1999 ita
911 1965 974 2009 ut,
993 1954 1077 1999 nisi

231 2042 395 2073 nomen
412 2032 572 2082 pateat,
590 2021 643 2064 de
659 2037 712 2064 eo
733 2020 892 2062 frustra
909 2034 1077 2075 quaera-

230 2110 342 2138 mus.
361 2116 417 2126 —
434 2088 565 2134 Molle
593 2091 680 2131 iter.
712 2085 935 2128 Lascivum
963 2084 1077 2127 scri-

230 2157 365 2204 bendi
383 2171 518 2215 genus
532 2187 544 2208 ,
567 2152 666 2213 quia
682 2150 735 2194 de
754 2149 973 2193 amoribus
989 2149 1079 2193 ele-

234 2225 323 2282 gias
342 2219 644 2278 componebat.

291 2288 357 2331 33.
377 2287 546 2344 Tityrus
558 2285 753 2337 antiquas
766 2287 810 2322 et
826 2285 916 2322 erat
928 2281 1080 2333 quipu-

235 2359 370 2398 sceret
379 2352 540 2394 herbas.
562 2347 669 2390 Haec
686 2360 767 2388 nec
783 2343 934 2386 Latina
952 2349 1055 2384 sunt
1068 2373 1080 2393 ,

237 2433 322 2461 nec
341 2414 442 2459 satis
467 2410 662 2467 intelligo
689 2408 793 2464 quid
825 2406 903 2450 sibi
933 2405 1080 2447 velint.

239 2478 495 2526 Hafniensis
515 2493 526 2521 z
549 2495 571 2515 κ
596 2475 776 2533 Tityrus
799 2481 984 2516 aeternos
1010 2485 1084 2512 ca-

239 2554 366 2592 neret
397 2543 471 2602 qui
501 2548 700 2600 procreet
728 2538 894 2581 herbas.
917 2554 939 2574 »
970 2534 1084 2578 Μο-

242 2611 326 2656 reti
345 2609 481 2654 codex
499 2624 510 2651 :
531 2625 553 2644 «
577 2606 764 2664 Tityron
789 2602 983 2658 antiquas
1004 2617 1084 2643 re—

243 2677 415 2722 cubasse
435 2672 622 2716 referret
642 2669 693 2712 ad
714 2668 912 2719 umbras3
934 2684 955 2704 »
978 2674 1026 2708 ut
1040 2673 1085 2708 et

241 2742 353 2787 liber
374 2738 495 2784 Petri
521 2735 661 2780 Servii
684 2768 696 2788 ,
726 2732 808 2777 nisi
828 2731 943 2787 quod
964 2732 1010 2775 in
1032 2746 1085 2774 eo

243 2822 344 2852 aras
363 2821 376 2849 .·
398 2803 468 2848 alii
490 2802 626 2845 aliter.
650 2799 815 2842 Moreti
835 2797 993 2840 librum
1016 2813 1089 2839 se-

245 2879 383 2931 q'uor,
413 2869 520 2913 dum
549 2865 730 2909 meliora
755 2880 844 2907 sese
875 2862 1087 2905 offerunt.

247 2938 308 2981 H.
322 2959 377 2970 -
399 2937 565 2993 Tityrus
584 2935 791 2987 antiquas.
810 2928 897 2971 Hic
911 2944 989 2984 per
1010 2929 1086 2971 Ti-

247 3008 380 3060 tyrum
391 2999 626 3042 Maronem
640 2995 835 3051 designat
847 3025 858 3047 ‚
876 2991 1086 3035 adludens

250 3065 304 3110 ad
326 3065 420 3121 ejus
445 3077 619 3107 carmen
642 3059 912 3103 Bucolicum.
932 3081 985 3090 —-
1010 3059 1097 3111 Qui

242 3135 439 3185 pasceret
454 3131 651 3182 antiquas
675 3127 835 3167 herbas.
867 3122 960 3179 Qui
981 3138 1091 3178 per-

250 3202 448 3238 maneret
489 3193 535 3235 in
579 3189 766 3246 antiquis
800 3189 886 3233 suis
922 3187 1092 3246 praediis

251 3275 354 3303 cum
373 3258 459 3302 suis
478 3256 660 3313 capellis.

308 3319 381 3379 34.
396 3326 588 3378 Aptaque
603 3325 773 3364 venanti
781 3321 960 3378 *Gratius
975 3334 1094 3361 arma

254 3392 383 3432 daret.
425 3386 601 3430 Gratius
644 3385 792 3429 Ovidii
827 3383 1095 3440 temporibus

256 3462 383 3511 poeta
404 3453 517 3505 fuit,
547 3460 597 3495 ut
617 3467 669 3494 ex
687 3449 874 3493 hocloco
899 3456 1092 3492 constat:

413 3548 564 3607 VII.

1155 1562 1208 1607 de
1232 1564 1465 1608 venatione
1483 1564 1662 1622 scripsit.
1687 1564 1827 1622 Cujus
1845 1566 2002 1609 carmi-

1152 1645 1210 1672 na
1224 1645 1311 1673 una
1325 1645 1425 1673 cum
1445 1628 1593 1673 Ovidii
1608 1630 1855 1675 Halieutico
1868 1647 1891 1674 e
1904 1630 2005 1675 Gat-

1153 1695 1208 1738 lia
1233 1696 1276 1739 in
1315 1696 1482 1741 ltaliam
1522 1696 1667 1741 attulit
1699 1698 2002 1741 Sannazarius.

1158 1760 1291 1804 Hunc
1314 1770 1459 1805 autem
1492 1779 1664 1807 versum
1689 1764 1741 1807 ab
1762 1763 2000 1819 interprete

1156 1824 1225 1869 hic
1242 1842 1332 1870 non
1349 1826 1618 1871 intellectum
1633 1861 1645 1882 ,
1662 1828 1696 1871 is
1709 1861 1720 1882 ,
1735 1827 1809 1885 qui
1825 1827 1973 1872 Ovidii
1989 1862 2003 1881 ,

1158 1899 1253 1947 post
1274 1891 1439 1936 Aldum
1454 1893 1674 1937 seniorem
1692 1926 1704 1948 ,
1727 1894 1862 1938 vitam
1877 1894 2006 1951 scrip·

1157 1957 1235 2011 sit,
1258 1958 1422 2015 optime
1449 1959 1694 2004 declaravit.
1715 1959 1848 2005 Cior.

1213 2024 1280 2067 35.
1312 2026 1503 2067 Naiades
1524 2026 1687 2081 Satyris
1706 2034 1875 2070 caneret
1891 2029 2005 2070 Fon-

1157 2095 1285 2131 tanus
1303 2097 1471 2131 amatas
1489 2098 1568 2132 etc.
1592 2089 1673 2132 Alii
1689 2091 1836 2147 legunt
1855 2124 1866 2143 ‚
1889 2094 2008 2135 Nai-

1160 2154 1233 2195 des
1253 2170 1282 2195 a
1300 2154 1461 2212 Satyris·
1480 2163 1560 2199 etc.
1575 2171 1671 2211 quae
1693 2156 1819 2199 lectio
1839 2165 1883 2199 et
1901 2172 2004 2199 sen-

1160 2234 1257 2260 sum
1289 2219 1530 2274 planiorem
1563 2220 1731 2275 reddit,
1767 2231 1811 2265 et
1831 2223 2007 2268 resolu-

1161 2285 1280 2328 tione
1295 2317 1306 2338 ‚
1329 2286 1415 2329 sive
1433 2286 1597 2330 diaeresi
1613 2288 1689 2330 ista
1705 2322 1716 2338 ‚
1737 2288 1790 2331 de
1808 2306 1891 2345 qua
1907 2308 2010 2347 pro-

1161 2348 1242 2392 lixe
1268 2349 1441 2392 Merula
1462 2350 1531 2393 hic.
1556 2352 1669 2408 agit,
1702 2353 1807 2396 nihil
1829 2355 2008 2411 indiget.

1163 2413 1362 2457 Mrcru..
1403 2417 1602 2459 Naiadas
1637 2417 1797 2475 Satyris
1819 2452 1830 2472 ‚
1873 2419 2006 2464 MSS.

1164 2478 1330 2522 Bersm.
1353 2481 1573 2523 Foritanus
1595 2482 1644 2525 P.
1676 2482 1790 2526 Dan.
1821 2485 1969 2529 Nostri
1992 2519 2004 2539 ,

1166 2545 1334 2587 Naidas
1351 2560 1380 2586 a
1396 2545 1558 2602 Salyris
1570 2580 1581 2596 ‚
1615 2547 1732 2602 quod
1751 2549 2009 2595 Burmanno

1167 2614 1210 2649 et
1229 2605 1444 2650 Oberlino
1465 2609 1710 2664 probatum.

1229 2673 1296 2732 39.
1337 2675 1518 2728 Quorum
1548 2680 1662 2732 quod
1691 2681 1850 2723 inedita
1879 2697 2011 2724 causa

1167 2746 1241 2782 est.
1260 2739 1389 2781 Musa
1410 2748 1478 2782 est
1500 2749 1587 2784 tres
1611 2750 1807 2795 veteres;
1832 2753 1874 2787 at
1898 2762 2012 2788 unus

1170 2805 1343 2848 Thuan.
1373 2809 1534 2849 inedita
1568 2825 1670 2851 cura
1698 2818 1793 2862 cst‚·
1823 2813 2009 2856 rectius:

1169 2887 1272 2914 nam
1287 2872 1416 2915 Musa
1435 2888 1535 2915 mox
1553 2874 1760 2930 sequitur.
1783 2877 1843 2919 H.

1226 2940 1293 2992 41.
1331 2940 1391 2981 Te
1418 2947 1556 2982 tamen
1586 2945 1631 2983 1⁰11
1660 2945 1792 2986 turba.
1821 2946 1866 2986 E
1894 2949 2015 2988 turba

1171 3004 1336 3046 malim.
1363 3003 1422 3046 H.
1447 3027 1501 3036 --
1527 3004 1742 3060 Quamvis
1771 3009 1896 3052 multi
1927 3011 2014 3054 sint

1173 3087 1281 3127 quos
1304 3086 1395 3113 non
1419 3070 1559 3114 audeo
1584 3074 1812 3117 nominare
1828 3107 1840 3128 ‚
1876 3085 1916 3119 te
1949 3087 2017 3120 ta-

1174 3152 1278 3178 men
1294 3169 1306 3189 ,
1329 3151 1355 3178 o
1379 3133 1511 3179 Cotta
1528 3169 1540 3190 ,
1566 3137 1612 3179 in
1634 3146 1753 3182 tanta
1775 3140 1901 3183 turba
1924 3158 2013 3185 non

1174 3201 1404 3257 praeteribo
1430 3234 1442 3255 ,
1491 3202 1595 3257 quin
1640 3204 1867 3247 nominem
1908 3215 2016 3250 tan—

1175 3281 1308 3322 quam
1346 3265 1643 3310 doctissimum
1677 3276 1723 3311 et
1763 3280 1936 3326 poetam
1975 3282 2018 3316 et

1175 3338 1407 3372 oratorem.

1231 3396 1296 3448 42.
1324 3396 1530 3437 Pieridum
1553 3397 1700 3439 lumen.
1738 3399 1896 3441 Numen
1916 3398 2022 3441 editi

1179 3457 1352 3514 aliquot.
1373 3459 1576 3513 Hunc,et
1597 3459 1819 3516 Capellam
1841 3471 1882 3504 et
1900 3463 2017 3516 alios,

1707 3547 1770 3599 31
