2280 3776
583 244 1027 303 TRISTIUM
1066 245 1227 301 LIB.
1269 246 1343 303 V.
1386 243 1627 303 ELEG.
1671 249 1763 303 11.
1927 250 2033 304 205

271 378 2033 409 Q

868 495 1264 567 ELEGIA
1315 497 1422 566 ΙΙ.

825 774 1504 832 ARGUMENTUM.

282 909 351 953 Ad
374 924 556 954 uxorem
587 909 806 965 scribens,
841 909 944 956 dicit
962 928 1006 956 se
1027 927 1207 969 corpore
1228 912 1340 956 bene
1362 912 1502 956 valere
1521 946 1532 968 ,
1559 913 1756 970 quamvis
1775 922 1923 957 mente
1946 914 2046 959 tan-

335 988 462 1036 gueat
485 998 495 1031 ;
517 980 793 1037 ostenditque
810 980 1008 1025 dolorem
1031 981 1238 1025 eumdem
1263 998 1352 1026 esse
1371 1015 1383 1037 ,
1401 983 1472 1039 qui
1490 983 1631 1040 primo
1649 983 1731 1027 suit
1747 1016 1758 1037 ,
1781 999 1914 1040 quum
1931 984 2048 1028 rele-

334 1061 456 1110 gatus
473 1052 527 1096 sit
547 1052 600 1095 ab
618 1052 827 1109 Augusto,
848 1053 1003 1097 Postea
1020 1062 1338 1097 commemorat
1359 1053 1635 1097 incommoda
1651 1087 1662 1109 ,
1679 1054 1833 1111 quibus
1850 1055 1941 1099 sine
1959 1055 2046 1100 fine

335 1122 567 1167 conficitur
588 1137 598 1166 ε
621 1131 666 1167 et
696 1122 1052 1179 quandoquidem
1083 1123 1188 1167 levis
1216 1124 1271 1167 sit
1298 1123 1429 1167 exsilii
1448 1140 1572 1168 causa
1587 1157 1599 1179 ,
1622 1133 1664 1168 et
1686 1141 1842 1181 magna
1868 1125 2051 1172 Caesaris

335 1192 591 1247 clementia,
614 1208 692 1250 pro
716 1192 874 1236 marito
899 1199 1050 1249 roget,
1075 1191 1305 1245 hortatum
1328 1208 1409 1237 nec
1432 1192 1562 1237 ullam
1584 1194 1662 1238 sibi
1681 1211 1802 1253 spem
1825 1196 2017 1242 relictam
2037 1230 2049 1253 ,

334 1276 467 1319 quam
489 1261 682 1320 Augusti>
698 1262 991 1307 clementiam.

283 1368 622 1466 ECQUID,
652 1408 717 1454 ut
746 1418 774 1454 e
807 1394 993 1455 Ponto
1024 1419 1163 1456 nova
1195 1394 1346 1455 venit
1375 1394 1640 1479 epistola,
1672 1396 1884 1481 palles?

363 1489 437 1549 Et
468 1488 570 1549 tibi
599 1487 835 1553 sollicita
866 1489 1099 1551 solvitur
1125 1489 1219 1551 illa
1245 1514 1407 1551 manu
1432 1493 1455 1551 ?
1751 1562 1754 1567 ι

283 1586 437 1647 Pone
463 1601 696 1660 metum;
727 1587 879 1651 valeo
903 1614 916 1650 :
941 1612 1282 1672 corpusque,
1315 1587 1467 1672 quod
1492 1604 1615 1650 ante
1643 1589 1894 1652 laborum

366 1683 663 1766 Impatiens
690 1685 858 1747 nobis
888 1684 1298 1769 invalidumque
1323 1686 1458 1759 fuit,

287 1777 527 1851 Sufficit,
560 1794 721 1863 atque
752 1781 876 1864 ipso
906 1796 1158 1843 vexatum
1187 1782 1434 1843 induruit
1458 1807 1581 1843 usu.
2032 1802 2058 1843 5

367 1875 458 1935 An
487 1876 661 1954 magis
689 1876 907 1938 infirmo
937 1902 1052 1938 non
1078 1894 1232 1939 vacat
1260 1902 1375 1939 esse
1405 1877 1541 1938 mihi
1565 1878 1590 1938 Ξ)

286 1969 451 2030 Mens
483 1983 664 2032 tamen
692 1994 832 2051 aegra
859 1972 1026 2054 jacet,
1059 1995 1159 2034 nec
1188 1987 1432 2056 tempore
1455 1972 1660 2034 robora
1689 1974 1914 2047 sumsit;

368 2065 743 2152 Adfectusque
772 2068 971 2143 animi,
1006 2064 1101 2153 qui
1130 2069 1237 2130 suit
1263 2084 1388 2131 ante
1408 2119 1421 2143 ,
1449 2085 1656 2130 manet:

290 2162 539 2246 Quaeque
567 2187 751 2239 mora,
781 2165 1068 2250 spatioque
1096 2190 1197 2227 suo
1228 2167 1437 2229 coitura
1463 2168 1651 2251 putavi

374 2258 645 2334 Vulnera,
679 2285 796 2322 non
826 2261 1013 2336 aliter,
1049 2287 1212 2346 quam
1239 2264 1408 2324 modo
1434 2264 1605 2337 facta,
1636 2262 1839 2323 dolent.
2014 2294 2065 2323 ιο

294 2355 513 2417 Scilicet
540 2358 750 2438 exiguis
776 2361 1006 2443 prodest
1034 2385 1241 2422 annosa
1266 2376 1505 2422 vetustas
1527 2386 1540 2433 3

382 2452 698 2517 Grandibus
723 2456 987 2517 accedunt
1013 2472 1260 2539 tempore
1288 2456 1483 2517 damna
1509 2454 1686 2517 malis.

295 2550 456 2613 Paene
483 2551 666 2612 decem
697 2553 828 2613 totis
859 2552 995 2614 aluit
1020 2553 1293 2615 Paeantius
1320 2553 1477 2614 annis

377 2648 703 2711 Pestiferam
730 2650 941 2713 tumido
969 2649 1169 2711 vulnus
1196 2651 1265 2712 ab
1296 2673 1470 2728 angue
1498 2649 1717 2711 datum:

354 2791 394 2832 ⁵.
413 2790 590 2849 Sufficit.
610 2791 775 2846 Durat,
797 2794 992 2837 sustinet.
1013 2793 1142 2838 Mun.
1226 2794 1296 2839 ris.
1304 2793 1736 2836 MRR.-Grand1‘bus
1745 2795 1958 2836 accedunt.
1971 2794 2064 2836 Ma-

352 2855 393 2898 6.
412 2858 474 2900 Et
484 2863 620 2913 magis
635 2861 808 2916 infirmo.
826 2860 928 2904 Non
942 2893 954 2915 ,
974 2860 1141 2916 inquit,
1226 2858 1600 2916 gnaincommoda
1612 2859 1664 2901 ab
1678 2859 1802 2902 annis
1816 2859 2064 2902 incremen-

299 2926 472 2977 tempus
484 2932 634 2977 est,ut
647 2924 782 2981 magis
793 2925 875 2968 sim
890 2925 1145 2969 infirmuset
1225 2933 1321 2968 tum
1339 2924 1574 2980 accipiunt,
1601 2932 1644 2967 et
1670 2925 1837 2982 gravius
1865 2925 2064 2967 animum

303 2983 516 3032 invalidus
533 3004 543 3031 :
558 3004 661 3031 nam
682 3005 838 3046 corpus
857 2991 1004 3034 multis
1023 2991 1145 3034 malis
1194 3002 1198 3009 ¹
1227 2989 1496 3033 discruciant.
1508 2990 1580 3034 Sic
1592 2988 1685 3033 Cic.
1701 2989 1943 3046 Philip.v:«
1956 2988 2062 3033 Om-

301 3055 503 3093 vexatum
523 3051 739 3107 obcalluit,
761 3063 805 3097 et
825 3054 1017 3104 adsuevit
1037 3071 1143 3098 om-
1225 3073 1282 3099 ne
1303 3056 1467 3099 malurn
1491 3073 1673 3100 nascens
1692 3056 1814 3098 facile
1844 3056 2064 3111 obprimi-

306 3115 377 3159 nia
395 3117 578 3173 perpeti.
593 3118 709 3162 Sunt
730 3120 803 3175 qui
819 3120 964 3176 legant
982 3138 1060 3178 per
1077 3122 1149 3165 in-
1228 3133 1324 3167 tur:
1340 3124 1629 3168 inveteratum
1648 3123 1699 3165 fit
1711 3122 1967 3178 plerumque
1988 3137 2065 3165 ro·-

305 3181 664 3238 terrogationem,
675 3184 749 3225 An
757 3189 1056 3243 magisinfirmo
1067 3195 1148 3230 etc.
1227 3189 1405 3234 bustius.
1420 3208 1441 3226 »
1458 3190 1601 3232 ΡοΝΤ.

309 3245 383 3288 An
405 3244 504 3289 ideo
524 3245 702 3303 firmum
723 3248 830 3291 mihi
849 3265 1003 3306 corpus
1015 3283 1027 3303 ,
1049 3252 1150 3308 quia
1288 3257 1347 3298 13.
1370 3258 1593 3299 Paeantius.
1614 3254 1887 3298 Philoctetes.

309 3309 424 3354 unde
434 3310 660 3355 infirmum
668 3313 738 3367 sit,
752 3314 932 3370 amplius
942 3315 1046 3358 nihi!
1054 3325 1118 3360 est
1126 3315 1147 3358 ἐ’
1287 3320 1347 3373 14.
1372 3321 1531 3362 Vulnus
1541 3321 1596 3360 ab
1606 3334 1742 3374 angue
1755 3321 1912 3361 datum.
1942 3321 2067 3361 Virus

367 3392 428 3418 12.
458 3378 662 3433 Tempore.
676 3378 973 3426 Diuturnitate
986 3390 1074 3426 tem
1081 3397 1150 3437 po-
1229 3383 1380 3439 primae
1394 3382 1606 3427 editiones
1617 3416 1629 3439 ,
1645 3391 1688 3427 et
1702 3399 1817 3427 unus
1831 3384 2070 3426 Vaticanus
