2280 3776
530 279 643 335 EX
685 280 978 336 PoN-To
1018 281 1176 336 LIB.
1222 283 1311 337 11.
1354 282 1632 340 EPIST.
1678 288 1725 340 1.

1902 291 2003 344 311

246 394 431 457 Indice
462 411 515 456 te
544 396 736 469 didici,
766 421 943 480 nuper
972 397 1191 460 visenda
1221 400 1392 460 coisse

329 494 647 554 Innumeras
678 507 865 572 gentes
894 492 963 552 ad
992 493 1144 554 ducis
1175 518 1269 554 ora
1299 494 1414 555 sui:

248 589 497 671 Quaeque
527 589 672 673 capit
700 590 864 650 vastis
891 590 1215 650 immensum
1248 590 1520 652 moenibus
1542 592 1729 654 orbem
1750 639 1765 664 ‚

328 684 602 767 Hospitiis
636 687 866 747 Romam
890 685 977 746 vix
1005 686 1263 747 habuisse
1284 684 1482 747 locum.

244 778 332 838 Tu
361 779 496 839 mihi
528 781 790 854 narrasti,
820 806 988 865 quum
1018 780 1208 843 multis
1239 780 1455 842 lucibus
1485 795 1609 843 ante
1956 803 2007 844 αὖ

325 875 552 937 Fuderit
580 877 832 939 adsiduas
863 878 1086 940 nubilus
1113 880 1316 939 Auster
1335 901 1504 961 aquas
1523 925 1538 952 ‚

243 973 475 1033 Lumine
504 972 700 1056 eaelesti
729 974 912 1035 Solem
940 974 1159 1036 fulsisse
1188 999 1463 1048 serenum,

328 1069 466 1129 Cum
497 1070 692 1153 populi
723 1070 877 1131 vultu
907 1072 1261 1134 conveniente
1289 1072 1390 1133 die.

243 1167 428 1249 Atque
455 1168 531 1229 ita
559 1169 817 1230 victorem
836 1217 851 1242 ‚
884 1194 1008 1231 cum
1037 1195 1236 1249 magno
1267 1171 1414 1231 vocis
1437 1170 1648 1231 honore
1666 1217 1682 1244 ,

295 1257 300 1262 ⁴
324 1260 530 1323 Bellica
557 1262 792 1324 laudatis
824 1264 965 1326 dona
996 1266 1205 1327 dedisse
1232 1267 1363 1327 viris
1387 1292 1400 1326 :
1960 1290 2015 1330 30

247 1359 517 1444 Claraque
543 1376 851 1422 sumturum
880 1364 1055 1444 pictas
1083 1365 1317 1441 insignia
1346 1379 1552 1439 vestes,

324 1457 475 1518 Tura
506 1457 661 1540 prius
692 1459 894 1519 sanctis
923 1458 1250 1542 imposuisse
1277 1460 1413 1522 focis
1437 1487 1452 1523 ε

243 1554 636 1638 Justitiamque
666 1554 751 1615 sui
777 1570 925 1616 caste
953 1554 1192 1639 placasse
1220 1558 1489 1640 parentis,

324 1648 431 1710 Illo
461 1673 581 1733 quae
607 1649 870 1733 templum
897 1665 1116 1734 pectore
1143 1677 1356 1736 semper
1384 1654 1565 1715 habet.

245 1786 324 1830 tias
351 1786 464 1843 agit,
497 1785 615 1844 quod
645 1803 724 1845 per
745 1803 840 1831 eam
862 1787 1000 1832 factus
1026 1796 1090 1833 est

243 1852 404 1897 certior
420 1853 474 1897 de
488 1869 647 1911 pompa
663 1853 851 1899 Caesarei
867 1855 1089 1912 triumphi.

300 1937 323 1963 2
333 1937 347 1963 1
356 1954 366 1964 .
377 1921 521 1965 Indice
531 1930 584 1964 te.
592 1922 657 1966 Te
672 1921 787 1965 sama
800 1921 1090 1966 indicante.—

243 1984 324 2029 Ad
333 1988 508 2030 varenda
522 2002 597 2030 ora
614 1988 746 2031 ducis.
763 1986 833 2031 Ad
846 1986 1086 2031 videndum

246 2048 428 2096 Caesaris
447 2060 744 2108 conspectum.

299 2132 366 2172 ²7·
383 2117 560 2161 Numine
572 2119 741 2160 calesti.
757 2117 932 2160 lomim
943 2132 994 2160 ex
1009 2116 1090 2160 tri-

243 2178 325 2224 bus
350 2179 528 2238 scriptis.
554 2181 615 2225 H.
635 2204 690 2215 —-
717 2183 898 2227 Numine
920 2184 1087 2226 calesti.

246 2244 490 2289 Voluntate
516 2244 675 2289 divina.

300 2312 366 2355 28.
383 2312 763 2367 Cumpopule'vultu
775 2322 856 2357 etc.
870 2313 942 2358 Sic
957 2321 1006 2356 ut
1020 2311 1089 2355 ad-

245 2385 414 2434 spectus
434 2377 524 2423 caeli
544 2380 841 2423 serenissimus
861 2388 905 2423 et
928 2380 1085 2436 jucun-

248 2440 446 2486 dissimus
467 2476 480 2498 ,
511 2459 613 2487 cum
645 2443 910 2488 hilarissimis
941 2443 1089 2501 populi

245 2506 434 2552 vultibus
445 2518 721 2567 congrueret,
733 2517 777 2554 et
788 2509 906 2566 quasi
923 2508 1091 2565 conspi-

246 2582 376 2616 raret.
399 2574 544 2618 ΡΟΝΤ.

302 2655 367 2698 ²9·
391 2640 492 2682 Cum
509 2656 668 2696 magna·
681 2644 793 2683 vocis
809 2642 971 2683 honore.
988 2639 1090 2681 Ma—

241 2719 326 2759 gno
339 2705 704 2749 unusvaticanus,
714 2703 950 2748 H.—Cum
962 2703 1087 2747 laude

247 2785 405 2815 eorum
433 2770 625 2815 militum
647 2804 660 2826 ‚
693 2787 883 2828 quorum
909 2771 1090 2814 virtutes

247 2850 405 2893 magna
442 2851 545 2881 voce
589 2835 780 2879 laudavit
813 2837 1052 2893 imperator
1074 2869 1086 2891 ,

248 2897 407 2944 deinde
439 2901 571 2944 etiam
601 2900 727 2944 donis
750 2899 1004 2944 militaribus
1033 2900 1088 2944 de

250 2980 374 3009 more
394 2965 584 3010 donavit.

304 3031 370 3074 30.
388 3031 556 3074 Bellica
569 3034 692 3075 dona.
711 3031 843 3075 Dona
860 3030 1087 3075 militaria:

252 3102 301 3136 ut
323 3094 532 3149 armillas,
555 3095 695 3139 hastas
710 3112 839 3153 puras
854 3129 866 3151 ,
887 3104 1084 3152 torqueS‚

250 3157 446 3216 phaleras
459 3192 471 3210 ,
494 3168 538 3202 et
557 3159 638 3203 alia
657 3160 702 3203 id
721 3177 869 3218 genus.

305 3224 372 3266 31.
401 3225 549 3266 Pictas
579 3232 725 3267 vestes.
748 3227 903 3269 Vestes
930 3226 1089 3270 trium-

249 3289 396 3347 phales
410 3320 421 3342 ,
442 3289 596 3346 quibus
618 3289 934 3348 triumphantes
954 3291 1089 3349 impe-

250 3361 414 3397 ratores
431 3353 680 3397 utebantur.

307 3420 370 3461 33.
392 3420 645 3475 Justitiaquc
657 3425 725 3464 sui
737 3428 878 3464 castos
888 3423 1089 3474 placasse

1162 1796 1370 1845 parentes.
1383 1791 1527 1835 Nemo
1540 1789 1761 1848 intelligit,
1776 1798 1826 1835 ut
1839 1792 2011 1848 opinor,

1171 1853 1275 1909 quid
1308 1853 1397 1898 haee
1422 1855 1500 1898 sibi
1535 1854 1683 1899 velint.
1704 1854 2011 1910 San-ravimus,

1172 1918 1443 1962 Combianus
1470 1951 1483 1973 ,
1518 1928 1562 1962 et
1597 1935 1709 1964 unus
1750 1919 1974 1964 Mediceus
1998 1953 2011 1974 ,

1168 2000 1268 2028 cum
1284 1985 1422 2041 prima
1438 1984 1628 2029 editione
1648 1994 1691 2028 et
1709 1984 1915 2042 scaligeri
1933 1986 2012 2030 Ex·

1168 2051 1326 2107 cerptis
1341 2067 1380 2093 2«
1397 2051 1426 2094 J
1430 2051 1705 2108 ustitiaunque
1722 2051 1786 2095 sui
1800 2060 1914 2095 caste
1928 2052 2014 2108 pla·

1167 2131 1281 2158 casse
1302 2116 1492 2172 parentis
1507 2133 1519 2166 ς
1537 2135 1558 2153 »ο
1578 2117 1742 2174 optime
1765 2132 1775 2159 t
1795 2116 1876 2159 nisi
1897 2116 2012 2172 quod

1169 2180 1335 2237 priores
1362 2180 1451 2224 duo
1473 2189 1604 2224 caste
1632 2180 1871 2232 mendose;
1895 2190 2015 2224 caste

1161 2249 1338 2300 placare
1355 2248 1474 2289 Deos
1491 2279 1504 2300 ‚
1536 2254 1586 2289 ut
1606 2255 1725 2289 caste
1743 2249 1875 2289 colere
1897 2248 2013 2289 Deos

1172 2309 1376 2354 Ciceroni
1388 2312 1524 2368 Epist.
1538 2312 1590 2355 ad
1603 2313 1858 2356 Terentiam
1871 2331 1882 2363 ;
1897 2320 2015 2356 caste

1168 2375 1285 2419 Deos
1311 2378 1429 2419 adire
1452 2377 1499 2419 in
1522 2376 1602 2433 leg.
1627 2377 1718 2420 XII
1739 2378 1875 2421 Tabb.
1895 2385 2013 2421 caste

1168 2440 1464 2495 sacrosante,
1490 2450 1533 2484 et
1545 2441 1699 2485 similia
1714 2443 1867 2498 passim
1884 2444 1926 2486 in
1943 2460 2013 2487 sa-

1168 2505 1265 2548 cris.
1301 2503 1527 2549 Caeterum
1559 2507 1684 2550 unice
1717 2507 1830 2551 hanc
1856 2525 2013 2552 emen-

1168 2569 1395 2614 dationem
1412 2572 1595 2617 illustrat
1612 2583 1762 2618 noster
1789 2574 1877 2631 ipse
1898 2576 2014 2619 infra

1167 2635 1239 2679 lib.
1265 2637 1360 2692 III,
1382 2637 1503 2695 Eleg.
1523 2652 1573 2682 vl
1600 2638 1654 2683 de
1680 2639 1879 2696 Augusto
1895 2673 1908 2694 ,
1932 2642 2011 2684 23:

1170 2719 1192 2739 «
1203 2701 1407 2758 Principe
1421 2719 1504 2747 nee
1518 2712 1668 2748 nostro
1681 2705 1804 2749 Deus
1815 2714 1879 2749 est
1890 2723 2013 2749 man-

1167 2765 1332 2810 suetior
1342 2766 1453 2810 ullus
1465 2782 1475 2810 ε
1487 2768 1517 2810 J
1520 2769 1662 2811 ustitia
1672 2768 1785 2812 vires
1797 2779 2012 2826 temperat

1165 2831 1237 2875 ille
1251 2847 1360 2876 suas.
1375 2834 1528 2891 Nuper
1546 2851 1643 2878 eam
1665 2835 1811 2879 Caesar
1825 2836 1940 2880 facto
1954 2838 2008 2881 de

1167 2912 1386 2940 marmore
1405 2899 1570 2956 templo
1586 2932 1598 2954 ,
1619 2901 1723 2943 Jam
1740 2902 1911 2957 pridem
1926 2919 2008 2959 po-

1167 2961 1253 3004 suit
1277 2962 1438 3006 mentis
1460 2963 1507 3006 in
1530 2963 1621 3007 aede
1645 2980 1756 3018 suae;
1777 2983 1798 3003 »
1818 2966 1935 3008 unde
1956 2967 2010 3010 li-

1169 3033 1274 3081 quet
1307 3041 1433 3068 versu
1466 3028 1664 3083 proximo
1696 3029 1975 3073 scribendum
1993 3065 2007 3086 ,

1167 3094 1249 3135 Illo
1267 3109 1354 3149 quoe
1369 3096 1564 3149 templum
1571 3103 1739 3149 pectore
1754 3112 1912 3151 semper
1926 3100 2010 3140 ba-

1167 3161 1253 3209 bet,
1280 3173 1441 3215 nempe
1452 3159 1641 3203 Justitia.
1656 3160 1832 3217 Vulgati
1846 3171 1889 3205 et
1902 3163 2010 3206 scri-

1167 3226 1228 3282 pti
1249 3243 1327 3282 quo
1344 3228 1567 3281 templum5
1600 3224 1682 3269 nisi
1710 3226 1828 3282 quod
1849 3228 2007 3271 Aron—

1167 3290 1362 3335 delianus
1382 3306 1461 3348 pro
1488 3290 1654 3334 diversa
1682 3290 1865 3335 lectione
1883 3326 1894 3347 ‚
1925 3296 2009 3338 Illo

1166 3373 1266 3413 quoe.
1283 3356 1390 3400 Haec
1401 3355 1532 3413 praelo
1547 3356 1854 3405 commissurus
1868 3375 2004 3411 eram,

1169 3438 1303 3478 quum
1325 3420 1456 3465 incidi
1480 3422 1524 3464 in
1549 3422 1695 3478 magni
1723 3422 1927 3479 scaligeri
1953 3423 2005 3466 ad
