2268 3848
430 335 871 394 TRISTIUM
910 336 1068 390 LIB.
1122 334 1208 389 11.
1263 333 1381 388 EL.
1427 332 1722 388 UNICA.

291 453 406 515 Cur
435 453 597 515 toties
622 451 829 514 clausas
854 464 1092 512 exscreet
1115 463 1240 510 ante
1267 448 1443 510 sores:

1886 463 1967 517 460

209 546 503 631 Multaque
533 547 624 608 dat
647 545 769 607 talis
792 545 925 607 furti
953 559 1246 628 praecepta,
1278 543 1545 627 docetque

292 642 421 721 Qua
446 655 631 724 nuptae
663 640 881 723 possint
911 638 1096 700 fallere
1125 638 1193 698 ab
1224 652 1336 699 arte
1364 637 1525 700 viros.

207 737 320 797 Nec
348 736 454 797 fuit
481 737 585 795 hoc
613 734 694 795 illi
720 735 898 796 fraudi
921 759 934 806 ;
960 734 1266 817 legiturque
1294 731 1584 805 Tibullus,

291 834 364 891 Et
390 830 598 914 placet;
627 844 683 891 et
703 830 812 912 jam
843 844 893 890 te
924 829 1170 912 principe
1196 843 1364 890 notus
1394 842 1522 888 erat.

209 925 458 987 Invenies
487 925 670 987 eadem
697 924 886 986 blandi
915 940 1181 1008 praecepta
1211 926 1502 1008 Properti;

1889 936 1971 992 465

294 1022 599 1083 Districtus
627 1022 849 1082 minima
877 1045 975 1082 nec
1004 1036 1182 1083 tamen
1213 1020 1304 1081 ille
1335 1035 1469 1081 nota
1498 1034 1597 1080 est.

211 1117 314 1178 His
345 1141 446 1196 ego
475 1117 737 1190 successi,
770 1116 1031 1199 quoniam
1055 1116 1365 1198 praestantia
1392 1115 1595 1175 candor

290 1211 524 1273 Nomina
548 1212 794 1272 vivorum
824 1209 1162 1271 dissimulare
1188 1210 1361 1290 jubet.

209 1310 337 1370 Non
367 1308 553 1380 timui,
581 1308 779 1379 fateor,
807 1330 904 1377 ne,
940 1329 1048 1388 qua
1075 1319 1158 1365 tot
1183 1306 1289 1366 iere
1317 1305 1532 1377 carinae‚

286 1403 589 1483 Naufraga‚
622 1401 845 1465 servatis
875 1401 1164 1475 omnibu3‚
1196 1425 1304 1462 una
1331 1400 1488 1462 foret.

212 1502 352 1563 Sunt
378 1500 498 1563 aliis
525 1502 765 1583 scriptae‚
799 1497 1005 1581 quibus
1035 1496 1148 1557 alea
1177 1496 1409 1567 luditur,
1437 1510 1580 1558 artes
1605 1522 1617 1556 :

275 1600 423 1660 xHaec
453 1612 536 1659 est
562 1597 631 1658 ad
656 1610 876 1657 nostros
902 1618 1015 1655 non
1044 1593 1159 1655 leve
1187 1592 1388 1655 crimen
1418 1616 1563 1653 avos.

215 1693 369 1775 Quid
394 1693 606 1756 valeant
637 1691 762 1765 tali3
796 1716 906 1775 quo
937 1689 1114 1775 possis
1143 1687 1379 1772 plurima
1402 1687 1550 1769 jactu

212 1846 313 1875 vera
332 1829 538 1887 pudebit,
560 1831 753 1876 Instabat
781 1838 871 1875 tota
890 1830 959 1875 cui
981 1839 1053 1874 tua

210 1904 338 1948 nocte
352 1894 468 1940 canis
484 1913 495 1948 ;
514 1913 535 1934 υ
553 1904 598 1940 et
616 1894 713 1938 alibi
731 1911 742 1939 z
764 1914 786 1933 «ι
804 1896 862 1940 Et
881 1895 1054 1940 simulat

212 1960 394 2005 transire
407 1960 589 2004 domum
601 1993 612 2015 ‚
623 1976 724 2004 mox
739 1960 897 2005 deinde
914 1976 1056 2006 recur-

212 2025 267 2070 rit
277 2025 472 2080 Solus,et
487 2034 586 2069 ante
599 2025 708 2082 ipsas
720 2034 908 2070 exscreat
920 2040 1054 2082 usque

209 2089 338 2135 sores.
353 2108 376 2129 κ
401 2089 578 2135 Plautus
604 2089 770 2134 Paenul.
786 2089 881 2134 Art.
897 2089 935 2130 V
950 2122 963 2144 ‚
985 2091 1057 2134 Sc.

213 2169 278 2211 tv,
297 2171 356 2200 vs.
374 2154 454 2210 64:
475 2172 498 2193 «
517 2153 663 2199 Etiam
684 2171 793 2199 meae
808 2170 878 2198 me
896 2154 1057 2200 latrant

212 2236 350 2265 canes.
374 2237 397 2259 »ι
419 2219 583 2265 Statius
599 2252 612 2275 ‚
632 2219 770 2264 Theb.
791 2221 836 2274 1,
864 2236 921 2263 vs.
946 2222 1020 2264 551
1042 2237 1055 2264 ε

213 2304 236 2324 «ι
256 2285 520 2342 Frustraque
550 2285 750 2329 sonantia
777 2284 935 2329 lassant
962 2283 1058 2330 Ora

213 2365 364 2404 canes,
376 2350 664 2407 umbramque
678 2357 834 2406 petunt
850 2358 894 2393 et
910 2349 1056 2393 nubila

212 2415 381 2463 latrant.
405 2432 426 2453 u
452 2414 511 2458 Et
531 2414 575 2458 11
592 2447 604 2468 ,
629 2415 735 2457 338:
755 2432 777 2451 α
802 2413 861 2457 Et
878 2430 1059 2470 magnas

212 2480 413 2525 latrantia
444 2489 622 2537 pectora
651 2495 786 2524 curas.
814 2498 836 2518 υ
868 2503 923 2513 -
949 2481 1057 2534 Ipse.

217 2547 312 2602 lpse
333 2544 557 2599 Tibullus,
580 2553 630 2588 ut
649 2560 702 2587 ex
720 2543 913 2587 versibus
929 2559 1062 2599 supra

213 2611 556 2665 citatis.—-Quum
573 2613 690 2663 solus
701 2611 948 2652 obambulet.
968 2610 1056 2651 Ob—

213 2679 401 2720 ambulat
411 2675 569 2719 rectius
583 2673 726 2727 multi,
739 2682 785 2716 et
797 2689 872 2716 cur
877 2680 1064 2716 exscreet

215 2755 307 2783 non
337 2740 432 2791 cue‘‚·
459 2733 683 2795 §uomodo
715 2736 907 2792 Scaliger
928 2734 1062 2779 etiam

216 2804 270 2848 ad
289 2803 527 2849 Tibullum.
545 2803 604 2848 H.

270 2868 363 2924 464.
383 2870 542 2924 Etiam
557 2874 599 2911 te
610 2871 800 2923 principe
820 2875 941 2909 notus
959 2872 1060 2908 erat.

219 2932 542 2977 Arondelianus
570 2948 651 2989 pro
679 2931 845 2974 diversa
875 2930 1059 2973 lectione

219 3005 351 3042 motus
372 3014 384 3041 .·
409 3006 515 3055 puto
543 3007 670 3041 natus
694 3005 807 3049 etat,
837 2994 953 3052 quod
975 3012 1061 3037 ve-

218 3077 332 3105 rum.
363 3061 500 3114 Natus
529 3061 651 3104 enim
675 3060 872 3104 Tibullus
904 3058 1061 3103 eodem

221 3140 357 3181 anno,
375 3141 463 3182 quo
476 3126 634 3170 Noster
648 3143 660 3178 ;
681 3125 798 3169 caesis
813 3123 1061 3168 Mutinensi

219 3190 331 3234 bello
363 3189 511 3233 Hirtio
541 3198 586 3232 et
615 3190 756 3233 Pansa
788 3188 1063 3243 consulibus,

222 3257 296 3314 qui
319 3271 459 3299 annus
479 3255 530 3299 ab
556 3255 663 3298 urbe
689 3253 862 3298 condita
888 3253 1063 3309 septin-

222 3321 484 3379 gentesimus
521 3319 712 3364 decimus
736 3337 747 3372 ς
787 3319 1064 3363 triumviratu

220 3386 440 3430 luctuosus
467 3401 515 3428 ac
532 3383 742 3429 funestus.
759 3383 910 3428 Innuit
932 3383 1063 3440 igitur

225 3459 378 3496 natum
386 3448 611 3502 Tibullum
622 3458 717 3506 post
729 3465 856 3494 caesos
867 3449 956 3506 jam
964 3464 1063 3494 con-

1134 1829 1272 1884 sules,
1302 1844 1490 1886 quorum
1510 1828 1555 1872 in
1576 1827 1720 1872 locum
1749 1845 1793 1872 se
1821 1845 1869 1873 ae
1890 1829 1979 1873 Pe-

1134 1896 1255 1940 dium
1276 1904 1510 1953 cognatum
1533 1894 1679 1939 Cmar
1698 1895 1799 1939 fecit
1822 1895 1980 1939 subro-

1134 1961 1250 2020 gari,
1271 1960 1402 2018 idque
1415 1969 1567 2005 senatu
1584 1961 1720 2006 invito
1734 1994 1747 2015 ,
1764 1962 1855 2017 jam
1882 1970 1977 2004 tum

1135 2025 1188 2070 ad
1203 2025 1437 2082 imperium
1452 2041 1541 2069 non
1558 2025 1722 2070 occulte
1736 2024 1977 2083 adspirans,

1134 2098 1182 2135 ut
1194 2107 1245 2134 ex
1258 2090 1472 2134 Suetonio
1487 2090 1586 2135 satis
1607 2090 1797 2148 adparet.
1814 2091 1982 2134 Auctor

1135 2155 1305 2214 Dialogi
1320 2155 1374 2200 de
1388 2155 1647 2200 Oratoribus
1666 2172 1713 2200 x«
1733 2157 1845 2200 Nam
1861 2164 1909 2199 ut
1923 2155 1981 2199 de

1138 2221 1351 2266 Cicerone
1362 2221 1454 2278 ipso
1467 2220 1620 2278 loquar
1631 2254 1643 2275 ‚
1658 2220 1806 2264 Hirtio
1819 2237 1978 2277 nempe

1135 2296 1180 2330 et
1202 2287 1343 2330 Pansa
1363 2302 1466 2330 coss.
1494 2295 1542 2329 ut
1565 2285 1673 2329 Tiro
1692 2285 1871 2328 libertus
1885 2285 1983 2340 ejus

1136 2350 1331 2407 scripsit,
1360 2364 1429 2393 vn
1460 2349 1524 2393 ld.
1568 2349 1787 2393 decembr.
1819 2349 1984 2393 occisus

1135 2425 1230 2469 est,
1264 2431 1353 2472 quo
1379 2431 1501 2458 anno
1522 2415 1659 2458 Divus
1685 2414 1907 2472 Augustus
1932 2415 1982 2457 in

1135 2478 1280 2523 locum
1302 2481 1453 2524 Pansae
1468 2489 1512 2523 et
1533 2479 1667 2523 Hirtii
1683 2495 1727 2523 se
1747 2488 1791 2523 et
1811 2479 1871 2535 Q.
1893 2481 1981 2524 Pe-

1105 2597 1109 2601 .
1137 2543 1260 2587 dium
1277 2561 1380 2588 coss.
1393 2544 1589 2596 suffecit;
1608 2563 1628 2582 υ
1650 2560 1736 2601 quo
1757 2553 1802 2588 et
1821 2545 1980 2588 Noster

1136 2607 1349 2662 respexit,
1369 2623 1507 2664 quum
1521 2608 1769 2665 Augustum
1782 2609 1870 2664 jam
1885 2617 1985 2652 tum

1137 2671 1318 2716 civitatis
1336 2673 1576 2730 principem
1597 2675 1740 2719 innuit
1756 2675 1900 2719 fuisse.
1918 2675 1980 2718 H.

1191 2735 1290 2791 466,Δ
1303 2739 1534 2782 Distre'ctus
1548 2754 1563 2792 ,·
1579 2742 1774 2796 adflictus
1790 2740 1979 2791 Moreti;

1137 2804 1364 2845 destructus
1377 2803 1576 2848 Leidens.
1590 2822 1665 2848 nec
1663 2805 1758 2860 suit
1771 2808 1846 2848 ille
1857 2814 1957 2848 nota
1966 2840 1976 2855 ,

1138 2883 1252 2910 unus
1266 2867 1419 2911 Heius.
1435 2868 1510 2925 qui
1523 2879 1567 2913 et
1580 2876 1711 2913 nimia
1721 2886 1801 2927 pro
1814 2875 1985 2914 minima

1138 2930 1292 2975 habet:
1313 2934 1534 2977 disemo-tus
1550 2939 1681 2977 amia
1694 2952 1777 2978 non
1791 2935 1926 2979 Bern.

1193 2998 1288 3051 472.
1308 2998 1387 3040 Ad
1402 3007 1561 3042 vestros
1579 3015 1694 3042 aeos.
1714 3001 1889 3042 Nosems
1910 3016 1985 3043 re·-

1140 3077 1254 3117 pone
1274 3076 1375 3106 cum
1394 3063 1760 3119 praestantioribus
1779 3064 1958 3120 scriptis.

1195 3129 1242 3181 4¹7
1248 3126 1285 3170 3.
1303 3128 1419 3181 Quid
1424 3131 1593 3171 valeant
1603 3131 1694 3171 tali.
1705 3127 1983 3186 Descripsere

1142 3188 1209 3232 alii
1225 3198 1362 3245 poetae
1375 3191 1562 3234 talorum
1576 3191 1729 3234 ludum
1741 3210 1752 3245 ;
1765 3192 1863 3236 vide
1873 3194 1985 3236 Tur·

1142 3254 1242 3296 neb.
1253 3253 1322 3298 lib.
1338 3255 1539 3310 XXVII,
1548 3272 1637 3312 cap.
1650 3257 1744 3299 3.-
1750 3259 1983 3312 Quojactu.

1145 3318 1250 3374 Quo
1281 3329 1455 3375 puncto.
1494 3322 1632 3364 Venus
1662 3321 1782 3364 enim
1813 3322 1859 3365 in
1892 3322 1987 3366 tal'n

1142 3382 1366 3425 victoriam
1381 3381 1625 3438 adferebat,
1641 3393 1690 3428 ut
1707 3387 1837 3428 Camtr
1853 3386 1986 3441 jactu·

1140 3463 1250 3492 ram.
1268 3448 1390 3492 Senio
1404 3463 1509 3494 vero
1526 3447 1750 3496 interdum
1768 3450 1958 3496 lucrosus
1975 3485 1986 3505 ‚
