2280 3776
267 301 367 337 120
706 287 771 340 P.

829 286 1119 341 OVIDII
1169 286 1538 343 NASONIS

334 398 562 461 Adferat
587 401 823 462 admisso
851 402 1068 463 Lucifer
1095 402 1254 465 albus
1285 428 1442 488 equo,

256 543 337 586 506
354 559 363 586 ε
381 546 494 589 Dum
512 548 736 587 matutinas
747 545 947 599 predicet
962 547 1091 588 Luci-

242 610 318 665 fi’r
339 618 462 653 ortus.
485 611 600 653 Vide
621 610 735 653 infra
755 619 900 661 notas,
924 611 1087 662 lib.IV,

256 676 374 732 Eleg.
400 694 413 718 ι
427 693 462 729 1,
479 693 536 718 vs.
559 679 621 731 75.
637 675 875 721 H.·—Hoc.
888 678 952 721 Ut
966 694 1090 735 poena

254 749 463 783 mutetur.

1228 549 1291 592 55.
1325 548 1530 591 Admisso
1559 564 1673 604 equo.
1706 546 1851 590 Celeri
1884 564 2009 605 equo.

1174 613 1500 669 Elegantissime
1515 613 1634 656 enim
1646 611 1748 668 equi
1763 612 2013 654 admz‘ttidi-

1171 686 1355 731 cuntur,
1377 693 1511 734 quum
1527 676 1832 732 impelluntur:
1848 675 1906 718 ita
1917 691 2010 718 cur·-

1172 759 1245 786 rus
1261 751 1305 786 et
1320 743 1412 786 alia.
1431 741 1562 786 CIOF.

850 987 1242 1059 ELEGIA
1290 982 1424 1086 VI.-

800 1276 1464 1333 ARGUMENTUM.

249 1410 346 1456 Hac
365 1414 493 1458 etiam
518 1413 667 1470 Elegia
694 1413 819 1456 amici
840 1414 974 1457 fidem
993 1414 1140 1458 laudat
1163 1413 1348 1458 Ovidius
1363 1447 1375 1470 ‚
1400 1429 1532 1471 quam
1558 1414 1690 1457 etiam
1710 1413 1746 1458 si
1763 1414 1864 1457 velit
1883 1446 1894 1467 ,
1924 1415 2012 1457 mi-

301 1485 419 1525 nime
440 1482 704 1526 dissimuiare
730 1498 849 1539 posse
882 1483 1070 1526 ostendit
1092 1499 1102 1526 ε
1124 1485 1247 1539 cujus
1264 1483 1443 1528 consilio
1462 1484 1498 1527 si
1525 1500 1626 1527 usus
1649 1483 1821 1537 fuisset,
1849 1483 2013 1526 fatetur

299 1572 342 1599 se
365 1555 630 1599 incolumem
643 1569 819 1608 semper
829 1569 922 1596 esse
933 1552 1130 1609 potuisse.
1147 1553 1344 1596 Demum
1356 1553 1479 1596 illum
1498 1561 1699 1610 precatur
1712 1586 1724 1607 ,
1748 1562 1796 1596 ut
1813 1554 1891 1597 sibi
1906 1553 2011 1596 Au·—

301 1634 473 1681 gustum
487 1623 708 1666 mitiorem
722 1621 875 1665 reddat
890 1655 901 1676 ,
925 1638 1011 1678 quo
1023 1622 1058 1664 is
1076 1622 1155 1665 sibi
1170 1623 1301 1666 exsilii
1315 1623 1460 1667 locum
1474 1631 1615 1667 mutet
1630 1640 1642 1677 ;
1657 1623 2006 1681 quandoquidem

302 1693 410 1737 nulli
429 1692 578 1737 sceleri
597 1708 642 1736 se
659 1691 897 1735 obnoxium
917 1707 1007 1735 esse
1027 1691 1144 1735 sciat.

250 1823 528 1909 FOEDUS
557 1842 803 1904 amicitiae
831 1867 932 1904 nec
960 1842 1069 1912 vis,
1101 1844 1403 1918 carissime,
1432 1860 1664 1919 nostrae,

328 1944 440 2002 Nec
460 1989 474 2015 ‚
507 1943 553 2003 si
579 1941 720 2002 forte
747 1940 910 2014 velis,
941 1941 1282 2003 dissimulare
1308 1957 1500 2025 potes:

248 2043 439 2102 Donec
466 2039 607 2099 enim
634 2039 816 2111 licuit,
847 2063 944 2100 nec
974 2054 1026 2100 te
1058 2040 1194 2099 mihi
1223 2041 1395 2100 carior
1421 2039 1580 2114 alter,

331 2140 444 2198 Nec
474 2136 577 2195 tibi
604 2159 690 2195 me
720 2149 834 2195 tota
861 2135 1102 2217 junctior
1132 2136 1268 2196 urbe
1297 2137 1418 2198 fuit.

249 2237 412 2317 Isque
444 2247 556 2293 erat
581 2257 755 2315 usque
781 2232 915 2293 adeo
949 2231 1161 2315 populo
1190 2247 1444 2307 testatus,
1476 2224 1707 2296 ut'esset
1988 2253 2012 2295 5

332 2333 492 2392 Paene
518 2331 689 2408 magis
717 2354 878 2412 quam
904 2345 964 2390 tu
982 2377 997 2402 ‚
1030 2355 1300 2413 quamque
1333 2357 1437 2411 ego
1455 2381 1470 2407 ‚
1503 2349 1671 2396 notus
1701 2357 1864 2395 amor.

251 2427 475 2510 Quique
507 2427 698 2487 eratin
728 2427 866 2487 caris
896 2427 1062 2487 animi
1091 2427 1195 2487 tibi
1225 2429 1429 2491 candor
1454 2431 1667 2505 amiciti,

333 2525 604 2601 Cognitus
634 2538 716 2584 est
742 2522 849 2596 illi,
884 2548 1046 2606 quem
1076 2524 1211 2586 colis
1239 2527 1387 2610 ipse,
1418 2528 1568 2589 viro:

249 2622 347 2683 Nil
375 2622 451 2682 ita
481 2619 722 2693 celabas,
752 2635 954 2703 utinon
987 2645 1088 2700 ego
1117 2624 1370 2685 conscius
1399 2647 1608 2698 essem;

313 2781 348 2807 1.
367 2766 463 2808 Non
481 2768 560 2806 vis.
579 2763 668 2806 Nec
682 2766 750 2805 vI's
769 2762 980 2807 meliores.
1004 2764 1062 2808 H.

308 2831 345 2871 5.
374 2828 565 2870 Testatus
579 2829 746 2881 populo.
772 2827 987 2871 Probatus
1007 2843 1088 2886 po-

251 2891 368 2948 pulo.

310 2974 345 3014 7.
381 2957 539 3011 Quique
562 2962 629 2999 est
653 2959 698 2998 in
720 2960 832 2999 caris
858 2960 996 2999 animi
1013 2958 1097 2998 tibi

252 3023 410 3063 candor
424 3024 586 3064 amicis.
607 3022 773 3076 Quique
792 3031 882 3063 erat
898 3030 984 3064 tres
1004 3037 1090 3064 ve-

251 3094 393 3138 teres3
415 3103 528 3129 unus
552 3088 639 3141 Qui
638 3086 741 3140 fuit.
764 3086 852 3130 Sed
872 3087 964 3148 lege
984 3090 1092 3142 ratis

251 3155 415 3194 amic-13.
431 3152 639 3208 Sequenti
650 3169 775 3197 versu
791 3187 803 3208 ,
823 3167 902 3210 pro
915 3157 1091 3197 mime-

174 3262 178 3271 „
251 3215 379 3258 liores
398 3219 510 3270 mi,-
541 3226 584 3261 et
608 3233 687 3273 pro
711 3223 800 3274 &nse
824 3227 912 3262 tres
937 3217 1092 3275 optimi

251 3284 332 3324 iste
350 3297 362 3323 .·
383 3289 487 3337 puto
506 3287 594 3337 ψεῖ
612 3286 705 3327 Deo
719 3318 730 3335 ‚
758 3284 841 3328 hoc
862 3293 925 3328 est
940 3318 952 3340 ‚
986 3283 1089 3326 Au-

252 3353 387 3402 gusto,
403 3345 490 3389 Sed
510 3347 653 3390 subest
670 3349 910 3393 etiamnum
931 3347 1089 3406 aliquid

255 3409 405 3454 mendi
424 3409 488 3454 his
506 3411 707 3455 versibus.
730 3413 789 3456 H.

1226 2771 1263 2813 8.
1281 2770 1416 2824 'Quem
1430 2772 1535 2818 colis:
1550 2771 1654 2824 ipse.
1670 2767 1819 2824 Quem
1834 2767 2008 2825 suspicis

1171 2843 1215 2878 et
1229 2835 1665 2879 veneraris.F0rtasse
1678 2830 1924 2890 Augustum
1938 2834 2010 2877 de-

1169 2899 1320 2955 signat.
1333 2897 1415 2940 Vel
1434 2906 1550 2941 certe
1563 2929 1576 2951 ,
1597 2913 1736 2949 amas;
1758 2907 1803 2942 et
1820 2898 2008 2942 amicum

1171 2964 1357 3019 aliquem
1375 2963 1553 3006 denotat
1568 2963 1794 3020 subpresso
1812 2964 2007 3007 nomine.

1223 3045 1262 3087 9.
1284 3029 1365 3070 Nil
1375 3030 1439 3070 ita
1452 3030 1633 3072 celabas.
1651 3028 2012 3072 Notatioinu'mae

1170 3089 1473 3134 familiaritatis
1485 3091 1538 3134 ab
1561 3091 1741 3135 effectis.
1763 3092 1943 3135 BERSM.
1956 3114 2009 3124 --

1176 3156 1236 3198 Ut
1250 3171 1332 3198 non
1351 3171 1426 3210 ego
1441 3160 1632 3200 conscius
1653 3172 1796 3200 essem.
1821 3155 1970 3200 Scribe
1993 3187 2005 3210 ,

1169 3224 1244 3263 cui
1265 3237 1347 3264 non
1381 3237 1456 3275 ego
1490 3225 1693 3265 conscius.
1731 3220 1848 3265 Cum
1878 3221 2006 3264 tertio

1169 3284 1289 3327 enim
1319 3301 1419 3328 casu
1441 3285 1697 3342 frequenter
1723 3285 1867 3341 jungit
1893 3285 2007 3328 hanc

1169 3366 1320 3394 vocem
1335 3352 1515 3405 Noster;
1531 3352 1643 3395 Met.
1657 3352 1725 3394 VI
1743 3383 1755 3405 ,
1775 3352 1863 3396 588.
1880 3352 1939 3395 H.
1949 3374 2006 3384 —-

1169 3415 1315 3458 Nostri
1338 3415 1498 3460 habent
1509 3448 1521 3470 ,
1541 3424 1588 3461 ut
1603 3433 1685 3460 non
1698 3431 1784 3472 ego.
