<?xml version="1.0" encoding="UTF-8"?>
<!DOCTYPE html PUBLIC "-//W3C//DTD XHTML 1.0 Transitional//EN"
    "http://www.w3.org/TR/xhtml1/DTD/xhtml1-transitional.dtd">
<html xmlns="http://www.w3.org/1999/xhtml" xml:lang="en" lang="en">
 <head>
  <title>
</title>
<meta http-equiv="Content-Type" content="text/html;charset=utf-8" />
  <meta name='ocr-system' content='tesseract 3.04.00' />
  <meta name='ocr-capabilities' content='ocr_page ocr_carea ocr_par ocr_line ocrx_word'/>
</head>
<body>
  <div class='ocr_page' id='page_1' title='image "./quaeextantomniao07oviduoft_0249.png"; bbox 0 0 2280 3776; ppageno 0'>
   <div class='ocr_carea' id='block_1_1' title="bbox 8 539 52 1360">
    <p class='ocr_par' dir='ltr' id='par_1_1' title="bbox 8 539 52 1360">
     <span class='ocr_line' id='line_1_1' title="bbox 8 539 52 1360; baseline 0 0"><span class='ocrx_word' id='word_1_1' title='bbox 8 539 52 1360; x_wconf 95' lang='lat' dir='ltr'> </span> 
     </span>
    </p>
   </div>
   <div class='ocr_carea' id='block_1_2' title="bbox 541 350 1727 410">
    <p class='ocr_par' dir='ltr' id='par_1_2' title="bbox 541 350 1727 410">
     <span class='ocr_line' id='line_1_2' title="bbox 541 350 1727 410; baseline -0.003 -2"><span class='ocrx_word' id='word_1_2' title='bbox 541 352 983 410; x_wconf 87' lang='lat' dir='ltr'>TRISTIUM</span> <span class='ocrx_word' id='word_1_3' title='bbox 1022 351 1186 407; x_wconf 88' lang='lat' dir='ltr'><strong>LIB.</strong></span> <span class='ocrx_word' id='word_1_4' title='bbox 1236 352 1312 408; x_wconf 89' lang='lat' dir='ltr'>V.</span> <span class='ocrx_word' id='word_1_5' title='bbox 1358 350 1606 408; x_wconf 75' lang='lat' dir='ltr'><strong>ELEG.</strong></span> <span class='ocrx_word' id='word_1_6' title='bbox 1652 353 1727 407; x_wconf 88' lang='lat' dir='ltr'>X.</span> 
     </span>
    </p>
   </div>
   <div class='ocr_carea' id='block_1_3' title="bbox 1916 354 2022 407">
    <p class='ocr_par' dir='ltr' id='par_1_3' title="bbox 1916 354 2022 407">
     <span class='ocr_line' id='line_1_3' title="bbox 1916 354 2022 407; baseline 0.009 -1"><span class='ocrx_word' id='word_1_7' title='bbox 1916 354 2022 407; x_wconf 85' lang='lat'>235</span> 
     </span>
    </p>
   </div>
   <div class='ocr_carea' id='block_1_4' title="bbox 248 466 2030 2195">
    <p class='ocr_par' dir='ltr' id='par_1_4' title="bbox 248 466 2030 2195">
     <span class='ocr_line' id='line_1_4' title="bbox 336 466 1401 552; baseline -0.001 -22"><span class='ocrx_word' id='word_1_8' title='bbox 336 469 618 530; x_wconf 85' lang='lat' dir='ltr'>Moenibus</span> <span class='ocrx_word' id='word_1_9' title='bbox 646 468 884 548; x_wconf 76' lang='lat' dir='ltr'>exiguis,</span> <span class='ocrx_word' id='word_1_10' title='bbox 912 468 1246 552; x_wconf 77' lang='lat' dir='ltr'>ingenioque</span> <span class='ocrx_word' id='word_1_11' title='bbox 1273 466 1401 529; x_wconf 88' lang='lat' dir='ltr'>loci.</span> 
     </span>
     <span class='ocr_line' id='line_1_5' title="bbox 258 566 1821 648; baseline 0 -20"><span class='ocrx_word' id='word_1_12' title='bbox 258 568 448 648; x_wconf 85' lang='lat' dir='ltr'>Quum</span> <span class='ocrx_word' id='word_1_13' title='bbox 478 567 697 628; x_wconf 88' lang='lat' dir='ltr'>minime</span> <span class='ocrx_word' id='word_1_14' title='bbox 727 566 914 628; x_wconf 83' lang='lat' dir='ltr'>credas</span> <span class='ocrx_word' id='word_1_15' title='bbox 933 613 949 638; x_wconf 90' lang='lat'>‚</span> <span class='ocrx_word' id='word_1_16' title='bbox 980 581 1044 627; x_wconf 92' lang='lat' dir='ltr'>ut</span> <span class='ocrx_word' id='word_1_17' title='bbox 1072 590 1224 639; x_wconf 69' lang='lat' dir='ltr'>aves»,</span> <span class='ocrx_word' id='word_1_18' title='bbox 1255 566 1609 628; x_wconf 84' lang='lat' dir='ltr'>densissimus</span> <span class='ocrx_word' id='word_1_19' title='bbox 1639 566 1821 628; x_wconf 84' lang='lat' dir='ltr'>bostis</span> 
     </span>
     <span class='ocr_line' id='line_1_6' title="bbox 308 662 2028 751; baseline 0.002 -29"><span class='ocrx_word' id='word_1_20' title='bbox 308 742 313 751; x_wconf 30' lang='grc' dir='ltr'>Ι</span> <span class='ocrx_word' id='word_1_21' title='bbox 337 662 606 735; x_wconf 86' lang='lat' dir='ltr'>Advolat,</span> <span class='ocrx_word' id='word_1_22' title='bbox 634 678 686 724; x_wconf 89' lang='lat' dir='ltr'>et</span> <span class='ocrx_word' id='word_1_23' title='bbox 718 663 954 747; x_wconf 79' lang='lat' dir='ltr'>praedam</span> <span class='ocrx_word' id='word_1_24' title='bbox 981 663 1070 724; x_wconf 85' lang='lat' dir='ltr'>vix</span> <span class='ocrx_word' id='word_1_25' title='bbox 1100 664 1240 725; x_wconf 87' lang='lat' dir='ltr'>bene</span> <span class='ocrx_word' id='word_1_26' title='bbox 1265 665 1414 724; x_wconf 83' lang='lat' dir='ltr'>visus</span> <span class='ocrx_word' id='word_1_27' title='bbox 1444 664 1586 743; x_wconf 83' lang='lat' dir='ltr'>agit:</span> <span class='ocrx_word' id='word_1_28' title='bbox 1974 692 2028 721; x_wconf 69' lang='grc' dir='ltr'>ω</span> 
     </span>
     <span class='ocr_line' id='line_1_7' title="bbox 256 756 1528 842; baseline 0.002 -26"><span class='ocrx_word' id='word_1_29' title='bbox 256 757 411 840; x_wconf 84' lang='lat' dir='ltr'>Saepe</span> <span class='ocrx_word' id='word_1_30' title='bbox 438 756 582 818; x_wconf 86' lang='lat' dir='ltr'>intra</span> <span class='ocrx_word' id='word_1_31' title='bbox 605 781 797 821; x_wconf 88' lang='lat' dir='ltr'>muros</span> <span class='ocrx_word' id='word_1_32' title='bbox 825 756 1025 819; x_wconf 83' lang='lat' dir='ltr'>clausis</span> <span class='ocrx_word' id='word_1_33' title='bbox 1052 758 1323 819; x_wconf 79' lang='lat' dir='ltr'>venientia</span> <span class='ocrx_word' id='word_1_34' title='bbox 1352 759 1528 842; x_wconf 84' lang='lat' dir='ltr'>portis</span> 
     </span>
     <span class='ocr_line' id='line_1_8' title="bbox 338 850 1412 932; baseline 0.003 -22"><span class='ocrx_word' id='word_1_35' title='bbox 338 850 443 911; x_wconf 89' lang='lat' dir='ltr'>Per</span> <span class='ocrx_word' id='word_1_36' title='bbox 469 850 673 913; x_wconf 81' lang='lat' dir='ltr'>medias</span> <span class='ocrx_word' id='word_1_37' title='bbox 699 851 931 932; x_wconf 84' lang='lat' dir='ltr'>legimus</span> <span class='ocrx_word' id='word_1_38' title='bbox 952 852 1118 914; x_wconf 89' lang='lat' dir='ltr'>noxia</span> <span class='ocrx_word' id='word_1_39' title='bbox 1147 852 1252 914; x_wconf 85' lang='lat' dir='ltr'>tela</span> <span class='ocrx_word' id='word_1_40' title='bbox 1280 853 1412 914; x_wconf 77' lang='lat' dir='ltr'>vias.</span> 
     </span>
     <span class='ocr_line' id='line_1_9' title="bbox 254 948 1666 1035; baseline 0.001 -26"><span class='ocrx_word' id='word_1_41' title='bbox 254 950 359 1009; x_wconf 87' lang='lat' dir='ltr'>Est</span> <span class='ocrx_word' id='word_1_42' title='bbox 388 948 558 1028; x_wconf 83' lang='lat' dir='ltr'>igitur</span> <span class='ocrx_word' id='word_1_43' title='bbox 575 974 765 1022; x_wconf 70' lang='lat' dir='ltr'>rama,</span> <span class='ocrx_word' id='word_1_44' title='bbox 794 953 889 1035; x_wconf 86' lang='lat' dir='ltr'>qui</span> <span class='ocrx_word' id='word_1_45' title='bbox 918 976 1014 1014; x_wconf 83' lang='lat' dir='ltr'>rus</span> <span class='ocrx_word' id='word_1_46' title='bbox 1043 950 1221 1014; x_wconf 87' lang='lat' dir='ltr'>colere</span> <span class='ocrx_word' id='word_1_47' title='bbox 1247 951 1480 1024; x_wconf 71' lang='lat' dir='ltr'>audfflt3</span> <span class='ocrx_word' id='word_1_48' title='bbox 1510 952 1666 1034; x_wconf 82' lang='lat' dir='ltr'>isque</span> 
     </span>
     <span class='ocr_line' id='line_1_10' title="bbox 336 1047 1552 1122; baseline 0.002 -16"><span class='ocrx_word' id='word_1_49' title='bbox 336 1047 455 1107; x_wconf 82' lang='lat' dir='ltr'>Hac</span> <span class='ocrx_word' id='word_1_50' title='bbox 478 1062 597 1108; x_wconf 86' lang='lat' dir='ltr'>arat</span> <span class='ocrx_word' id='word_1_51' title='bbox 626 1047 816 1109; x_wconf 80' lang='lat' dir='ltr'>infelix</span> <span class='ocrx_word' id='word_1_52' title='bbox 834 1095 851 1122; x_wconf 90' lang='lat'>,</span> <span class='ocrx_word' id='word_1_53' title='bbox 881 1049 984 1109; x_wconf 88' lang='lat' dir='ltr'>hac</span> <span class='ocrx_word' id='word_1_54' title='bbox 1007 1064 1157 1110; x_wconf 86' lang='lat' dir='ltr'>tenet</span> <span class='ocrx_word' id='word_1_55' title='bbox 1180 1072 1329 1109; x_wconf 88' lang='lat' dir='ltr'>arma</span> <span class='ocrx_word' id='word_1_56' title='bbox 1354 1072 1552 1110; x_wconf 88' lang='lat' dir='ltr'>manu:</span> 
     </span>
     <span class='ocr_line' id='line_1_11' title="bbox 252 1141 2026 1229; baseline 0.001 -29"><span class='ocrx_word' id='word_1_57' title='bbox 252 1141 373 1201; x_wconf 88' lang='lat' dir='ltr'>Sub</span> <span class='ocrx_word' id='word_1_58' title='bbox 404 1141 553 1221; x_wconf 82' lang='lat' dir='ltr'>galea</span> <span class='ocrx_word' id='word_1_59' title='bbox 579 1159 770 1226; x_wconf 89' lang='lat' dir='ltr'>pastor</span> <span class='ocrx_word' id='word_1_60' title='bbox 789 1145 994 1227; x_wconf 86' lang='lat' dir='ltr'>junctis</span> <span class='ocrx_word' id='word_1_61' title='bbox 1023 1145 1143 1229; x_wconf 88' lang='lat' dir='ltr'>pice</span> <span class='ocrx_word' id='word_1_62' title='bbox 1170 1160 1353 1205; x_wconf 89' lang='lat' dir='ltr'>cantat</span> <span class='ocrx_word' id='word_1_63' title='bbox 1378 1145 1590 1216; x_wconf 84' lang='lat' dir='ltr'>avenis;</span> <span class='ocrx_word' id='word_1_64' title='bbox 1972 1160 2026 1202; x_wconf 83' lang='lat'>25</span> 
     </span>
     <span class='ocr_line' id='line_1_12' title="bbox 334 1239 1584 1324; baseline 0 -24"><span class='ocrx_word' id='word_1_65' title='bbox 334 1239 555 1323; x_wconf 86' lang='lat' dir='ltr'><strong>Proque</strong></span> <span class='ocrx_word' id='word_1_66' title='bbox 586 1240 719 1324; x_wconf 90' lang='lat' dir='ltr'>lupo</span> <span class='ocrx_word' id='word_1_67' title='bbox 744 1240 953 1324; x_wconf 82' lang='lat' dir='ltr'>pavidae</span> <span class='ocrx_word' id='word_1_68' title='bbox 980 1240 1126 1302; x_wconf 89' lang='lat' dir='ltr'>bella</span> <span class='ocrx_word' id='word_1_69' title='bbox 1156 1256 1412 1302; x_wconf 81' lang='lat' dir='ltr'>verentur</span> <span class='ocrx_word' id='word_1_70' title='bbox 1439 1262 1584 1301; x_wconf 77' lang='lat' dir='ltr'>oves.</span> 
     </span>
     <span class='ocr_line' id='line_1_13' title="bbox 250 1326 1606 1420; baseline 0.002 -25"><span class='ocrx_word' id='word_1_71' title='bbox 250 1335 361 1396; x_wconf 81' lang='lat' dir='ltr'>Vix</span> <span class='ocrx_word' id='word_1_72' title='bbox 388 1359 494 1420; x_wconf 88' lang='lat' dir='ltr'>ope</span> <span class='ocrx_word' id='word_1_73' title='bbox 524 1336 730 1399; x_wconf 79' lang='lat' dir='ltr'>castelli</span> <span class='ocrx_word' id='word_1_74' title='bbox 761 1326 1136 1411; x_wconf 85' lang='lat' dir='ltr'>defendimur;</span> <span class='ocrx_word' id='word_1_75' title='bbox 1165 1352 1221 1399; x_wconf 88' lang='lat' dir='ltr'>et</span> <span class='ocrx_word' id='word_1_76' title='bbox 1249 1352 1427 1399; x_wconf 84' lang='lat' dir='ltr'>tamen</span> <span class='ocrx_word' id='word_1_77' title='bbox 1454 1338 1606 1398; x_wconf 84' lang='lat' dir='ltr'>intus</span> 
     </span>
     <span class='ocr_line' id='line_1_14' title="bbox 331 1433 1596 1497; baseline 0.002 -4"><span class='ocrx_word' id='word_1_78' title='bbox 331 1433 504 1496; x_wconf 81' lang='lat' dir='ltr'>Mista</span> <span class='ocrx_word' id='word_1_79' title='bbox 531 1434 663 1496; x_wconf 84' lang='lat' dir='ltr'>facit</span> <span class='ocrx_word' id='word_1_80' title='bbox 693 1435 875 1496; x_wconf 84' lang='lat' dir='ltr'>Graiis</span> <span class='ocrx_word' id='word_1_81' title='bbox 901 1435 1135 1497; x_wconf 83' lang='lat' dir='ltr'>barbara</span> <span class='ocrx_word' id='word_1_82' title='bbox 1166 1435 1326 1497; x_wconf 91' lang='lat' dir='ltr'>turba</span> <span class='ocrx_word' id='word_1_83' title='bbox 1355 1450 1596 1497; x_wconf 88' lang='lat' dir='ltr'>metum:</span> 
     </span>
     <span class='ocr_line' id='line_1_15' title="bbox 253 1531 1627 1617; baseline 0 -23"><span class='ocrx_word' id='word_1_84' title='bbox 253 1533 480 1617; x_wconf 84' lang='lat' dir='ltr'>Quippe</span> <span class='ocrx_word' id='word_1_85' title='bbox 506 1532 669 1597; x_wconf 88' lang='lat' dir='ltr'>simul</span> <span class='ocrx_word' id='word_1_86' title='bbox 697 1534 863 1595; x_wconf 81' lang='lat' dir='ltr'>nobis</span> <span class='ocrx_word' id='word_1_87' title='bbox 892 1534 1106 1595; x_wconf 87' lang='lat' dir='ltr'>habitat</span> <span class='ocrx_word' id='word_1_88' title='bbox 1133 1533 1445 1595; x_wconf 85' lang='lat' dir='ltr'>discrimine</span> <span class='ocrx_word' id='word_1_89' title='bbox 1471 1531 1627 1594; x_wconf 93' lang='lat' dir='ltr'>nullo</span> 
     </span>
     <span class='ocr_line' id='line_1_16' title="bbox 333 1629 2030 1715; baseline -0.004 -24"><span class='ocrx_word' id='word_1_90' title='bbox 333 1629 639 1703; x_wconf 86' lang='lat' dir='ltr'>Barbarus,</span> <span class='ocrx_word' id='word_1_91' title='bbox 670 1645 726 1692; x_wconf 89' lang='lat' dir='ltr'>et</span> <span class='ocrx_word' id='word_1_92' title='bbox 756 1631 883 1692; x_wconf 93' lang='lat' dir='ltr'>tecti</span> <span class='ocrx_word' id='word_1_93' title='bbox 910 1629 1039 1715; x_wconf 86' lang='lat' dir='ltr'>plus</span> <span class='ocrx_word' id='word_1_94' title='bbox 1069 1654 1295 1714; x_wconf 87' lang='lat' dir='ltr'>quoque</span> <span class='ocrx_word' id='word_1_95' title='bbox 1323 1646 1478 1714; x_wconf 86' lang='lat' dir='ltr'>parte</span> <span class='ocrx_word' id='word_1_96' title='bbox 1510 1644 1674 1692; x_wconf 90' lang='lat' dir='ltr'>tenet.</span> <span class='ocrx_word' id='word_1_97' title='bbox 1800 1678 1811 1689; x_wconf 90' lang='lat'><strong>.</strong></span> <span class='ocrx_word' id='word_1_98' title='bbox 1974 1642 2030 1685; x_wconf 77' lang='lat'>30</span> 
     </span>
     <span class='ocr_line' id='line_1_17' title="bbox 253 1725 1594 1811; baseline 0.001 -25"><span class='ocrx_word' id='word_1_99' title='bbox 253 1725 417 1805; x_wconf 82' lang='lat' dir='ltr'>Quos</span> <span class='ocrx_word' id='word_1_100' title='bbox 445 1741 510 1787; x_wconf 91' lang='lat' dir='ltr'>ut</span> <span class='ocrx_word' id='word_1_101' title='bbox 539 1750 653 1788; x_wconf 91' lang='lat' dir='ltr'>non</span> <span class='ocrx_word' id='word_1_102' title='bbox 681 1728 906 1799; x_wconf 88' lang='lat' dir='ltr'>timeas,</span> <span class='ocrx_word' id='word_1_103' title='bbox 936 1726 1119 1811; x_wconf 86' lang='lat' dir='ltr'>possis</span> <span class='ocrx_word' id='word_1_104' title='bbox 1147 1727 1329 1789; x_wconf 80' lang='lat' dir='ltr'>odisse</span> <span class='ocrx_word' id='word_1_105' title='bbox 1357 1727 1594 1788; x_wconf 82' lang='lat' dir='ltr'>videndo</span> 
     </span>
     <span class='ocr_line' id='line_1_18' title="bbox 331 1819 1503 1908; baseline 0.001 -27"><span class='ocrx_word' id='word_1_106' title='bbox 331 1819 581 1884; x_wconf 88' lang='lat' dir='ltr'>Pellibus</span> <span class='ocrx_word' id='word_1_107' title='bbox 610 1838 663 1884; x_wconf 90' lang='lat' dir='ltr'>et</span> <span class='ocrx_word' id='word_1_108' title='bbox 691 1822 858 1903; x_wconf 84' lang='lat' dir='ltr'>longa</span> <span class='ocrx_word' id='word_1_109' title='bbox 887 1839 1133 1908; x_wconf 89' lang='lat' dir='ltr'>tempora</span> <span class='ocrx_word' id='word_1_110' title='bbox 1163 1837 1302 1884; x_wconf 86' lang='lat' dir='ltr'>tecta</span> <span class='ocrx_word' id='word_1_111' title='bbox 1330 1845 1503 1883; x_wconf 86' lang='lat' dir='ltr'>coma.</span> 
     </span>
     <span class='ocr_line' id='line_1_19' title="bbox 251 1917 1807 2004; baseline 0.001 -27"><span class='ocrx_word' id='word_1_112' title='bbox 251 1917 373 1978; x_wconf 83' lang='lat' dir='ltr'>Hos</span> <span class='ocrx_word' id='word_1_113' title='bbox 401 1942 656 2003; x_wconf 86' lang='lat' dir='ltr'>quoque,</span> <span class='ocrx_word' id='word_1_114' title='bbox 690 1921 785 2004; x_wconf 90' lang='lat' dir='ltr'>qui</span> <span class='ocrx_word' id='word_1_115' title='bbox 813 1921 983 1999; x_wconf 83' lang='lat' dir='ltr'>geniti</span> <span class='ocrx_word' id='word_1_116' title='bbox 1018 1921 1184 1981; x_wconf 86' lang='lat' dir='ltr'>Graia</span> <span class='ocrx_word' id='word_1_117' title='bbox 1210 1920 1508 1981; x_wconf 85' lang='lat' dir='ltr'>creduntur</span> <span class='ocrx_word' id='word_1_118' title='bbox 1534 1919 1606 1980; x_wconf 89' lang='lat' dir='ltr'>ab</span> <span class='ocrx_word' id='word_1_119' title='bbox 1635 1918 1773 1980; x_wconf 88' lang='lat' dir='ltr'>urbe</span> <span class='ocrx_word' id='word_1_120' title='bbox 1790 1963 1807 1989; x_wconf 86' lang='lat'>‚</span> 
     </span>
     <span class='ocr_line' id='line_1_20' title="bbox 330 2014 1484 2099; baseline 0.003 -25"><span class='ocrx_word' id='word_1_121' title='bbox 330 2014 442 2075; x_wconf 92' lang='lat' dir='ltr'>Pro</span> <span class='ocrx_word' id='word_1_122' title='bbox 469 2016 649 2099; x_wconf 87' lang='lat' dir='ltr'>patrio</span> <span class='ocrx_word' id='word_1_123' title='bbox 677 2015 829 2078; x_wconf 89' lang='lat' dir='ltr'>cultu</span> <span class='ocrx_word' id='word_1_124' title='bbox 863 2018 1079 2078; x_wconf 84' lang='lat' dir='ltr'>Persica</span> <span class='ocrx_word' id='word_1_125' title='bbox 1107 2017 1303 2078; x_wconf 88' lang='lat' dir='ltr'>bracca</span> <span class='ocrx_word' id='word_1_126' title='bbox 1336 2017 1484 2097; x_wconf 83' lang='lat' dir='ltr'>tegit.</span> 
     </span>
     <span class='ocr_line' id='line_1_21' title="bbox 248 2113 2027 2195; baseline 0.002 -21"><span class='ocrx_word' id='word_1_127' title='bbox 248 2113 520 2175; x_wconf 81' lang='lat' dir='ltr'>Exercent</span> <span class='ocrx_word' id='word_1_128' title='bbox 546 2114 629 2175; x_wconf 92' lang='lat' dir='ltr'>illi</span> <span class='ocrx_word' id='word_1_129' title='bbox 659 2116 820 2177; x_wconf 83' lang='lat' dir='ltr'>sociae</span> <span class='ocrx_word' id='word_1_130' title='bbox 850 2117 1172 2178; x_wconf 88' lang='lat' dir='ltr'>commercia</span> <span class='ocrx_word' id='word_1_131' title='bbox 1199 2115 1432 2195; x_wconf 69' lang='lat' dir='ltr'>lingua:</span> <span class='ocrx_word' id='word_1_132' title='bbox 1972 2127 2027 2169; x_wconf 84' lang='lat'>³⁵</span> 
     </span>
    </p>
   </div>
   <div class='ocr_carea' id='block_1_5' title="bbox 245 2249 1098 3539">
    <p class='ocr_par' dir='ltr' id='par_1_5' title="bbox 248 2249 1095 2359">
     <span class='ocr_line' id='line_1_22' title="bbox 307 2249 1095 2309; baseline 0.009 -17"><span class='ocrx_word' id='word_1_133' title='bbox 307 2249 370 2292; x_wconf 77' lang='lat'>18.</span> <span class='ocrx_word' id='word_1_134' title='bbox 402 2251 653 2309; x_wconf 62' lang='lat' dir='ltr'>Ingeniosa</span> <span class='ocrx_word' id='word_1_135' title='bbox 676 2255 774 2298; x_wconf 79' lang='lat' dir='ltr'>loci.</span> <span class='ocrx_word' id='word_1_136' title='bbox 804 2253 903 2299; x_wconf 85' lang='lat' dir='ltr'>Situ</span> <span class='ocrx_word' id='word_1_137' title='bbox 931 2263 977 2298; x_wconf 85' lang='lat' dir='ltr'>et</span> <span class='ocrx_word' id='word_1_138' title='bbox 1003 2270 1095 2299; x_wconf 88' lang='lat' dir='ltr'>na-</span> 
     </span>
     <span class='ocr_line' id='line_1_23' title="bbox 248 2312 460 2359; baseline 0.019 -4"><span class='ocrx_word' id='word_1_139' title='bbox 248 2319 350 2356; x_wconf 79' lang='lat' dir='ltr'>tura</span> <span class='ocrx_word' id='word_1_140' title='bbox 364 2312 460 2359; x_wconf 80' lang='lat' dir='ltr'>loci.</span> 
     </span>
    </p>

    <p class='ocr_par' dir='ltr' id='par_1_6' title="bbox 250 2379 1098 2629">
     <span class='ocr_line' id='line_1_24' title="bbox 307 2379 1094 2437; baseline 0.011 -18"><span class='ocrx_word' id='word_1_141' title='bbox 307 2393 369 2437; x_wconf 77' lang='lat'>¹9-</span> <span class='ocrx_word' id='word_1_142' title='bbox 389 2379 524 2434; x_wconf 69' lang='lat' dir='ltr'>Qun</span> <span class='ocrx_word' id='word_1_143' title='bbox 541 2385 713 2424; x_wconf 61' lang='grc' dir='ltr'>,ἱεῖσι</span> <span class='ocrx_word' id='word_1_144' title='bbox 723 2385 872 2425; x_wconf 77' lang='lat' dir='ltr'>credas</span> <span class='ocrx_word' id='word_1_145' title='bbox 884 2415 897 2436; x_wconf 86' lang='lat'>,</span> <span class='ocrx_word' id='word_1_146' title='bbox 919 2392 967 2426; x_wconf 75' lang='lat' dir='ltr'>nt</span> <span class='ocrx_word' id='word_1_147' title='bbox 986 2389 1094 2428; x_wconf 70' lang='lat' dir='ltr'>acis.</span> 
     </span>
     <span class='ocr_line' id='line_1_25' title="bbox 255 2442 1098 2502; baseline 0.009 -19"><span class='ocrx_word' id='word_1_148' title='bbox 255 2442 316 2484; x_wconf 85' lang='lat' dir='ltr'>Ul</span> <span class='ocrx_word' id='word_1_149' title='bbox 324 2458 425 2486; x_wconf 67' lang='lat' dir='ltr'>aves</span> <span class='ocrx_word' id='word_1_150' title='bbox 436 2445 595 2488; x_wconf 84' lang='lat' dir='ltr'>rectius</span> <span class='ocrx_word' id='word_1_151' title='bbox 605 2445 752 2502; x_wconf 80' lang='lat' dir='ltr'>scripti</span> <span class='ocrx_word' id='word_1_152' title='bbox 766 2446 985 2500; x_wconf 85' lang='lat' dir='ltr'>nonnulli,</span> <span class='ocrx_word' id='word_1_153' title='bbox 994 2465 1098 2492; x_wconf 86' lang='lat' dir='ltr'>cum</span> 
     </span>
     <span class='ocr_line' id='line_1_26' title="bbox 250 2507 1095 2563; baseline 0.008 -14"><span class='ocrx_word' id='word_1_154' title='bbox 250 2507 396 2563; x_wconf 76' lang='lat' dir='ltr'>priscis</span> <span class='ocrx_word' id='word_1_155' title='bbox 423 2507 702 2554; x_wconf 75' lang='lat' dir='ltr'>editionibus.</span> <span class='ocrx_word' id='word_1_156' title='bbox 721 2509 899 2554; x_wconf 82' lang='lat' dir='ltr'>Deinde</span> <span class='ocrx_word' id='word_1_157' title='bbox 924 2512 1095 2556; x_wconf 81' lang='lat' dir='ltr'>Richel.</span> 
     </span>
     <span class='ocr_line' id='line_1_27' title="bbox 253 2576 853 2629; baseline 0.005 -13"><span class='ocrx_word' id='word_1_158' title='bbox 253 2576 391 2629; x_wconf 70' lang='lat' dir='ltr'>Quum</span> <span class='ocrx_word' id='word_1_159' title='bbox 403 2577 507 2618; x_wconf 72' lang='lat' dir='ltr'>bene</span> <span class='ocrx_word' id='word_1_160' title='bbox 518 2579 594 2618; x_wconf 70' lang='lat' dir='ltr'>vix</span> <span class='ocrx_word' id='word_1_161' title='bbox 611 2578 771 2619; x_wconf 79' lang='lat' dir='ltr'>credas.</span> <span class='ocrx_word' id='word_1_162' title='bbox 792 2576 853 2619; x_wconf 90' lang='lat' dir='ltr'>H.</span> 
     </span>
    </p>

    <p class='ocr_par' dir='ltr' id='par_1_7' title="bbox 248 2640 1094 2813">
     <span class='ocr_line' id='line_1_28' title="bbox 304 2640 1090 2686; baseline 0.008 -6"><span class='ocrx_word' id='word_1_163' title='bbox 304 2655 371 2682; x_wconf 78' lang='lat'>22.</span> <span class='ocrx_word' id='word_1_164' title='bbox 391 2641 537 2683; x_wconf 69' lang='lat' dir='ltr'>Noxia</span> <span class='ocrx_word' id='word_1_165' title='bbox 548 2643 646 2683; x_wconf 77' lang='lat' dir='ltr'>tela.</span> <span class='ocrx_word' id='word_1_166' title='bbox 663 2641 827 2683; x_wconf 54' lang='lat' dir='ltr'>Martha</span> <span class='ocrx_word' id='word_1_167' title='bbox 840 2640 1090 2686; x_wconf 83' lang='lat' dir='ltr'>Vossianus.</span> 
     </span>
     <span class='ocr_line' id='line_1_29' title="bbox 255 2704 1094 2764; baseline 0.008 -19"><span class='ocrx_word' id='word_1_168' title='bbox 255 2704 362 2747; x_wconf 76' lang='lat' dir='ltr'>Tela</span> <span class='ocrx_word' id='word_1_169' title='bbox 386 2709 537 2749; x_wconf 71' lang='grc' dir='ltr'>ποι-ἱνα</span> <span class='ocrx_word' id='word_1_170' title='bbox 556 2705 793 2764; x_wconf 84' lang='lat' dir='ltr'>Gottorph.</span> <span class='ocrx_word' id='word_1_171' title='bbox 823 2723 905 2764; x_wconf 87' lang='lat' dir='ltr'>pro</span> <span class='ocrx_word' id='word_1_172' title='bbox 924 2707 1094 2752; x_wconf 81' lang='lat' dir='ltr'>diversa</span> 
     </span>
     <span class='ocr_line' id='line_1_30' title="bbox 248 2767 449 2813; baseline 0 -1"><span class='ocrx_word' id='word_1_173' title='bbox 248 2767 449 2813; x_wconf 75' lang='lat' dir='ltr'>lectione.</span> 
     </span>
    </p>

    <p class='ocr_par' dir='ltr' id='par_1_8' title="bbox 245 2834 1094 3343">
     <span class='ocr_line' id='line_1_31' title="bbox 303 2834 1094 2894; baseline 0.008 -17"><span class='ocrx_word' id='word_1_174' title='bbox 303 2834 369 2877; x_wconf 80' lang='lat'>23.</span> <span class='ocrx_word' id='word_1_175' title='bbox 382 2837 468 2878; x_wconf 80' lang='lat' dir='ltr'>Est</span> <span class='ocrx_word' id='word_1_176' title='bbox 480 2839 608 2891; x_wconf 68' lang='lat' dir='ltr'>igitur</span> <span class='ocrx_word' id='word_1_177' title='bbox 622 2852 743 2880; x_wconf 73' lang='grc' dir='ltr'><em>τινω-</em></span> <span class='ocrx_word' id='word_1_178' title='bbox 755 2870 767 2890; x_wconf 89' lang='grc'><em>,</em></span> <span class='ocrx_word' id='word_1_179' title='bbox 792 2839 966 2894; x_wconf 71' lang='lat' dir='ltr'>que’jan</span> <span class='ocrx_word' id='word_1_180' title='bbox 979 2842 1094 2882; x_wconf 79' lang='lat' dir='ltr'>cole-</span> 
     </span>
     <span class='ocr_line' id='line_1_32' title="bbox 248 2901 1093 2959; baseline 0.007 -17"><span class='ocrx_word' id='word_1_181' title='bbox 248 2902 468 2946; x_wconf 70' lang='lat' dir='ltr'>oeoeleat.</span> <span class='ocrx_word' id='word_1_182' title='bbox 482 2901 607 2959; x_wconf 87' lang='lat' dir='ltr'>Quid</span> <span class='ocrx_word' id='word_1_183' title='bbox 619 2903 777 2948; x_wconf 79' lang='lat' dir='ltr'>audeat</span> <span class='ocrx_word' id='word_1_184' title='bbox 791 2904 931 2948; x_wconf 85' lang='lat' dir='ltr'>colere</span> <span class='ocrx_word' id='word_1_185' title='bbox 947 2905 968 2948; x_wconf 88' lang='lat'>?</span> <span class='ocrx_word' id='word_1_186' title='bbox 984 2905 1093 2950; x_wconf 78' lang='lat' dir='ltr'>Scri-</span> 
     </span>
     <span class='ocr_line' id='line_1_33' title="bbox 245 2962 1092 3026; baseline 0.007 -20"><span class='ocrx_word' id='word_1_187' title='bbox 245 2962 326 3016; x_wconf 82' lang='lat' dir='ltr'>be,</span> <span class='ocrx_word' id='word_1_188' title='bbox 344 2980 417 3007; x_wconf 79' lang='lat' dir='ltr'>ms</span> <span class='ocrx_word' id='word_1_189' title='bbox 441 2970 516 3022; x_wconf 71' lang='lat' dir='ltr'>qni</span> <span class='ocrx_word' id='word_1_190' title='bbox 531 2971 664 3011; x_wconf 72' lang='lat' dir='ltr'>colem</span> <span class='ocrx_word' id='word_1_191' title='bbox 681 2971 864 3018; x_wconf 57' lang='lat' dir='ltr'>audeam</span> <span class='ocrx_word' id='word_1_192' title='bbox 892 2985 988 3026; x_wconf 81' lang='lat' dir='ltr'>quae</span> <span class='ocrx_word' id='word_1_193' title='bbox 1011 2985 1092 3012; x_wconf 85' lang='lat' dir='ltr'>vox</span> 
     </span>
     <span class='ocr_line' id='line_1_34' title="bbox 247 3027 1092 3091; baseline 0.012 -23"><span class='ocrx_word' id='word_1_194' title='bbox 247 3027 461 3072; x_wconf 76' lang='lat' dir='ltr'>exciderat</span> <span class='ocrx_word' id='word_1_195' title='bbox 473 3061 487 3083; x_wconf 89' lang='lat'>,</span> <span class='ocrx_word' id='word_1_196' title='bbox 500 3031 556 3074; x_wconf 88' lang='lat' dir='ltr'>ob</span> <span class='ocrx_word' id='word_1_197' title='bbox 568 3033 874 3088; x_wconf 77' lang='lat' dir='ltr'>cognationem</span> <span class='ocrx_word' id='word_1_198' title='bbox 887 3035 1092 3091; x_wconf 83' lang='lat' dir='ltr'>posterio-</span> 
     </span>
     <span class='ocr_line' id='line_1_35' title="bbox 246 3091 1091 3155; baseline 0.008 -20"><span class='ocrx_word' id='word_1_199' title='bbox 246 3091 305 3135; x_wconf 82' lang='lat' dir='ltr'>ris</span> <span class='ocrx_word' id='word_1_200' title='bbox 317 3092 486 3151; x_wconf 65' lang='lat' dir='ltr'>syllaba</span> <span class='ocrx_word' id='word_1_201' title='bbox 505 3097 549 3139; x_wconf 90' lang='lat' dir='ltr'>in</span> <span class='ocrx_word' id='word_1_202' title='bbox 570 3114 690 3140; x_wconf 73' lang='lat' dir='ltr'>rans</span> <span class='ocrx_word' id='word_1_203' title='bbox 712 3116 726 3141; x_wconf 85' lang='lat'>.·</span> <span class='ocrx_word' id='word_1_204' title='bbox 744 3099 855 3143; x_wconf 80' lang='lat' dir='ltr'>hanc</span> <span class='ocrx_word' id='word_1_205' title='bbox 870 3101 1091 3155; x_wconf 78' lang='lat' dir='ltr'>conjectu-</span> 
     </span>
     <span class='ocr_line' id='line_1_36' title="bbox 247 3160 1088 3214; baseline 0.01 -15"><span class='ocrx_word' id='word_1_206' title='bbox 247 3170 343 3199; x_wconf 84' lang='lat' dir='ltr'>ram</span> <span class='ocrx_word' id='word_1_207' title='bbox 376 3167 524 3214; x_wconf 81' lang='lat' dir='ltr'>postea</span> <span class='ocrx_word' id='word_1_208' title='bbox 556 3160 603 3203; x_wconf 88' lang='lat' dir='ltr'>in</span> <span class='ocrx_word' id='word_1_209' title='bbox 631 3162 778 3207; x_wconf 85' lang='lat' dir='ltr'>codice</span> <span class='ocrx_word' id='word_1_210' title='bbox 813 3164 1088 3207; x_wconf 79' lang='lat' dir='ltr'>Medoniano</span> 
     </span>
     <span class='ocr_line' id='line_1_37' title="bbox 246 3221 1092 3285; baseline 0.011 -21"><span class='ocrx_word' id='word_1_211' title='bbox 246 3221 551 3266; x_wconf 81' lang='lat' dir='ltr'>confirmatam</span> <span class='ocrx_word' id='word_1_212' title='bbox 564 3224 834 3282; x_wconf 85' lang='lat' dir='ltr'>deprehendi</span> <span class='ocrx_word' id='word_1_213' title='bbox 845 3245 856 3270; x_wconf 89' lang='lat'>:</span> <span class='ocrx_word' id='word_1_214' title='bbox 869 3228 914 3270; x_wconf 87' lang='lat' dir='ltr'>in</span> <span class='ocrx_word' id='word_1_215' title='bbox 924 3245 1092 3285; x_wconf 80' lang='lat' dir='ltr'>quom</span> 
     </span>
     <span class='ocr_line' id='line_1_38' title="bbox 246 3290 730 3343; baseline 0.01 -16"><span class='ocrx_word' id='word_1_216' title='bbox 246 3291 321 3343; x_wconf 78' lang='lat' dir='ltr'>qui</span> <span class='ocrx_word' id='word_1_217' title='bbox 335 3290 471 3329; x_wconf 78' lang='lat' dir='ltr'>colere</span> <span class='ocrx_word' id='word_1_218' title='bbox 485 3292 652 3333; x_wconf 80' lang='lat' dir='ltr'>audeat.</span> <span class='ocrx_word' id='word_1_219' title='bbox 667 3291 730 3334; x_wconf 87' lang='lat' dir='ltr'>H.</span> 
     </span>
    </p>

    <p class='ocr_par' dir='ltr' id='par_1_9' title="bbox 247 3353 1085 3464">
     <span class='ocr_line' id='line_1_39' title="bbox 302 3353 1085 3413; baseline 0.013 -19"><span class='ocrx_word' id='word_1_220' title='bbox 302 3353 367 3395; x_wconf 81' lang='lat'>28.</span> <span class='ocrx_word' id='word_1_221' title='bbox 378 3354 573 3396; x_wconf 76' lang='lat' dir='ltr'>Barbara</span> <span class='ocrx_word' id='word_1_222' title='bbox 589 3357 723 3397; x_wconf 74' lang='lat' dir='ltr'>turba.</span> <span class='ocrx_word' id='word_1_223' title='bbox 744 3355 870 3400; x_wconf 76' lang='lat' dir='ltr'>Getae</span> <span class='ocrx_word' id='word_1_224' title='bbox 883 3389 896 3409; x_wconf 88' lang='lat'>‚</span> <span class='ocrx_word' id='word_1_225' title='bbox 911 3358 985 3413; x_wconf 84' lang='lat' dir='ltr'>qui</span> <span class='ocrx_word' id='word_1_226' title='bbox 997 3375 1085 3403; x_wconf 78' lang='lat' dir='ltr'>una</span> 
     </span>
     <span class='ocr_line' id='line_1_40' title="bbox 247 3415 950 3464; baseline 0.009 -6"><span class='ocrx_word' id='word_1_227' title='bbox 247 3431 347 3458; x_wconf 88' lang='lat' dir='ltr'>cum</span> <span class='ocrx_word' id='word_1_228' title='bbox 367 3415 527 3460; x_wconf 79' lang='lat' dir='ltr'>Graecis</span> <span class='ocrx_word' id='word_1_229' title='bbox 546 3419 722 3462; x_wconf 88' lang='lat' dir='ltr'>Tomon</span> <span class='ocrx_word' id='word_1_230' title='bbox 738 3420 950 3464; x_wconf 85' lang='lat' dir='ltr'>habitant.</span> 
     </span>
    </p>

    <p class='ocr_par' dir='ltr' id='par_1_10' title="bbox 304 3483 1088 3539">
     <span class='ocr_line' id='line_1_41' title="bbox 304 3483 1088 3539; baseline 0.015 -18"><span class='ocrx_word' id='word_1_231' title='bbox 304 3497 367 3539; x_wconf 79' lang='lat'>²9·</span> <span class='ocrx_word' id='word_1_232' title='bbox 399 3483 535 3524; x_wconf 78' lang='lat' dir='ltr'><em>Simul</em></span> <span class='ocrx_word' id='word_1_233' title='bbox 554 3487 686 3528; x_wconf 81' lang='lat' dir='ltr'>nobis.</span> <span class='ocrx_word' id='word_1_234' title='bbox 717 3488 939 3531; x_wconf 62' lang='lat' dir='ltr'>Nobiscum</span> <span class='ocrx_word' id='word_1_235' title='bbox 959 3490 1088 3533; x_wconf 85' lang='lat' dir='ltr'>multi</span> 
     </span>
    </p>
   </div>
   <div class='ocr_carea' id='block_1_6' title="bbox 1166 2247 2030 3540">
    <p class='ocr_par' dir='ltr' id='par_1_11' title="bbox 1166 2247 2030 3540">
     <span class='ocr_line' id='line_1_42' title="bbox 1180 2247 2028 2311; baseline -0.007 -14"><span class='ocrx_word' id='word_1_236' title='bbox 1180 2253 1327 2311; x_wconf 83' lang='lat' dir='ltr'>scripti</span> <span class='ocrx_word' id='word_1_237' title='bbox 1347 2261 1393 2296; x_wconf 83' lang='lat' dir='ltr'>et</span> <span class='ocrx_word' id='word_1_238' title='bbox 1413 2252 1518 2295; x_wconf 85' lang='lat' dir='ltr'>olim</span> <span class='ocrx_word' id='word_1_239' title='bbox 1541 2250 1647 2295; x_wconf 84' lang='lat' dir='ltr'>editi</span> <span class='ocrx_word' id='word_1_240' title='bbox 1664 2249 1870 2307; x_wconf 78' lang='lat' dir='ltr'>quidam3</span> <span class='ocrx_word' id='word_1_241' title='bbox 1889 2247 2002 2292; x_wconf 83' lang='lat' dir='ltr'>male</span> <span class='ocrx_word' id='word_1_242' title='bbox 2015 2264 2028 2291; x_wconf 73' lang='grc' dir='ltr'>ε</span> 
     </span>
     <span class='ocr_line' id='line_1_43' title="bbox 1176 2313 2030 2361; baseline -0.007 -2"><span class='ocrx_word' id='word_1_243' title='bbox 1176 2318 1236 2361; x_wconf 83' lang='lat' dir='ltr'>ita</span> <span class='ocrx_word' id='word_1_244' title='bbox 1258 2318 1379 2361; x_wconf 86' lang='lat' dir='ltr'>enim</span> <span class='ocrx_word' id='word_1_245' title='bbox 1402 2315 1560 2359; x_wconf 85' lang='lat' dir='ltr'>millies</span> <span class='ocrx_word' id='word_1_246' title='bbox 1581 2323 1748 2358; x_wconf 78' lang='lat' dir='ltr'>veteres</span> <span class='ocrx_word' id='word_1_247' title='bbox 1768 2313 1899 2357; x_wconf 84' lang='lat' dir='ltr'>locuti</span> <span class='ocrx_word' id='word_1_248' title='bbox 1913 2320 2030 2357; x_wconf 85' lang='lat' dir='ltr'>sunt.</span> 
     </span>
     <span class='ocr_line' id='line_1_44' title="bbox 1233 2381 2026 2436; baseline -0.009 -10"><span class='ocrx_word' id='word_1_249' title='bbox 1233 2384 1299 2425; x_wconf 81' lang='lat'>31.</span> <span class='ocrx_word' id='word_1_250' title='bbox 1327 2385 1443 2436; x_wconf 79' lang='lat' dir='ltr'>Quos</span> <span class='ocrx_word' id='word_1_251' title='bbox 1473 2391 1522 2424; x_wconf 75' lang='lat' dir='ltr'>nt</span> <span class='ocrx_word' id='word_1_252' title='bbox 1548 2397 1632 2423; x_wconf 76' lang='lat' dir='ltr'>noa</span> <span class='ocrx_word' id='word_1_253' title='bbox 1658 2385 1819 2423; x_wconf 69' lang='lat' dir='ltr'>mnas.</span> <span class='ocrx_word' id='word_1_254' title='bbox 1845 2381 2026 2432; x_wconf 65' lang='grc' dir='ltr'><em>ρεστ..</em></span> 
     </span>
     <span class='ocr_line' id='line_1_45' title="bbox 1175 2441 2023 2503; baseline -0.008 -13"><span class='ocrx_word' id='word_1_255' title='bbox 1175 2446 1306 2503; x_wconf 85' lang='lat' dir='ltr'>prim.</span> <span class='ocrx_word' id='word_1_256' title='bbox 1326 2446 1418 2489; x_wconf 83' lang='lat' dir='ltr'>Pal.</span> <span class='ocrx_word' id='word_1_257' title='bbox 1443 2446 1570 2502; x_wconf 85' lang='lat' dir='ltr'>prim.</span> <span class='ocrx_word' id='word_1_258' title='bbox 1594 2444 1732 2487; x_wconf 84' lang='lat' dir='ltr'>Vatic.</span> <span class='ocrx_word' id='word_1_259' title='bbox 1754 2452 1800 2487; x_wconf 84' lang='lat' dir='ltr'>et</span> <span class='ocrx_word' id='word_1_260' title='bbox 1826 2441 2023 2499; x_wconf 83' lang='lat' dir='ltr'>quinque</span> 
     </span>
     <span class='ocr_line' id='line_1_46' title="bbox 1176 2506 2025 2566; baseline -0.004 -14"><span class='ocrx_word' id='word_1_261' title='bbox 1176 2510 1268 2563; x_wconf 81' lang='lat' dir='ltr'>alii,</span> <span class='ocrx_word' id='word_1_262' title='bbox 1285 2520 1335 2554; x_wconf 90' lang='lat' dir='ltr'>ut</span> <span class='ocrx_word' id='word_1_263' title='bbox 1348 2519 1461 2553; x_wconf 60' lang='lat' dir='ltr'>esset</span> <span class='ocrx_word' id='word_1_264' title='bbox 1473 2509 1640 2554; x_wconf 86' lang='lat' dir='ltr'>dictum</span> <span class='ocrx_word' id='word_1_265' title='bbox 1654 2542 1668 2563; x_wconf 91' lang='lat'>,</span> <span class='ocrx_word' id='word_1_266' title='bbox 1687 2506 1912 2566; x_wconf 84' lang='lat' dir='ltr'>quomodo</span> <span class='ocrx_word' id='word_1_267' title='bbox 1924 2540 1937 2561; x_wconf 82' lang='lat'><em>,</em></span> <span class='ocrx_word' id='word_1_268' title='bbox 1952 2508 2025 2549; x_wconf 72' lang='lat' dir='ltr'>ab·</span> 
     </span>
     <span class='ocr_line' id='line_1_47' title="bbox 1174 2571 2025 2632; baseline -0.002 -14"><span class='ocrx_word' id='word_1_269' title='bbox 1174 2581 1327 2619; x_wconf 78' lang='lat' dir='ltr'>stineto</span> <span class='ocrx_word' id='word_1_270' title='bbox 1344 2581 1498 2619; x_wconf 66' lang='lat' dir='ltr'>itanu</span> <span class='ocrx_word' id='word_1_271' title='bbox 1514 2609 1527 2631; x_wconf 86' lang='lat'>,</span> <span class='ocrx_word' id='word_1_272' title='bbox 1542 2579 1686 2619; x_wconf 75' lang='lat' dir='ltr'>desine</span> <span class='ocrx_word' id='word_1_273' title='bbox 1702 2577 1958 2632; x_wconf 70' lang='lat' dir='ltr'>qnerelm-</span> <span class='ocrx_word' id='word_1_274' title='bbox 1970 2571 2025 2616; x_wconf 76' lang='lat' dir='ltr'>ab</span> 
     </span>
     <span class='ocr_line' id='line_1_48' title="bbox 1174 2639 1969 2698; baseline -0.003 -15"><span class='ocrx_word' id='word_1_275' title='bbox 1174 2640 1364 2684; x_wconf 80' lang='lat' dir='ltr'>Horatio</span> <span class='ocrx_word' id='word_1_276' title='bbox 1377 2674 1389 2695; x_wconf 87' lang='lat'>,</span> <span class='ocrx_word' id='word_1_277' title='bbox 1412 2650 1457 2684; x_wconf 87' lang='lat' dir='ltr'>et</span> <span class='ocrx_word' id='word_1_278' title='bbox 1475 2640 1631 2684; x_wconf 73' lang='lat' dir='ltr'>similia</span> <span class='ocrx_word' id='word_1_279' title='bbox 1650 2641 1807 2698; x_wconf 83' lang='lat' dir='ltr'>passim</span> <span class='ocrx_word' id='word_1_280' title='bbox 1829 2639 1969 2682; x_wconf 80' lang='lat' dir='ltr'>obvia.</span> 
     </span>
     <span class='ocr_line' id='line_1_49' title="bbox 1227 2708 2021 2763; baseline -0.001 -13"><span class='ocrx_word' id='word_1_281' title='bbox 1227 2708 1296 2751; x_wconf 80' lang='lat'>32.</span> <span class='ocrx_word' id='word_1_282' title='bbox 1314 2709 1501 2753; x_wconf 72' lang='lat' dir='ltr'>Pellibus</span> <span class='ocrx_word' id='word_1_283' title='bbox 1517 2719 1563 2752; x_wconf 83' lang='lat' dir='ltr'>et</span> <span class='ocrx_word' id='word_1_284' title='bbox 1576 2711 1705 2763; x_wconf 70' lang='lat' dir='ltr'>longa</span> <span class='ocrx_word' id='word_1_285' title='bbox 1719 2723 1895 2762; x_wconf 74' lang='lat' dir='ltr'>corpora</span> <span class='ocrx_word' id='word_1_286' title='bbox 1907 2713 2021 2750; x_wconf 73' lang='lat' dir='ltr'>tecta</span> 
     </span>
     <span class='ocr_line' id='line_1_50' title="bbox 1172 2773 2022 2830; baseline -0.002 -15"><span class='ocrx_word' id='word_1_287' title='bbox 1172 2788 1306 2816; x_wconf 69' lang='lat' dir='ltr'>cona.</span> <span class='ocrx_word' id='word_1_288' title='bbox 1336 2776 1517 2817; x_wconf 81' lang='lat' dir='ltr'>Pectora</span> <span class='ocrx_word' id='word_1_289' title='bbox 1539 2773 1717 2830; x_wconf 85' lang='lat' dir='ltr'>quidam</span> <span class='ocrx_word' id='word_1_290' title='bbox 1737 2781 1907 2816; x_wconf 63' lang='lat' dir='ltr'>veteres</span> <span class='ocrx_word' id='word_1_291' title='bbox 1931 2788 1944 2815; x_wconf 77' lang='lat' dir='ltr'><em>z</em></span> <span class='ocrx_word' id='word_1_292' title='bbox 1977 2779 2022 2814; x_wconf 84' lang='lat' dir='ltr'>at</span> 
     </span>
     <span class='ocr_line' id='line_1_51' title="bbox 1172 2835 2016 2896; baseline -0.002 -16"><span class='ocrx_word' id='word_1_293' title='bbox 1172 2852 1288 2881; x_wconf 85' lang='lat' dir='ltr'>unus</span> <span class='ocrx_word' id='word_1_294' title='bbox 1308 2837 1602 2882; x_wconf 75' lang='lat' dir='ltr'>Bononiensis</span> <span class='ocrx_word' id='word_1_295' title='bbox 1626 2855 1728 2882; x_wconf 85' lang='lat' dir='ltr'>cum</span> <span class='ocrx_word' id='word_1_296' title='bbox 1754 2838 1902 2896; x_wconf 80' lang='lat' dir='ltr'>priscis</span> <span class='ocrx_word' id='word_1_297' title='bbox 1918 2835 2016 2880; x_wconf 81' lang='lat' dir='ltr'>edi·</span> 
     </span>
     <span class='ocr_line' id='line_1_52' title="bbox 1172 2900 2019 2961; baseline -0.001 -17"><span class='ocrx_word' id='word_1_298' title='bbox 1172 2901 1381 2956; x_wconf 78' lang='lat' dir='ltr'>tionibus,</span> <span class='ocrx_word' id='word_1_299' title='bbox 1395 2910 1599 2959; x_wconf 44' lang='lat' dir='ltr'>lewa·</span> <span class='ocrx_word' id='word_1_300' title='bbox 1609 2903 1727 2961; x_wconf 82' lang='lat' dir='ltr'>quod</span> <span class='ocrx_word' id='word_1_301' title='bbox 1735 2913 1901 2947; x_wconf 81' lang='lat' dir='ltr'>temere</span> <span class='ocrx_word' id='word_1_302' title='bbox 1914 2900 2019 2944; x_wconf 89' lang='lat' dir='ltr'>Cio-</span> 
     </span>
     <span class='ocr_line' id='line_1_53' title="bbox 1171 2966 2018 3024; baseline 0.001 -15"><span class='ocrx_word' id='word_1_303' title='bbox 1171 2966 1303 3010; x_wconf 80' lang='lat' dir='ltr'>fanus</span> <span class='ocrx_word' id='word_1_304' title='bbox 1321 2967 1552 3012; x_wconf 85' lang='lat' dir='ltr'>damnarat</span> <span class='ocrx_word' id='word_1_305' title='bbox 1572 2986 1583 3012; x_wconf 89' lang='lat'>:</span> <span class='ocrx_word' id='word_1_306' title='bbox 1604 2985 1707 3012; x_wconf 80' lang='lat' dir='ltr'>narn</span> <span class='ocrx_word' id='word_1_307' title='bbox 1721 2975 1909 3013; x_wconf 68' lang='lat' dir='ltr'>conatos</span> <span class='ocrx_word' id='word_1_308' title='bbox 1927 2983 2018 3024; x_wconf 86' lang='lat' dir='ltr'>pas·</span> 
     </span>
     <span class='ocr_line' id='line_1_54' title="bbox 1171 3033 2018 3092; baseline 0 -16"><span class='ocrx_word' id='word_1_309' title='bbox 1171 3034 1254 3077; x_wconf 89' lang='lat' dir='ltr'>sim</span> <span class='ocrx_word' id='word_1_310' title='bbox 1268 3033 1403 3078; x_wconf 83' lang='lat' dir='ltr'>Getas</span> <span class='ocrx_word' id='word_1_311' title='bbox 1417 3034 1646 3090; x_wconf 83' lang='lat' dir='ltr'>describit,</span> <span class='ocrx_word' id='word_1_312' title='bbox 1664 3045 1709 3079; x_wconf 84' lang='lat' dir='ltr'>ct</span> <span class='ocrx_word' id='word_1_313' title='bbox 1723 3036 1903 3092; x_wconf 73' lang='lat' dir='ltr'>pellibm</span> <span class='ocrx_word' id='word_1_314' title='bbox 1915 3049 2018 3090; x_wconf 84' lang='lat' dir='ltr'>ope-</span> 
     </span>
     <span class='ocr_line' id='line_1_55' title="bbox 1171 3099 2018 3156; baseline 0.001 -14"><span class='ocrx_word' id='word_1_315' title='bbox 1171 3100 1258 3143; x_wconf 85' lang='lat' dir='ltr'>rire</span> <span class='ocrx_word' id='word_1_316' title='bbox 1272 3100 1411 3156; x_wconf 85' lang='lat' dir='ltr'>capita</span> <span class='ocrx_word' id='word_1_317' title='bbox 1427 3099 1671 3144; x_wconf 81' lang='lat' dir='ltr'>etiamnum</span> <span class='ocrx_word' id='word_1_318' title='bbox 1693 3101 1836 3144; x_wconf 88' lang='lat' dir='ltr'>solent</span> <span class='ocrx_word' id='word_1_319' title='bbox 1855 3115 1934 3156; x_wconf 84' lang='lat' dir='ltr'>per</span> <span class='ocrx_word' id='word_1_320' title='bbox 1946 3114 2018 3143; x_wconf 75' lang='lat' dir='ltr'>se-</span> 
     </span>
     <span class='ocr_line' id='line_1_56' title="bbox 1170 3164 1579 3222; baseline -0.002 -14"><span class='ocrx_word' id='word_1_321' title='bbox 1170 3164 1495 3222; x_wconf 84' lang='lat' dir='ltr'>ptemtrionem.</span> <span class='ocrx_word' id='word_1_322' title='bbox 1518 3167 1579 3208; x_wconf 84' lang='lat' dir='ltr'>H.</span> 
     </span>
     <span class='ocr_line' id='line_1_57' title="bbox 1224 3230 2019 3275; baseline 0.001 -4"><span class='ocrx_word' id='word_1_323' title='bbox 1224 3230 1291 3271; x_wconf 85' lang='lat'>33.</span> <span class='ocrx_word' id='word_1_324' title='bbox 1333 3231 1572 3273; x_wconf 70' lang='lat' dir='ltr'>Credantur.</span> <span class='ocrx_word' id='word_1_325' title='bbox 1611 3232 1863 3275; x_wconf 66' lang='lat' dir='ltr'>Pandunt</span> <span class='ocrx_word' id='word_1_326' title='bbox 1896 3230 2019 3274; x_wconf 80' lang='lat' dir='ltr'>Petri</span> 
     </span>
     <span class='ocr_line' id='line_1_58' title="bbox 1170 3295 2015 3352; baseline 0 -15"><span class='ocrx_word' id='word_1_327' title='bbox 1170 3295 1312 3338; x_wconf 79' lang='lat' dir='ltr'>Servii</span> <span class='ocrx_word' id='word_1_328' title='bbox 1344 3295 1480 3339; x_wconf 83' lang='lat' dir='ltr'>codex</span> <span class='ocrx_word' id='word_1_329' title='bbox 1500 3313 1511 3339; x_wconf 91' lang='lat'>:</span> <span class='ocrx_word' id='word_1_330' title='bbox 1531 3296 1647 3340; x_wconf 81' lang='lat' dir='ltr'>forte</span> <span class='ocrx_word' id='word_1_331' title='bbox 1662 3330 1675 3351; x_wconf 88' lang='lat'>,</span> <span class='ocrx_word' id='word_1_332' title='bbox 1700 3301 1942 3352; x_wconf 73' lang='lat' dir='ltr'>produntur.</span> <span class='ocrx_word' id='word_1_333' title='bbox 1962 3298 2015 3340; x_wconf 88' lang='lat' dir='ltr'>B.</span> 
     </span>
     <span class='ocr_line' id='line_1_59' title="bbox 1223 3361 2014 3415; baseline 0.001 -12"><span class='ocrx_word' id='word_1_334' title='bbox 1223 3361 1290 3414; x_wconf 74' lang='lat'>34.</span> <span class='ocrx_word' id='word_1_335' title='bbox 1317 3363 1401 3403; x_wconf 76' lang='lat' dir='ltr'>Pro</span> <span class='ocrx_word' id='word_1_336' title='bbox 1417 3366 1560 3415; x_wconf 78' lang='lat' dir='ltr'>patn’o</span> <span class='ocrx_word' id='word_1_337' title='bbox 1588 3365 1719 3405; x_wconf 71' lang='lat' dir='ltr'>cultu.</span> <span class='ocrx_word' id='word_1_338' title='bbox 1749 3364 1841 3406; x_wconf 88' lang='lat' dir='ltr'>Pro</span> <span class='ocrx_word' id='word_1_339' title='bbox 1861 3362 2014 3405; x_wconf 79' lang='lat' dir='ltr'>habitu</span> 
     </span>
     <span class='ocr_line' id='line_1_60' title="bbox 1168 3425 2013 3483; baseline 0.006 -14"><span class='ocrx_word' id='word_1_340' title='bbox 1168 3425 1324 3470; x_wconf 74' lang='lat' dir='ltr'>Graeco</span> <span class='ocrx_word' id='word_1_341' title='bbox 1338 3460 1350 3480; x_wconf 95' lang='lat'>,</span> <span class='ocrx_word' id='word_1_342' title='bbox 1366 3427 1440 3483; x_wconf 84' lang='lat' dir='ltr'>qui</span> <span class='ocrx_word' id='word_1_343' title='bbox 1452 3437 1518 3471; x_wconf 86' lang='lat' dir='ltr'>est</span> <span class='ocrx_word' id='word_1_344' title='bbox 1528 3427 1687 3472; x_wconf 83' lang='lat' dir='ltr'>cultior</span> <span class='ocrx_word' id='word_1_345' title='bbox 1703 3438 1748 3473; x_wconf 89' lang='lat' dir='ltr'>et</span> <span class='ocrx_word' id='word_1_346' title='bbox 1762 3429 1939 3474; x_wconf 79' lang='lat' dir='ltr'>civilior.</span> <span class='ocrx_word' id='word_1_347' title='bbox 1962 3430 2013 3474; x_wconf 90' lang='lat' dir='ltr'>P.</span> 
     </span>
     <span class='ocr_line' id='line_1_61' title="bbox 1166 3494 1943 3540; baseline 0.003 -6"><span class='ocrx_word' id='word_1_348' title='bbox 1166 3514 1221 3524; x_wconf 90' lang='lat'>—</span> <span class='ocrx_word' id='word_1_349' title='bbox 1241 3494 1430 3536; x_wconf 75' lang='lat' dir='ltr'>Persica.</span> <span class='ocrx_word' id='word_1_350' title='bbox 1451 3495 1646 3538; x_wconf 78' lang='lat' dir='ltr'>Barbara</span> <span class='ocrx_word' id='word_1_351' title='bbox 1667 3512 1740 3540; x_wconf 87' lang='lat' dir='ltr'>sex</span> <span class='ocrx_word' id='word_1_352' title='bbox 1762 3496 1943 3540; x_wconf 85' lang='lat' dir='ltr'>codices.</span> 
     </span>
    </p>
   </div>
  </div>
 </body>
</html>
