2280 3776
250 301 360 372 432

722 304 787 355 P.
841 302 1138 358 OVIDII
1178 299 1558 358 NASONIS

331 416 709 500 Conspicuum
738 417 910 496 signis
935 442 1107 501 quum
1132 397 1344 502 premet
1373 419 1516 480 altus
1547 418 1684 480 ebur
1707 444 1720 480 :

250 517 389 586 Aut,
423 513 614 598 populi
645 514 855 575 reditus
885 515 1122 598 positam
1151 532 1449 600 componet
1479 517 1549 578 ad
1577 519 1791 579 hastam
1811 565 1824 591 ‚

329 612 404 669 Et
433 608 608 668 minui
636 632 846 687 magnae
874 634 988 670 non
1013 613 1158 671 sinet
1185 612 1343 672 urbis
1372 636 1543 696 opes:
1974 643 2025 672 20

246 710 395 779 Aut,
423 721 484 767 ut
515 719 678 767 erunt
707 722 890 790 patres
922 707 979 767 in
1013 708 1163 769 Julia
1191 709 1396 792 templa
1423 711 1633 783 vocati,

330 807 414 866 De
445 821 599 865 tanto
632 806 815 884 dignis
845 806 1072 867 consule
1100 808 1268 868 rebus
1295 823 1457 886 aget:

246 905 363 962 Aut
389 903 532 962 feret
558 904 816 981 Augusto
845 902 1064 963 solitam
1092 919 1334 987 natoque
1363 905 1594 967 salutem
1613 954 1627 980 ‚

330 998 525 1079 Deque
552 1021 749 1080 parum
777 1013 914 1058 noto
945 998 1195 1059 consulet
1223 998 1427 1060 officio.

250 1093 497 1173 Tempus
524 1091 593 1151 ab
621 1091 711 1150 his
741 1115 968 1151 vacuum
1001 1094 1182 1154 Caesar
1210 1093 1569 1155 Germanicus
1599 1118 1759 1155 omne
1976 1112 2028 1155 25

331 1186 559 1246 Auferet
585 1212 596 1246 ε
626 1212 655 1246 a
685 1188 901 1266 magnis
926 1189 1076 1249 hunc
1107 1189 1240 1251 colit
1266 1190 1358 1252 ille
1387 1191 1538 1252 Deis.

252 1284 443 1362 Quum
473 1300 652 1344 tamen
683 1309 714 1345 a
744 1285 906 1345 turba
939 1309 1123 1344 rerum
1151 1288 1480 1368 requieverit
1505 1289 1700 1349 harum
1719 1334 1734 1360 ‚

335 1378 426 1437 Ad
456 1403 552 1438 vos
583 1394 896 1440 mansuetas
926 1379 1174 1462 porriget
1199 1380 1292 1442 ille
1319 1406 1546 1455 manus3

254 1474 518 1557 Quidque
547 1499 745 1558 parens
773 1498 875 1554 ego
901 1491 1079 1536 vester
1101 1499 1256 1555 agam
1273 1524 1288 1550 ‚
1317 1477 1548 1538 fortasse
1574 1479 1818 1561 requiret
1841 1501 1854 1537 :

311 1631 327 1657 1
335 1615 372 1656 8.
384 1616 504 1657 Ebur
511 1618 794 1670 conspicuum.
804 1612 965 1657 Sellam
978 1615 1105 1658 ebur·

255 1695 387 1722 neam
409 1689 453 1722 et
471 1680 684 1722 curulem.

311 1763 373 1805 ¹9·
400 1747 496 1789 Aut
509 1780 520 1800 ,
547 1750 698 1801 populi
723 1749 882 1789 reditus
902 1750 1103 1802 positam.

255 1812 349 1854 Aut
367 1843 378 1865 ,
403 1811 546 1867 inquit
563 1844 574 1866 ,
597 1811 904 1868 consul'posita
931 1811 977 1854 in
1005 1810 1106 1854 foro

258 1876 380 1920 hasta
399 1878 608 1933 praeconis
625 1910 637 1932 ,
660 1887 731 1933 ut,
756 1878 902 1934 inquit
922 1876 1104 1934 Cicero,

255 1940 424 1997 publica
437 1941 659 1998 vectigalia
677 1943 721 1984 in
740 1942 942 1987 auctione
958 1959 1105 1986 emen-

259 2006 314 2049 da
330 2038 341 2059 ‚
365 2005 703 2049 conducendave
724 2016 953 2063 proponet.

219 2072 225 2077 ’
313 2087 379 2114 20.
410 2072 561 2114 Minui.
589 2071 777 2114 Minoris
807 2071 940 2114 vendi
974 2088 1106 2128 quam

255 2136 550 2194 superioribus
573 2137 713 2180 annis.

313 2221 336 2245 α
346 2220 378 2245 ι.
393 2205 444 2245 In
457 2204 580 2245 Julia
597 2206 764 2258 templa.
780 2203 833 2246 In
847 2201 1010 2245 AEdem
1023 2204 1108 2246 Ve-

256 2268 375 2311 neris
395 2267 612 2325 genitricis
625 2300 636 2322 ,
657 2283 788 2324 quam
803 2266 948 2311 Julius
963 2266 1110 2311 Caesar

259 2334 408 2376 erexit.

314 2402 380 2453 24.
401 2401 470 2442 De
491 2397 632 2455 officio
645 2414 794 2453 parum
814 2405 926 2441 noto.
946 2398 1016 2442 De
1036 2414 1111 2441 re-

258 2464 338 2506 bus
374 2463 697 2519 pertinentibus
722 2462 792 2506 ad
828 2463 1110 2507 'consulatum

260 2528 406 2570 minus
443 2527 559 2570 notis
602 2527 817 2583 Pompeio
844 2558 856 2581 ,
900 2536 1110 2584 tanquam

260 2609 377 2637 novo
408 2592 589 2636 consuli.
620 2614 676 2625 —-
711 2594 922 2635 Consulet.
953 2591 1111 2649 Capiet

261 2660 502 2703 consilium.
534 2660 668 2701 Putat
701 2658 986 2702 Burmannus
1019 2668 1110 2701 tam

261 2723 467 2768 adulandi
487 2723 741 2780 imperitum
764 2739 856 2766 non
875 2722 1007 2767 fuisse
1028 2725 1111 2767 Na·

261 2806 415 2835 sonem
430 2825 439 2841 ,
470 2798 520 2832 ut
540 2788 833 2846 ignorantiam
846 2821 858 2843 ‚
880 2798 954 2832 aut
971 2790 1110 2833 servi-

262 2867 405 2901 tutem
442 2865 530 2900 tam
564 2855 872 2913 imprudenter
903 2857 1111 2912 objiceret

263 2921 488 2979 Pompeio.
517 2921 670 2977 Quare
699 2920 782 2977 legi
813 2921 1017 2965 maluerit
1044 2923 1111 2965 vir

263 2986 415 3030 doctus
433 3019 444 3039 ,
467 2988 612 3042 Deque
624 2992 791 3040 patrum
815 2992 902 3028 toto
924 2989 1115 3029 consulet

264 3051 417 3106 officio.
433 3049 646 3093 Consulet
666 3048 858 3093 Caesares
874 3083 886 3104 ,
908 3053 1031 3105 quale
1043 3065 1112 3093 ve-

263 3118 344 3158 lint
357 3132 450 3159 esse
463 3114 646 3173 officium
664 3116 797 3158 totius
816 3124 1016 3159 senatus:
1037 3131 1112 3158 an-

266 3190 442 3236 tequam
466 3181 585 3224 enim
604 3198 672 3224 res
699 3180 751 3224 ad
773 3190 975 3225 senatum
1003 3197 1110 3238 pro-

265 3256 539 3304 ponerentur
554 3280 566 3300 ,
587 3248 783 3292 solebant
813 3265 836 3291 a
865 3248 1111 3292 consulibus

267 3309 322 3352 ad
351 3311 599 3367 Augustum
631 3312 815 3364 referri,
851 3313 925 3369 qui
955 3312 1008 3356 de
1029 3311 1111 3355 illis

265 3374 311 3415 in
334 3374 517 3418 concilio
539 3390 617 3419 suo
639 3375 876 3420 domestico
896 3386 996 3421 ante
1019 3386 1113 3420 tra-

261 3438 417 3483 ctabat.
442 3440 671 3497 Ingeniosa
697 3457 799 3484 sane
827 3441 953 3486 lectio
977 3458 986 3485 :
1012 3441 1112 3485 vul-

1187 1624 1285 1674 gata
1314 1633 1419 1660 vero
1444 1615 1539 1660 fere
1570 1632 1752 1671 omnes,
1782 1626 1828 1662 et
1860 1626 2031 1662 nostros

1186 1697 1361 1738 quoque
1378 1713 1390 1736 ,
1414 1679 1493 1725 sibi
1514 1680 1646 1725 habet
1665 1691 2003 1741 propugnantes.

1239 1746 1305 1787 25.
1328 1746 1505 1801 Tempus
1515 1749 1570 1788 ab
1584 1748 1652 1788 his
1662 1763 1852 1791 vacuum.
1872 1748 2031 1793 Malim

1186 1826 1318 1853 vacuo
1329 1808 1448 1852 :vide
1465 1811 1600 1853 Notas
1613 1810 1744 1854 Trist.
1762 1813 1848 1866 IV,
1865 1812 1932 1856 ΕΙ.
1947 1827 2004 1857 111
2017 1846 2030 1868 ‚

1187 1889 1245 1918 vs.
1263 1890 1326 1933 77.
1345 1875 1470 1918 H.-
1484 1877 1772 1919 Germanicus.
1794 1875 2035 1921 Germani-

1186 1956 1260 1984 cus
1290 1939 1467 1996 junior,
1499 1939 1613 1983 filius
1645 1940 1814 1996 Drusi,
1847 1942 2034 1999 privigni

1188 2006 1389 2063 Augusti.
1409 2007 1596 2049 MEn.—-
1605 2009 1783 2063 Tempus
1799 2012 1853 2051 ab
1867 2011 1935 2052 his
1954 2026 2035 2052 va-

1187 2087 1308 2114 cuum
1330 2072 1483 2114 Cesar.
1515 2071 1602 2115 Hic
1627 2072 1746 2116 locus
1779 2074 1838 2116 ita
1868 2073 2031 2118 intelli-

1189 2135 1356 2192 gendus
1385 2135 1559 2179 videtur
1582 2170 1594 2191 ,
1637 2146 1686 2180 ut
1717 2137 2035 2183 Germanicum

1190 2199 1447 2258 accipiamus
1461 2233 1473 2255 ,
1489 2218 1540 2244 ea
1553 2200 1713 2260 hyeme
1724 2234 1736 2256 ,
1754 2217 1850 2259 quae
1866 2203 2035 2246 obitum

1191 2265 1378 2322 Augusti
1416 2266 1612 2322 proxime
1646 2267 1872 2312 antecessit
1895 2301 1907 2322 ,
1943 2269 2039 2312 Ro—

1191 2346 1277 2374 mae
1312 2330 1444 2374 fuisse
1463 2364 1476 2386 ,
1511 2339 1555 2375 et
1585 2332 1785 2388 sequenti
1816 2341 1960 2377 aestate
1990 2334 2037 2377 in

1192 2395 1479 2442 Germaniam
1503 2396 1667 2441 abiisse.
1686 2397 1894 2442 Mortuus
1917 2397 2036 2442 enim

1192 2463 1416 2519 Augustus
1436 2471 1526 2517 est,
1552 2461 1671 2507 Coss.
1685 2463 1783 2507 Sex.
1799 2464 2037 2522 Pompeio,

1193 2527 1247 2572 ad
1274 2544 1410 2585 quem
1429 2528 1500 2572 hic
1520 2528 1667 2574 scribit
1687 2538 1815 2585 poeta
1832 2562 1844 2585 ,
1873 2539 1918 2574 et
1939 2529 2037 2574 Sex.

1195 2593 1405 2651 Apuleio,
1433 2606 1513 2636 ΧΠ
1540 2592 1728 2637 Kalend.
1756 2595 2036 2651 septembris,

1193 2666 1243 2700 ut
1264 2656 1502 2701 Suetonius
1529 2657 1675 2701 tradit.
1707 2657 1814 2714 Quo
1840 2667 2036 2715 tempore

1193 2721 1484 2766 Germanicus
1516 2721 1631 2780 apud
1664 2723 1874 2781 Rhenum
1906 2738 2038 2766 exer-

1192 2788 1296 2831 citui
1317 2790 1571 2844 praepositus
1590 2787 1685 2831 fuit.
1704 2788 1877 2831 M1cn..

1249 2868 1315 2908 ²7·
1341 2854 1476 2906 Quum
1489 2860 1629 2895 tamen
1646 2868 1676 2894 a
1692 2854 1813 2895 turba
1831 2868 1960 2895 rerum
1973 2869 2042 2895 re-

1192 2922 1391 2975 quieverit
1406 2920 1564 2960 barum.
1587 2916 1764 2960 Rectius
1783 2934 1884 2960 cura
1903 2917 2042 2961 refin—

1193 3001 1278 3041 gas.
1304 2983 1425 3027 Infra
1441 3016 1453 3038 ‚
1477 2983 1544 3027 El.
1563 2996 1612 3026 lx
1628 3015 1640 3038 ,
1663 3000 1722 3026 vs.
1747 3000 1792 3039 71
1814 3000 1825 3027 ε
1844 3002 1866 3022 «
1883 2984 2039 3041 Quum

1193 3060 1340 3093 tamen
1363 3066 1387 3092 a
1419 3066 1523 3094 cura
1551 3066 1702 3093 rerum
1729 3051 1931 3107 propiore
1966 3067 2043 3093 va-
2067 3079 2069 3081 -

1192 3115 1305 3159 cabit
1319 3130 1330 3166 ;
1347 3133 1368 3152 »
1377 3115 1577 3171 proximo
1590 3131 1733 3169 versu,
1743 3117 1945 3158 adsuetas
1956 3130 2042 3157 ma-

1193 3196 1276 3224 nus
1291 3180 1631 3224 Twisdenianus·
1643 3213 1655 3235 ‚
1678 3195 1771 3223 non
1790 3187 2040 3222 mansuetas.

1195 3245 1255 3288 H.
1274 3244 1361 3288 Sed
1379 3245 1461 3302 Ep.
1479 3260 1516 3288 11
1533 3279 1544 3301 ,
1563 3250 1629 3303 75,
1643 3245 1765 3299 dixit,
1782 3247 1835 3288 de
1849 3253 1972 3288 tanta
1983 3260 2042 3286 re-

1193 3327 1282 3356 rum
1300 3315 1435 3355 turba.
1457 3312 1676 3354 Adsuetas
1699 3309 1833 3354 etiam
1856 3310 1905 3353 P.
1927 3309 2041 3351 Dan.

1249 3376 1313 3420 28.
1334 3377 1400 3419 At
1427 3393 1515 3421 vos.
1538 3376 1713 3421 Scilicet
1740 3390 1888 3419 versus
1919 3371 2041 3417 exci—

1193 3441 1399 3496 piendos..
