2280 3776
292 303 399 357 266

737 306 798 362 P.
854 306 1157 368 'OVIDII
1214 314 1591 374 NASONIS

369 420 581 504 Perque
611 447 801 484 manus
823 425 986 506 hujus
1014 429 1210 491 tradita
1241 434 1418 510 gentis
1448 449 1546 495 eat.

289 518 365 578 At
394 534 455 580 tu
487 535 594 580 tam
620 520 865 603 placide,
900 546 1062 606 quam
1093 550 1198 588 nos
1227 553 1449 613 quoque
1480 531 1745 594 sensimus
1771 533 1954 610 illum,

367 617 404 673 J
408 615 560 675 udice
588 641 690 699 pro
719 617 967 700 lacrymis
995 646 1091 681 ora
1118 623 1327 684 resolve
1355 627 1507 687 meis.

288 711 415 769 Non
440 712 640 792 petito,
670 726 734 772 ut
759 713 898 775 bene
928 716 1028 789 sit,
1062 719 1156 778 sed
1182 721 1265 780 uti
1294 722 1433 782 male
1462 724 1669 798 tutius3
1693 741 1866 810 utque

1973 747 2047 788 105

366 808 632 869 Exsilium
657 834 796 871 saevo
826 812 990 874 distet
1017 814 1085 873 ab
1113 815 1274 877 hoste
1303 841 1482 877 meum
1507 842 1522 878 z

289 903 575 987 Quamque
607 905 799 967 dedere
828 908 961 967 mihi
989 912 1273 992 praesentia
1299 913 1523 975 numina
1548 916 1713 977 vitam
1730 965 1745 990 ‚

340 1004 494 1088 vNon
523 1004 724 1066 adimat
753 1007 943 1067 stricto
971 1007 1271 1090 squallidus
1303 1033 1428 1072 ense
1458 1012 1638 1074 Getes.

284 1098 570 1181 Denique,
601 1101 647 1161 si
677 1102 901 1176 moriar,
934 1104 1167 1166 subeant
1193 1108 1436 1190 pacatius
1465 1134 1652 1171 arvum

369 1196 510 1257 Ossa
531 1245 545 1269 ‚
575 1222 675 1258 nec
702 1224 732 1259 a
763 1200 1015 1283 Scythica
1041 1218 1228 1264 nostra
1254 1208 1574 1288 premantur
1599 1208 1770 1268 humo
1795 1234 1808 1269 τ

1975 1241 2050 1267 ΙΝ)

285 1289 399 1349 Nec
423 1290 561 1352 male
590 1295 926 1377 compositos
944 1343 957 1369 ‚
987 1305 1051 1357 u‘t
1080 1297 1284 1359 scilicet
1310 1301 1494 1362 exsule
1524 1302 1748 1380 dignum
1768 1352 1782 1377 ‚

361 1384 599 1446 Bistonii
628 1389 833 1450 cineres
863 1391 1068 1469 ungula
1093 1393 1277 1475 pulset
1306 1396 1468 1478 equi:

282 1479 357 1536 Et
383 1502 483 1551 ne,
516 1481 562 1540 si
590 1499 836 1565 superest
864 1485 1072 1568 aliquid
1101 1503 1230 1570 post
1256 1488 1447 1550 funera
1474 1514 1697 1564 sensuS‚

362 1576 587 1638 Terreat
616 1579 706 1640 hic
731 1605 916 1643 manes
943 1584 1204 1646 Sarmatis
1234 1586 1429 1646 umbra
1454 1609 1622 1649 meos.

282 1673 510 1735 Caesaris
537 1675 651 1737 haec
680 1680 921 1740 animum
949 1698 1206 1764 poterant
1230 1684 1417 1744 audita
1441 1708 1655 1746 movere
1672 1733 1687 1759 ‚

361 1773 633 1848 Maxime;
662 1779 965 1839 movissent
993 1781 1040 1839 si
1068 1795 1249 1842 tamen
1275 1797 1400 1842 ante
1429 1798 1602 1844 tuum.

285 1869 436 1941 Vox,
468 1894 687 1952 precor,
719 1875 999 1954 Augustas
1022 1901 1126 1960 pro
1155 1903 1240 1938 me
1273 1893 1364 1939 tua
1395 1878 1608 1939 molliat
1634 1903 1821 1952 aureS‚

364 1963 589 2024 Auxilio
619 1968 848 2049 trepidis
884 1994 1003 2052 quae
1035 1971 1175 2031 solet
1201 1996 1318 2033 esse
1344 1973 1453 2034 reis
1477 1998 1490 2033 :

282 2058 640 2145 Adsuetaque
669 2065 772 2123 tibi
803 2065 978 2127 doctae
1006 2066 1290 2128 dulcedine
1317 2068 1519 2146 linguae

361 2157 643 2240 AEquandi
670 2161 896 2244 Superis
922 2179 1147 2249 pectora
1175 2164 1327 2226 flecte
1354 2164 1472 2225 viri.

337 2326 429 2379 104.
465 2326 553 2367 Ora
570 2327 738 2368 resolve.
759 2324 853 2369 Ora
872 2326 1016 2383 aperi,
1045 2343 1124 2383 pro

279 2405 350 2433 me
366 2390 615 2446 Augustum
631 2389 811 2434 orando,

340 2455 431 2496 105.
453 2457 551 2498 Non
562 2458 672 2509 petit
687 2464 735 2498 ut
753 2458 854 2498 bene
873 2459 950 2507 sit,
977 2458 1132 2500 sedati

279 2522 388 2562 male
399 2523 541 2562 tutius.
554 2522 651 2564 Non
655 2528 753 2575 pete
766 2523 880 2577 quod
888 2521 1126 2565 Puteanus.

279 2587 409 2629 Unus
421 2586 657 2630 Vaticanus
666 2589 761 2632 Non
767 2591 887 2641 petit.
902 2587 1018 2644 Lege
1030 2590 1125 2631 Non

271 2654 403 2704 petito
416 2656 464 2692 ut
475 2654 576 2693 bene
592 2654 652 2693 sit
662 2684 674 2701 ‚
694 2650 764 2693 vel
777 2653 873 2695 Non
880 2655 1013 2705 petito
1027 2654 1126 2694 bene

277 2717 347 2756 sit.
375 2713 567 2770 Scaliger
581 2747 593 2768 ‚
613 2717 726 2759 Neve
741 2720 837 2768 pete
857 2722 906 2757 ut
926 2718 1026 2757 bene
1043 2719 1122 2767 sit,-

279 2779 413 2822 etiam
430 2795 522 2822 non
542 2778 668 2822 male.
685 2779 747 2821 H.
764 2803 818 2812 —
835 2780 921 2821 Sed
935 2784 1003 2821 uti
1016 2783 1126 2822 male

276 2850 417 2889 tutius.
438 2845 528 2890 Sed
545 2845 680 2902 petito
694 2854 742 2888 ut
756 2845 946 2888 exsulem
962 2845 1007 2888 in
1029 2845 1124 2888 loco

278 2911 413 2969 magis
445 2921 541 2955 tuto
559 2928 571 2963 ;
605 2911 722 2968 quod
748 2910 937 2967 apertius
970 2918 1015 2953 et
1046 2926 1124 2953 se-

280 2976 432 3031 quenti
450 2976 642 3020 carmine
662 2975 836 3019 indicat.

338 3043 427 3089 108.
447 3043 687 3097 Squallidus
709 3043 849 3084 Getes.
872 3040 1007 3084 Getes
1028 3040 1123 3083 im-

282 3108 472 3150 mundus
486 3141 497 3162 ,
519 3108 721 3151 horridus
735 3141 747 3162 ‚
770 3117 813 3152 et
831 3108 1039 3164 impexus.

340 3190 429 3232 ¹⁰9·
451 3176 625 3219 subeam
640 3179 839 3230 pacatius
855 3191 1009 3217 arvum.
1028 3172 1124 3215 Ma-

283 3238 360 3281 lim
378 3242 554 3281 subeant
567 3257 669 3283 cum
686 3257 777 3283 uno
798 3238 1055 3292 Hafniensi‚
1074 3244 1123 3278 ut

283 3303 335 3347 ad
356 3320 454 3346 ossa
474 3304 701 3348 referatur.
717 3307 778 3349 H.

342 3385 358 3410 1
370 3384 386 3410 1
398 3384 413 3410 1
422 3399 431 3409 .
450 3368 566 3410 Male
579 3374 826 3425 compositos
841 3373 1009 3414 cineres.
1021 3368 1124 3412 Ma-

283 3434 320 3477 le
350 3434 549 3491 sepultos.

1974 2195 2052 2223 120

1265 2345 1282 2370 1
1294 2345 1309 2370 1
1318 2345 1355 2370 2.
1367 2329 1672 2383 Btlttom'iequi.
1685 2326 1799 2383 Equi
1816 2326 2048 2382 Getarum,

1205 2395 1438 2438 Thraciam
1462 2393 1759 2437 incolentium.
1793 2393 1871 2437 Est
1902 2403 2050 2437 autem

1205 2461 1446 2502 Bistonium
1463 2466 1663 2515 stagnum
1682 2458 1727 2500 in
1743 2457 1941 2501 Thracia.

1266 2541 1282 2566 1
1295 2525 1355 2566 13.
1375 2525 1422 2568 Si
1438 2531 1626 2578 superest
1640 2527 1796 2580 aliquis
1817 2523 2049 2575 sensus.‚Si

1205 2598 1401 2645 superest
1419 2589 1566 2631 anima
1593 2597 1690 2644 post
1717 2596 1919 2632 mortem.
1932 2588 2047 2631 Ani-

1206 2669 1325 2696 mam
1341 2662 1488 2696 autem
1500 2653 1813 2709 sempiternam
1827 2668 1917 2695 esse
1929 2684 1941 2706 ,
1958 2652 2049 2707 pri-

1206 2735 1304 2763 mus
1330 2720 1531 2763 omnium
1557 2718 1662 2761 dixit
1681 2717 1955 2776 Pherecydes
1968 2716 2048 2774 sy-

1205 2802 1279 2828 rus
1290 2818 1302 2840 ,
1320 2793 1369 2827 ut
1386 2793 1449 2828 est
1462 2792 1613 2827 auctor
1630 2782 1720 2826 Cic.
1735 2782 1781 2824 in
1797 2782 1867 2824 lib.
1883 2784 1904 2826 I
1918 2782 2046 2825 Tusc.

1205 2860 1351 2908 quaest.
1365 2874 1419 2883 —
1427 2851 1598 2905 Aliquis
1608 2857 1710 2903 post
1709 2848 1869 2904 funera
1886 2864 2047 2891 sensus.

1204 2917 1384 2971 Aliquid
1398 2929 1547 2957 sensus
1566 2929 1666 2957 cum
1688 2913 2048 2970 Argentoratensi

1204 2988 1248 3022 et
1264 2994 1352 3020 uno
1366 2978 1505 3020 Vatic.
1518 2977 1739 3031 siclib.11‚
1754 2991 1808 3031 11,
1832 2993 1908 3020 100
1924 2995 1934 3021 z
1954 2996 1975 3015 «
1999 2978 2048 3021 Si

1204 3042 1309 3098 quid
1337 3042 1467 3084 habet
1489 3058 1639 3085 sensus
1659 3043 1812 3085 umbra
1835 3042 2005 3085 diserta.
2023 3059 2047 3079 »

1264 3123 1279 3148 1
1292 3110 1352 3161 14.
1380 3108 1551 3149 Terreat
1573 3116 1622 3149 ut
1642 3123 1797 3150 manes.
1826 3109 1888 3149 Et
1903 3123 2047 3149 manes

1203 3173 1398 3230 plerique
1412 3181 1580 3216 veteres
1599 3191 1610 3224 τ,
1631 3173 1719 3216 duo
1738 3175 1968 3224 Termerioe
1982 3180 2046 3216 to-

1203 3238 1339 3280 tidem
1361 3240 1632 3291 Terreath12·,·
1659 3237 1775 3294 quod
1793 3253 1965 3293 sequor.
1985 3238 2045 3280 H.

1262 3320 1279 3347 1
1290 3304 1349 3347 16.
1363 3304 1597 3347 Movissent
1608 3307 1653 3345 si
1660 3312 1798 3346 tamen
1810 3311 1910 3345 ante
1919 3311 2044 3345 tuum.

1204 3367 1250 3410 Si
1271 3375 1446 3421 tamen,
1470 3383 1496 3409 o
1518 3367 1710 3410 Maxime
1724 3399 1737 3422 ‚
1760 3383 1810 3410 ea
1830 3365 2044 3409 flexissent

1205 3441 1330 3475 antea
1349 3440 1546 3475 mentem
1567 3441 1708 3484 tuam;
1731 3428 1940 3474 Horatius
1957 3462 1968 3483 ,
1984 3445 2041 3472 vs.
