2280 3776
10 2069 13 2075 .
7 1947 12 1977 „..
7 1848 22 1874 ⁴.
11 1774 20 1793 Ὃ
16 1623 24 1690 Ὗ..
15 1571 21 1586 l
7 1385 24 1542 *2,.->;-<
14 1323 16 1351 «Α

24 1885 35 2149 ..α-..,,,;.-«-ν-
22 1671 37 1786 ·>2‘;
26 1585 28 1594 >
23 1544 25 1546 ¹
28 1463 29 1466 „

534 299 647 354 EX
688 295 985 351 PONTO
1024 294 1188 349 LIB.
1233 293 1281 347 Ι.
1327 291 1596 348 EPIST.
1640 297 1686 348 I.
1885 298 1988 351 253

315 415 520 499 Accipe
538 462 553 488 ,
585 414 970 498 quodcumque
999 425 1082 472 est
1102 458 1116 484 ‚

1151 410 1447 471 dummodo
1475 435 1589 471 non
1616 412 1691 473 sit
1721 436 1887 473 amor.

236 513 514 584 InvenieS‚
545 511 788 595 quamvis
817 533 931 569 non
963 523 1043 569 est
1068 507 1393 568 miserabilis
1419 507 1609 579 index,
1956 528 2001 570 »5

317 609 447 669 Non
476 606 654 668 minus
687 606 794 666 hoc
825 604 923 665 illo
960 604 1141 676 triste,
1174 603 1323 686 quod
1354 618 1475 663 ante
1508 604 1664 664 dedi:

238 704 430 766 Rebus
457 705 630 774 idem,
663 701 824 763 titulo
855 700 1068 773 dissert;
1098 715 1151 761 et
1177 699 1409 785 epistola
1439 700 1527 760 cui
1558 700 1629 762 sit

320 801 448 861 Non
479 799 749 861 occultato
779 798 1000 859 nomine
1028 798 1221 868 missa,
1255 795 1429 858 docet.

240 899 353 958 Nec
384 921 482 957 vos
512 897 619 957 hoc
648 896 840 968 vultis,
874 896 968 956 sed
996 919 1096 956 nec
1126 894 1420 978 prohibere
1449 892 1704 976 potestis;

321 995 593 1076 Musaque
622 993 691 1053 ad
723 993 924 1054 invitos
955 992 1199 1052 officiosa
1228 992 1393 1052 venit.
1959 1019 2011 1047 ιο

242 1090 528 1174 Quicquid
557 1090 613 1150 id
638 1105 718 1151 cst
737 1138 751 1163 ,
779 1091 1012 1171 adjunge
1040 1090 1173 1149 meis
1201 1113 1211 1147 :
1239 1087 1377 1148 nihil
1405 1086 1635 1170 impedit
1662 1100 1814 1147 ortos

322 1185 551 1258 Exsule‚
586 1186 808 1247 servatis
837 1184 1054 1263 legibus
1076 1231 1091 1256 ,
1127 1184 1267 1244 urbe
1299 1184 1424 1243 frui.

242 1284 417 1364 Quod
440 1298 651 1344 metuas
680 1307 791 1343 non
825 1287 907 1344 est
933 1307 945 1342 :
976 1283 1192 1342 Antoni
1220 1281 1419 1363 scripta
1448 1278 1744 1357 leguntur;
1821 1299 1825 1303 ’

323 1383 536 1444 Doctus
565 1396 618 1443 et
644 1382 701 1442 in
730 1396 954 1466 promtu
982 1380 1175 1442 scrinia
1202 1380 1410 1440 Brutus
1438 1378 1622 1439 habet.

245 1546 462 1604 relinquet
479 1562 488 1590 ε
507 1547 599 1591 Nec
619 1562 765 1599 mora;
789 1545 892 1603 quid
911 1545 1058 1590 venias
1075 1578 1087 1600 ,

249 1611 427 1669 quidve,
442 1611 651 1668 requiret,
672 1627 794 1668 agam
812 1644 823 1666 ,
849 1628 870 1648 »
888 1611 1006 1667 Eleg.
1023 1624 1091 1653 ΧΠ

247 1675 445 1733 ejusdem
458 1674 554 1719 libri
569 1709 580 1731 ,
597 1676 670 1720 33:
689 1694 710 1714 «
731 1676 918 1720 Sedulus
933 1677 1093 1719 obcur-

247 1756 342 1783 ram
364 1748 533 1791 nautae;
559 1738 758 1797 dictaque
779 1740 915 1784 salute
931 1773 942 1794 ,
968 1739 1092 1796 Quid

248 1807 419 1862 veniat,
442 1822 634 1864 quaeram
651 1839 663 1861 ,
688 1806 857 1863 quisve,
885 1807 1093 1863 quibusve

248 1871 362 1916 locis.
389 1890 410 1910 υ
431 1872 615 1916 Metam.
645 1872 711 1915 XI
730 1903 742 1925 ,
772 1871 852 1914 622
879 1888 888 1914 :
918 1890 939 1910 «
971 1870 1095 1927 Quid

247 1936 394 1981 veniat
412 1935 655 1996 (cognorat
675 1937 794 1980 enim
811 1939 828 1993 )
856 1936 1046 1980 scitatur.
1074 1954 1095 1975 »

249 2002 403 2062 Vix-git.
423 2003 600 2048 AEneid.
625 2004 646 2047 I
662 2036 674 2059 ,
697 2006 774 2062 517
793 2020 803 2048 ε
821 2022 841 2041 «
861 2002 976 2060 Quae
994 2002 1097 2046 for—

250 2079 357 2113 tuna
376 2068 478 2114 viris
495 2104 507 2126 ,
544 2069 720 2115 classem
745 2085 832 2127 quo
854 2069 978 2113 litore
1002 2067 1098 2112 lin-

210 2156 214 2160 -
251 2142 418 2191 quant,
437 2133 560 2192 Quid
572 2133 751 2179 veniant
771 2152 782 2186 ς
806 2152 827 2171 »
854 2142 898 2178 et
918 2132 1096 2191 lib.v1‚

254 2199 328 2243 531
343 2231 356 2254 ,
378 2217 399 2238 α
415 2199 527 2244 Fare
548 2215 626 2257 age
645 2232 656 2255 ,
685 2198 787 2257 quid
807 2200 967 2243 venias.
985 2217 1006 2236 ι»
1027 2199 1100 2243 Sic

243 2271 298 2307 ‚et
317 2262 386 2307 alii
405 2265 648 2322 scriptores.
666 2265 727 2309 H.
748 2265 886 2308 —Ita
907 2274 951 2308 et
972 2263 1102 2308 Groe-

252 2344 325 2372 cos
344 2327 487 2378 dicere
509 2337 549 2376 τὶ
569 2331 654 2376 ἀντὶ
674 2340 759 2385 τοῦ,
785 2337 917 2386 eccere,
945 2331 1100 2375 Sextus

256 2394 425 2452 Empir.
454 2395 586 2440 tradit
607 2429 620 2452 ,
646 2396 718 2440 lib.
743 2397 791 2451 1,
815 2397 974 2456 Pyrrh.
998 2398 1102 2456 Hy-

255 2466 402 2566 Eotyp.
420 2475 511 2517 cap.
530 2476 604 2520 ¹9²
623 2460 697 2503 ubi
713 2459 928 2504 videndus
940 2468 1004 2504 est
1016 2460 1103 2503 Fa-

287 2539 428 2567 ricius.

316 2606 333 2631 1
342 2593 378 2632 5.
399 2591 600 2644 Quamvis
617 2606 697 2633 non
710 2593 771 2632 sit
778 2591 1031 2633 m1tcerab171's
1044 2592 1105 2631 ιἰι-

258 2656 352 2697 dex.
373 2656 573 2709 Quamvis
591 2671 674 2698 non
697 2662 762 2698 est
780 2654 972 2712 plerique
988 2663 1107 2698 vete-

258 2734 328 2762 res
347 2734 358 2762 ε
380 2734 508 2763 versu
529 2719 726 2776 proximo
743 2753 754 2773 ,
769 2735 849 2777 pro
863 2722 943 2763 ltoc
956 2719 1106 2762 malim

259 2785 353 2835 hic,
381 2784 417 2827 si
443 2800 523 2840 per
551 2785 752 2842 antiquos
776 2785 901 2828 liceat
927 2784 1110 2828 codices.¹

262 2849 466 2895 Invenies
483 2851 550 2895 his
568 2851 613 2895 in
631 2851 748 2896 libris
762 2868 854 2895 non
871 2851 1015 2895 minus
1029 2851 1110 2895 tri-
1131 2868 1146 2880 ·

261 2922 324 2957 ste
339 2913 415 2958 illo
427 2947 440 2969 ,
457 2915 573 2973 quod
594 2916 685 2974 jam
703 2924 802 2959 ante
816 2915 930 2959 dedi.
943 2917 1110 2959 Hssms.

321 2979 384 3023 15.
413 2982 540 3035 Quod
553 2989 651 3025 ante
671 2984 780 3024 dedi.
806 2980 1068 3038 Metaphora
1086 2997 1109 3023 a

264 3043 545 3101 mulieribus,
569 3062 665 3103 quae
697 3046 807 3090 filios
835 3055 1109 3104 genuerunt:

266 3110 311 3154 in
333 3109 511 3167 epistola
526 3113 788 3173 Hypsipyles
801 3113 853 3156 ad
870 3114 900 3156 J
903 3129 1080 3156 asonem
1095 3147 1107 3169 ,

271 3192 287 3218 1
297 3192 343 3218 21
367 3183 412 3219 et
421 3191 471 3233 sq
486 3193 497 3219 :
513 3194 535 3213 «
546 3176 666 3220 Felix
680 3177 724 3220 in
738 3193 926 3220 numero
941 3195 1111 3235 quoque

261 3254 364 3292 ⁴sum
376 3256 387 3291 3
400 3240 654 3297 prolemque
664 3239 908 3298 gemellam,
922 3242 1114 3299 Pignora

270 3304 436 3349 Lucina
449 3306 551 3348 bina
564 3305 737 3349 favente
753 3305 867 3349 dedi.
883 3324 905 3344 »

331 3386 392 3427 ¹7·
416 3371 558 3413 Rebus
580 3373 700 3414 idem.
729 3371 897 3413 Eadem
925 3380 989 3414 est
1016 3366 1137 3414 ma·-

272 3434 379 3477 teria
391 3433 520 3490 hujus
534 3434 674 3491 operis
685 3468 695 3487 ,
715 3451 810 3492 quae
825 3444 887 3479 est
899 3434 952 3478 de
963 3435 1113 3479 Tristi-

1170 1545 1260 1589 bus.
1273 1569 1327 1577 —
1345 1547 1481 1589 Tilulo
1500 1545 1657 1601 daesstrt.
1678 1544 1843 1589 Dissert
1863 1545 2020 1590 indice.

1170 1634 1224 1643 —
1239 1611 1301 1652 E!
1315 1613 1494 1665 epistola
1514 1613 1587 1653 cui
1602 1614 1672 1652 sit.
1700 1610 1864 1654 Disfcrt
1885 1611 2018 1655 etiam

1173 1674 1255 1718 hoc
1282 1690 1389 1730 opus
1415 1674 1467 1717 ab
1487 1690 1541 1718 eo
1569 1673 1621 1718 de
1645 1675 1884 1730 Tristibus,
1909 1692 2022 1733 quo-

1172 1738 1293 1783 niam
1308 1739 1351 1783 in
1366 1739 1463 1793 hoc,
1481 1739 1532 1783 ad
1549 1756 1680 1797 quem
1694 1740 1848 1798 scripta
1863 1742 1915 1785 sit
1929 1742 2020 1799 epi·

1173 1807 1302 1861 stola,
1319 1807 1468 1851 titulus
1485 1807 1611 1851 docet
1629 1807 1696 1851 :id
1711 1809 1871 1850 veroin
1889 1824 2021 1866 opere

1175 1872 1228 1916 de
1244 1873 1459 1917 Tristibus
1478 1873 1775 1930 supprimitur.

1236 1954 1296 1997 ¹9·
1308 1939 1395 1981 Nec
1409 1954 1485 1981 vos
1496 1940 1574 1981 hoc
1587 1941 1725 1981 vullis.
1740 1937 1834 1981 Nec
1846 1954 1921 1981 vos
1934 1938 2025 1981 vul·

1175 2002 1228 2045 tis
1242 2011 1382 2046 vestra
1397 2003 1577 2047 nomina
1592 2003 1635 2046 in
1651 2002 1733 2046 hoc
1747 2019 1877 2060 opere
1894 2003 2022 2060 poni,

1175 2076 1357 2125 propter
1374 2068 1558 2126 Augusti
1580 2076 1765 2111 metum.
1779 2092 1834 2101 —
1846 2069 1933 2111 Sed
1942 2085 2025 2111 non

1170 2134 1388 2189 prohibere
1404 2138 1595 2189 potestis.
1614 2134 1700 2176 Sed
1717 2149 1793 2177 nec
1811 2150 1835 2177 e
1857 2134 2026 2191 scriptis

1177 2198 1318 2241 multi.
1341 2199 1401 2243 H.

1235 2281 1299 2306 υ.
1309 2265 1490 2307 &tratis
1498 2266 1670 2319 legibus.
1681 2264 1783 2307 Non
1799 2263 2030 2307 scribendo

1178 2328 1331 2382 lasciva
1349 2345 1360 2372 :
1379 2327 1423 2370 id
1439 2345 1494 2371 ne
1513 2328 1706 2372 facerem
1721 2362 1733 2383 ,
1749 2328 1913 2386 legibus
1924 2345 2029 2373 cau-

1180 2401 1275 2435 tum
1296 2391 1393 2436 fuit.

1237 2460 1301 2513 24.
1333 2459 1497 2501 Doctus
1525 2467 1568 2502 ct
1590 2463 1637 2502 in
1658 2469 1838 2514 promtu.
1868 2461 2031 2505 Brutus

1181 2523 1317 2576 enim,
1339 2523 1413 2580 qui
1429 2523 1599 2567 Julium
1617 2523 1834 2568 Caesarem
1849 2525 2003 2569 occidit
2017 2559 2030 2581 ,

1180 2591 1248 2634 vir
1259 2591 1344 2635 fuit
1353 2591 1562 2636 excellens
1570 2593 1693 2636 omni
1703 2610 1863 2651 genere
1877 2593 2029 2648 laudis,

1183 2665 1227 2700 et
1242 2655 1558 2714 philosophiam
1581 2658 1723 2702 latinis
1742 2659 1875 2702 literis
1888 2675 2030 2716 prose-

1184 2731 1308 2766 cutus
1328 2722 1350 2764 f
1350 2722 1424 2766 uit.
1437 2746 1492 2756 —
1509 2724 1704 2767 Carmina
1718 2726 1876 2767 Brutus
1893 2727 2029 2767 habet.

1185 2789 1351 2831 Scrinia
1375 2788 1557 2831 omnino
1584 2789 1744 2833 rectius
1766 2790 1811 2832 in
1827 2790 2029 2834 Twisde-

1185 2852 1320 2903 niano
1336 2885 1347 2906 ,
1383 2851 1631 2897 Combiano
1646 2887 1659 2908 ,
1687 2854 1998 2898 Boxhorniano
2014 2888 2026 2907 ,

1187 2926 1232 2960 et
1252 2918 1478 2961 Puteaneo
1500 2934 1524 2961 a
1541 2935 1678 2962 manu
1701 2921 1839 2976 prima
1867 2936 1877 2963 :
1908 2918 2026 2975 quod

1187 2982 1233 3024 in
1250 2980 1639 3037 Pirckeimeriano,
1663 2984 1751 3027 sive
1772 2983 2029 3026 Arondelia-

1188 3062 1248 3089 no
1275 3045 1529 3091 Gronovius
1560 3057 1708 3092 noster
1738 3057 1913 3091 testatus
1939 3048 2029 3101 jam

1189 3120 1253 3155 est
1280 3127 1323 3154 se
1348 3111 1562 3157 invenisse
1578 3147 1590 3168 ,
1615 3113 1840 3157 observat.
1859 3111 1912 3154 ad
1935 3113 2030 3156 Sil-

1189 3194 1262 3220 vas
1286 3177 1514 3221 Statianas.
1536 3177 1736 3222 Omnino
1754 3185 1881 3220 recte.
1903 3178 2032 3222 Bruti

1191 3242 1310 3286 enim
1324 3275 1336 3296 ,
1356 3251 1514 3298 praeter
1530 3242 1688 3285 librum
1702 3241 1754 3284 de
1765 3242 1940 3285 Virtute
1958 3241 2031 3285 Ci-

1189 3307 1338 3350 ceroni
1361 3339 1372 3359 ,
1403 3307 1580 3350 Senecae
1602 3339 1614 3360 ,
1647 3305 1907 3360 Plutarcho,
1942 3306 2032 3349 aliis

1191 3371 1415 3415 laudatum
1430 3405 1441 3426 ‚
1463 3371 1591 3414 etiam
1616 3387 1761 3414 versus
1779 3372 2000 3414 exstabant
2019 3405 2030 3426 ,

1193 3445 1236 3479 et
1251 3435 1426 3491 quidem
1441 3436 1539 3479 satis
1551 3435 1690 3479 lascivi
1707 3468 1719 3488 ,
1733 3445 1782 3479 ut
1796 3453 1845 3479 ex
1862 3436 2005 3479 Plinio
2017 3468 2029 3488 ‚
