2280 3776
440 340 554 394 EX
593 336 897 391 PONTO
937 339 1106 392 LIB.
1151 340 1236 393 11.
1283 335 1570 392 EPIST.
1616 340 1736 393 IX.

1867 342 1968 396 361

208 458 396 537 thue
426 454 526 515 tibi
557 467 636 513 est
660 451 900 524 animm,
931 477 1100 535 quum
1131 477 1216 513 res
1246 454 1318 514 ita
1350 452 1625 538 postulat,
1659 478 1806 516 arma
1929 474 1979 515 55

291 553 544 622 Sumere,
578 564 629 610 et
650 547 838 608 hostili
873 550 1081 628 tingere
1108 551 1248 611 caede
1279 575 1532 623 manum;

209 649 420 732 Atque,
453 662 512 708 ut
544 669 633 716 esa,
667 668 893 705 excusso
923 645 1158 726 jaculum
1192 661 1447 730 torquere
1473 648 1702 721 lacerto,

292 743 556 825 Collaque
582 739 784 801 velocis
807 739 1019 802 flectere
1049 742 1244 802 doctus
1273 743 1430 825 equi3

209 841 483 923 Tempora
511 837 587 898 sic
621 837 744 897 data
776 852 906 898 sunt
937 838 1136 900 studiis
1165 838 1262 898 ubi
1290 840 1433 920 justa
1464 842 1705 923 paternis
1724 888 1739 913 ‚

292 938 478 1018 thue
510 934 624 995 suis
656 934 895 994 humeris
928 933 1068 995 forte
1098 934 1302 1018 quievit
1332 959 1506 1019 opus3
1929 955 1987 997 60

212 1035 295 1095 Ne
326 1048 414 1094 tua
445 1045 773 1093 marcescant
805 1055 902 1114 per
931 1032 1133 1098 inertes
1164 1033 1273 1093 otia
1303 1057 1559 1105 somam,

293 1129 500 1191 Lucida
529 1128 707 1189 Pieria
738 1128 914 1189 tendis
944 1129 1000 1189 in
1027 1144 1171 1190 astra
1196 1130 1296 1189 via.

216 1228 346 1289 Haec
373 1250 591 1310 quoque
619 1248 706 1285 res
734 1223 942 1308 aliquid
975 1240 1152 1286 tecum
1181 1225 1314 1286 mihi
1338 1225 1558 1287 soederis
1587 1226 1795 1288 adfert:

297 1321 558 1406 Ejusdem
588 1320 725 1381 sacri
756 1320 937 1381 cultor
963 1336 1192 1404 uterque
1222 1345 1428 1383 sumus.

219 1419 310 1481 Ad
337 1433 510 1480 vatem
540 1432 687 1479 vates
717 1418 929 1478 orantia
960 1417 1182 1478 brachia
1215 1418 1408 1492 tendo,
1938 1437 1991 1479 65

300 1517 467 1576 Terra
497 1515 568 1574 sit
597 1512 801 1575 exsiliis
828 1528 891 1574 ut
920 1528 1011 1574 tua
1041 1514 1147 1574 lida
1178 1515 1329 1579 meis.

220 1611 349 1672 Non
379 1634 482 1690 ego
512 1610 653 1671 caede
677 1634 881 1671 nocens
910 1610 968 1670 in
1003 1612 1227 1672 Pontica
1257 1612 1417 1672 litora
1447 1612 1594 1682 veni;

304 1707 538 1768 Mistave
565 1722 696 1768 sunt
724 1721 911 1767 nostra
938 1707 1055 1767 dira
1085 1731 1285 1769 venena
1315 1732 1476 1768 manu
1504 1731 1516 1766 :

276 1847 342 1890 5&
364 1847 452 1888 Bes
467 1849 532 1890 ila
539 1849 740 1902 postulat.
770 1848 856 1890 Res
867 1853 1068 1901 expostu-

221 1912 287 1954 lat
305 1909 557 1954 Leidensis.“

276 1976 342 2031 57.
361 1975 421 2017 Ut
435 1989 481 2016 es
498 2007 510 2026 ,
542 1974 587 2019 id
606 1984 697 2029 est,
722 1979 866 2018 statim
883 2008 892 2023 ‚
924 1984 971 2017 ut
993 1990 1070 2017 oc-

221 2037 334 2083 casio
353 2054 396 2083 se
415 2037 515 2094 dat,
547 2055 639 2084 non
655 2047 831 2096 sumpto
857 2039 993 2097 spatio
1015 2038 1067 2081 ad

218 2104 525 2150 meditandum
541 2138 553 2160 ,
586 2115 660 2150 aut
690 2115 828 2150 vestes
847 2139 860 2161 ,
888 2115 962 2149 aut
984 2105 1070 2149 ha·-

223 2168 363 2212 bitum
384 2179 560 2215 mutans
579 2203 590 2225 ,
612 2179 660 2214 ut
679 2170 835 2228 passim
856 2171 915 2214 ita
934 2174 1067 2219 sicut,

224 2236 340 2277 velut
353 2243 430 2278 est.
451 2235 613 2279 BURM.
631 2258 686 2269 —·
700 2236 902 2295 Micyllus
922 2245 1070 2280 autem

227 2298 378 2342 durius
392 2298 496 2342 illud
509 2315 598 2343 esse
615 2299 735 2354 dicit,
756 2302 889 2357 thue
905 2311 971 2344 cst
982 2305 1072 2343 ani·

224 2377 316 2405 mus
334 2365 483 2406 doctus
502 2373 685 2419 torquere
690 2364 888 2418 jaculum
901 2397 912 2414 ‚
934 2372 979 2406 et
991 2366 1075 2417 fle-

226 2435 336 2470 ctcre
352 2430 465 2470 colla
485 2432 602 2483 equ1‘‚·
624 2428 800 2482 quando
823 2445 873 2471 ea
891 2445 960 2471 res
982 2444 1073 2470 non

229 2493 375 2536 animo
394 2525 406 2547 ‚
431 2491 507 2536 sed
531 2492 734 2535 manibus
757 2492 936 2548 geritur.

284 2560 350 2616 59.
377 2559 576 2613 Tempora
589 2561 655 2599 sic
667 2560 833 2600 studiis.
851 2555 1046 2612 Quando
1060 2589 1073 2611 ‚

229 2622 399 2679 inquit,
429 2622 560 2679 patris
587 2622 651 2665 tui
678 2620 828 2665 studiis
853 2630 897 2664 et
916 2620 1075 2664 bellicae

228 2691 525 2735 exercitationi
536 2707 714 2748 operam
728 2689 909 2743 dedisti,
934 2698 978 2732 et
990 2689 1076 2732 hu-

230 2758 362 2801 meris
379 2757 461 2801 tuis
478 2757 724 2802 sustentasti
748 2756 911 2799 molem
932 2764 974 2799 et
994 2773 1077 2800 ne-

231 2822 345 2879 gotia
357 2822 480 2880 regni
491 2822 678 2880 paterni3
695 2838 750 2865 ne
765 2838 843 2879 per
853 2837 1075 2875 somnum,

234 2895 308 2930 aut
318 2887 530 2944 ignaviam
543 2903 700 2945 corpus
713 2896 962 2941 marcescat,
976 2902 1077 2943 poe-

234 2951 318 2994 tica
346 2951 547 2996 facultate
585 2953 662 2996 tibi
702 2952 1078 2996 immortalitatem

234 3029 524 3070 comparas.—
531 3018 761 3071 Ubijusta.
787 3018 848 3059 Ut
845 3017 972 3072 justa
989 3015 1078 3058 duo

235 3087 414 3123 veteres.
442 3081 607 3125 Hssms.

291 3149 357 3190 60.
368 3148 508 3204 Atque
517 3153 600 3191 tuis
614 3150 915 3206 humenlrforte
930 3152 1084 3206 quievit

235 3226 352 3267 opus.
371 3213 505 3268 thue
516 3211 673 3255 rectius
685 3222 852 3257 veteres
863 3222 1052 3270 quatuor
1066 3231 1078 3266 ;

238 3286 283 3320 et
305 3281 394 3320 suis
423 3280 601 3320 humeris·
629 3278 801 3321 Sarrav.
836 3279 1015 3337 Argent.
1037 3290 1081 3324 et

242 3342 432 3387 Combii.
469 3345 583 3400 Opus
601 3353 810 3400 praeterea
828 3345 873 3388 in
896 3345 1081 3402 antiquis

242 3418 356 3463 octo,
370 3418 443 3453 aut
461 3409 612 3453 decem
628 3427 637 3454 :
653 3410 728 3454 sed
746 3410 903 3455 frustra
919 3429 928 3463 ;
949 3412 1080 3456 Trist.

245 3476 337 3531 III,
363 3477 427 3520 El.
451 3491 486 3519 11
506 3510 516 3531 ,
533 3494 640 3521 vers.
665 3495 709 3533 ¹7
728 3494 738 3522 ς
754 3496 774 3516 «
797 3478 863 3521 Ut
877 3478 945 3521 via
958 3478 1081 3522 finita

1149 1855 1232 1901 est,
1251 1855 1294 1889 et
1312 1862 1420 1901 opus
1437 1845 1650 1902 requievit
1674 1844 1820 1888 eundi.
1842 1862 1864 1882 π
1884 1845 1999 1888 Scri-

1146 1913 1217 1965 be,
1235 1930 1256 1948 «
1277 1912 1427 1967 thue
1439 1911 1526 1954 suis
1540 1909 1735 1952 numeris
1749 1909 1861 1952 sorte
1875 1910 1997 1965 quie-

1146 1979 1207 2021 vit
1226 1994 1332 2035 opus
1346 2010 1357 2032 ‚
1382 1996 1401 2014 »
1418 1978 1483 2020 vel
1501 2010 1513 2030 ,
1530 1978 1669 2032 Atque
1686 1980 1776 2018 suis
1800 1981 1992 2019 numeris.

1148 2044 1324 2085 Numeri
1335 2046 1470 2097 operis
1489 2041 1558 2084 hic
1580 2041 1803 2094 dicuntur,
1819 2050 1867 2084 ut
1887 2040 1998 2083 Met.

1148 2109 1269 2161 Vll,
1302 2108 1358 2151 8:
1381 2126 1402 2145 κ
1438 2107 1610 2163 Lexque
1640 2106 1769 2149 datur
1801 2106 1998 2149 numeris

1147 2188 1408 2230 magnorum
1421 2170 1639 2215 horrenda
1653 2170 1993 2227 laborum;»‹1uae

1148 2237 1205 2280 ibi
1234 2253 1337 2279 vera
1362 2246 1427 2280 est
1450 2236 1661 2293 scriptura
1688 2252 1766 2290 per
1793 2251 1996 2278 numeros.

1149 2302 1333 2344 Metam.
1350 2302 1421 2343 lib.
1442 2301 1471 2340 N
1487 2301 1530 2344 11
1549 2332 1561 2354 ‚
1578 2317 1637 2343 vs.
1658 2301 1759 2344 ηδε
1783 2318 1803 2336 «
1826 2300 1998 2355 Perque

1150 2381 1249 2409 suos
1267 2366 1384 2409 intus
1406 2381 1614 2408 numeros
1635 2365 1916 2420 componitur
1934 2365 1999 2406 in-

1150 2429 1259 2472 fans.
1275 2448 1296 2468 ν
1311 2430 1375 2472 Ita
1389 2429 1797 2472 enimscribendum
1808 2430 1853 2471 in
1867 2428 1999 2471 Trist.

1150 2494 1224 2537 lib.
1247 2495 1309 2547 V,
1333 2495 1453 2550 Eleg.
1477 2508 1564 2537 qu
1579 2528 1591 2544 ‚
1620 2511 1680 2538 vs.
1706 2510 1782 2537 10:
1805 2512 1826 2531 ι(
1845 2509 2000 2550 quum·

1153 2575 1237 2616 que
1255 2559 1342 2603 Per
1359 2575 1568 2603 numeros
1583 2575 1735 2603 omnes
1753 2559 1835 2603 hoc
1850 2567 1998 2602 tueare

1152 2634 1291 2682 caput.
1308 2643 1329 2662 »
1344 2627 1546 2668 Numeros
1553 2630 1723 2669 sceleris
1735 2625 1840 2669 dixit
1854 2626 1898 2668 in
1916 2626 1999 2669 lbi-

1154 2690 1208 2734 de
1222 2723 1234 2743 ‚
1247 2706 1356 2734 vers.
1375 2692 1451 2746 184
1471 2710 1481 2743 ;
1501 2710 1522 2729 ιι
1538 2692 1790 2736 Utcareant
1803 2691 1999 2734 numeris

1155 2765 1352 2814 tempora
1373 2759 1511 2814 prima
1532 2759 1643 2812 suis,
1667 2777 1688 2794 »
1709 2758 1838 2801 Trist.
1859 2759 1877 2801 1
1896 2791 1908 2812 ,
1932 2756 1999 2800 El.

1154 2835 1223 2866 vn
1238 2857 1249 2878 ‚
1276 2840 1384 2867 vers.
1407 2825 1472 2878 48.
1490 2825 1548 2868 Η.

1209 2888 1276 2931 66.
1325 2891 1385 2932 Ut
1418 2899 1491 2932 tua
1519 2898 1640 2933 terra.
1670 2890 1736 2933 Ut
1764 2889 1999 2933 Tomitana

1156 2955 1257 2997 urbs
1272 2987 1284 3008 ‚
1306 2955 1580 3013 relegationis
1602 2972 1712 2999 meae
1728 2956 1863 2999 sedes.

1210 3021 1276 3077 67.
1298 3022 1348 3062 ln
1371 3022 1501 3063 Ponti
1517 3024 1642 3064 litora
1659 3025 1766 3064 veni.
1799 3022 1852 3062 In
1876 3023 1998 3063 Pon—

1155 3089 1242 3128 tica
1261 3085 1387 3128 Polit.
1404 3101 1516 3128 unus
1533 3085 1656 3129 Voss.
1671 3094 1713 3128 et
1728 3101 1840 3127 unus
1861 3085 1998 3128 Vatic.

1157 3151 1270 3193 bene
1290 3164 1300 3191 :
1318 3150 1377 3193 sic
1402 3153 1581 3194 Pontica
1608 3154 1733 3193 tellus
1749 3184 1759 3200 ‚
1794 3151 1864 3194 lib.
1895 3152 1963 3196 ΙΙΙ
1986 3184 1998 3205 ,

1160 3216 1280 3272 Eleg.
1300 3229 1317 3257 1
1334 3248 1345 3268 ‚
1372 3231 1481 3258 vers.
1506 3233 1526 3271 7
1545 3234 1555 3267 ;
1577 3218 1755 3259 Pontica
1772 3223 1905 3269 ten-a,
1926 3216 1999 3259 lib.

1159 3282 1234 3336 ΙΙ,
1268 3281 1334 3325 ΕΙ.
1355 3294 1448 3334 vn,
1469 3298 1528 3324 vs.
1557 3281 1634 3335 68,
1658 3289 1702 3324 et
1728 3281 1798 3325 lib.
1822 3281 1905 3335 IV,
1930 3281 1998 3323 El.

1159 3362 1205 3389 lx
1222 3379 1233 3401 ,
1254 3363 1312 3389 vs.
1341 3348 1437 3401 1243
1457 3349 1656 3390 Ponticus
1670 3349 1799 3397 Ister,
1821 3347 1890 3390 lib.
1907 3347 1999 3399 ΙΙΙ,

1161 3413 1280 3468 Eleg.
1305 3426 1341 3454 11
1357 3443 1369 3464 ,
1394 3428 1502 3456 vers.
1525 3414 1607 3467 443
1645 3421 1695 3456 ut
1727 3412 1811 3457 illic
1844 3412 2002 3468 opinor

1158 3478 1467 3535 castigandum.
1492 3480 1547 3522 H.
