2280 3776
285 271 392 324 ff&

744 271 808 323 P.
864 269 1167 324 OVIDII
1210 270 1592 326 NASONIS

370 383 503 445 Plus
530 384 666 457 isto,
695 383 849 456 duri,
880 382 926 443 si
952 406 1165 465 precer,
1197 387 1308 447 oris
1338 410 1450 447 er0.
1993 409 2047 450 δυ

284 526 428 570 locum
447 526 580 583 magis
597 524 791 581 quietum
807 556 819 578 ,
837 533 880 568 et
898 533 1119 569 remotum
1200 529 1340 579 hoste,
1376 527 1577 573 Politian.
1597 529 1794 586 Scythica
1817 530 1873 570 ab
1892 536 2010 571 arcto
2026 562 2038 579 ,

286 592 338 634 ab
356 592 435 634 hac
452 590 712 649 Scytharum
732 586 970 647 asperitate.
985 592 1122 635 -Ab

282 674 387 714 'arcu
406 658 608 713 Scythico.
634 655 702 698 Ab
731 655 860 698 armis
877 655 1089 699 Getarum
1107 689 1119 710 ,

285 722 360 777 qui
391 720 662 777 peculiariter
689 735 791 763 arcu
821 727 1019 763 utuntur.
1051 721 1122 764 Ab

1202 594 1400 638 Vatican.

1256 660 1321 702 80.
1345 660 1398 702 Si
1412 675 1570 714 precor.
1586 659 1633 701 Si
1636 673 1779 713 precer
1793 690 1804 707 ,
1833 656 2046 709 meliores.

1203 721 1262 764 H.
1275 743 1331 754 —
1341 723 1451 765 Duri
1465 726 1563 764 ονιὶσ.
1585 720 1877 765 Inverecundi
1895 720 1996 764 oris.

828 973 1339 1042 EPISTOLA
1387 973 1495 1042 ΙΙ.

1053 1111 1286 1127 mmm

958 1252 1372 1312 MAXIMO.

866 1515 1464 1566 ARGUMENTUM.

283 1650 336 1693 In
357 1648 439 1691 hac
456 1644 634 1703 epistola
654 1644 798 1700 primo
822 1651 962 1700 captat
988 1643 1340 1688 benevolentiam
1369 1659 1395 1686 a
1422 1641 1546 1687 Fabii
1569 1657 1754 1699 persona
1769 1675 1782 1697 ,
1811 1655 1914 1684 eum
1946 1639 2050 1682 lau-

339 1716 497 1761 dando.
529 1712 705 1757 Deinde
743 1712 867 1755 illum
900 1721 1118 1755 attentum
1152 1712 1298 1756 reddit
1319 1746 1331 1767 ,
1370 1727 1506 1769 quum
1546 1711 1674 1756 docet
1705 1726 1783 1766 ea,
1814 1710 1868 1754 de
1897 1709 2052 1767 quibus

340 1789 534 1831 dicturus
553 1785 608 1828 sit
629 1799 638 1826 :
657 1783 742 1827 hoc
759 1793 845 1838 est,
869 1782 976 1826 velle
1002 1783 1174 1841 propria
1192 1784 1304 1827 mala
1319 1783 1601 1840 ingemiscere
1621 1791 1665 1826 et
1687 1798 1902 1840 exponere
1919 1814 1932 1835 ,
1955 1795 2051 1838 quae

345 1855 482 1898 multa
503 1869 592 1896 esse
626 1860 775 1895 narrat
790 1883 802 1905 ,
827 1851 1019 1894 hostium
1052 1851 1212 1895 scilicet
1239 1851 1479 1908 periculum
1497 1883 1509 1906 ,
1540 1850 1696 1895 faciem
1721 1850 1801 1893 loci
1822 1883 1834 1905 ,
1855 1849 2054 1892 dolorem

340 1943 391 1969 ex
403 1926 469 1969 his
482 1925 611 1967 rebus
629 1924 867 1965 maximum
883 1954 895 1976 ,
918 1921 1026 1964 adeo
1038 1930 1088 1965 ut
1100 1923 1245 1979 cupiat
1257 1923 1419 1966 mutari
1438 1923 1485 1965 in
1501 1922 1688 1978 aliquam
1708 1921 1835 1964 aliam
1846 1920 2052 1963 formam.

339 1995 516 2053 Colligit
535 2002 756 2051 postremo
774 2025 785 2047 ,
816 2009 861 2035 se
885 1991 1130 2036 clementiae
1163 1990 1345 2035 Caesaris
1379 1991 1601 2035 confidere
1619 2023 1631 2045 ,
1663 1999 1714 2034 ut
1742 1990 1876 2034 exsilii
1904 1990 2050 2034 locum

333 2075 503 2110 mutare
524 2065 649 2108 liceat
670 2079 680 2107 z
705 2063 900 2119 petitque
922 2078 946 2104 a
967 2061 1164 2105 Maximo
1182 2093 1193 2116 ,
1225 2070 1277 2104 ut
1296 2060 1340 2103 id
1359 2061 1500 2106 solum
1518 2093 1530 2116 ,
1554 2076 1636 2104 nec
1658 2060 1773 2104 aliud
1796 2068 1948 2105 tentet.

284 2194 491 2278 MAXI
503 2231 631 2288 ME,
664 2215 764 2298 qui
789 2214 927 2274 tanti
954 2236 1262 2274 mensuram
1289 2212 1533 2273 nominis
1557 2210 1779 2294 imples,

366 2316 442 2373 Et
467 2311 707 2390 geminas
736 2311 899 2370 animi
924 2308 1215 2370 nobilitate
1245 2332 1449 2387 genus;

284 2412 401 2492 Qui
427 2408 577 2469 nasci
603 2422 666 2468 ut
686 2429 905 2489 posseS,
936 2406 1181 2488 quamvis
1212 2406 1450 2466 cecidere
1480 2406 1740 2476 trecenti,

339 2572 373 2599 1.
392 2555 590 2596 Maxime.
608 2550 767 2593 Fabius
786 2549 856 2593 hic
876 2548 1097 2592 Maximus
1109 2582 1121 2604 ‚

282 2635 419 2678 quum
450 2617 604 2660 intima
634 2613 924 2657 familiaritate
963 2613 1125 2658 Caesari

283 2687 480 2740 Augusto
498 2681 631 2723 suerit
646 2679 928 2735 conjunctus,
955 2694 1047 2722 non
1061 2679 1126 2721 in-

279 2749 455 2792 venitur
470 2755 617 2790 tamen
632 2777 644 2798 ,
662 2743 782 2799 quod
796 2743 967 2786 mireris
978 2776 989 2798 ,
1009 2742 1121 2799 apud

281 2814 507 2870 scriptores
539 2809 633 2852 ullis
665 2809 839 2851 functus
872 2808 1122 2851 honoribus.

281 2878 354 2922 Ad
369 2878 486 2920 hunc
497 2883 698 2917 nostrum
715 2872 872 2929 opinor
890 2871 1124 2915 referenda

281 2962 371 2990 esse
388 2944 460 2987 illa
482 2940 746 2999 Quintiliani
763 2941 862 2983 inst.
887 2939 1094 2983 Orat.VI
1108 2971 1121 2994 ‚

281 3009 306 3050 3
323 3025 333 3052 ε
351 3027 372 3046 «
390 3010 445 3052 In
463 3005 717 3062 metalepsin
736 3020 909 3060 quoque
927 3003 1040 3046 cadit
1058 3019 1125 3045 ra-

280 3073 342 3114 tio
365 3072 582 3117 dictorum
603 3089 613 3123 ;
648 3078 697 3112 ut
726 3070 884 3112 Fabius
905 3068 1122 3111 Maximus

278 3136 478 3179 incusans
490 3134 672 3194 Augusti
682 3134 1014 3191 congiariorum‚
1027 3146 1124 3187 quae

282 3200 428 3243 amicis
452 3201 688 3254 dabantur,
712 3200 1010 3255 exiguitatem,
1034 3197 1123 3239 he-

281 3266 466 3307 minaria
479 3282 567 3308 esse
583 3266 699 3308 dixit.
718 3285 739 3303 »
755 3266 823 3309 De
838 3273 979 3308 morte
993 3263 1123 3318 hujus

282 3328 405 3373 Fabii
419 3338 567 3372 noster
579 3330 657 3371 inf.
671 3331 743 3372 lib.
759 3330 848 3381 IV;
872 3338 915 3372 et
929 3328 1095 3372 Plinius
1107 3359 1120 3382 ,

280 3393 351 3439 lib.
372 3395 488 3448 VII,
513 3409 604 3448 cap.
625 3395 691 3446 45.
711 3393 964 3449 H.-Atqui
982 3391 1122 3435 Glan-

1203 2549 1382 2606 dorpius
1397 2550 1623 2594 consulem
1643 2549 1762 2593 hunc
1781 2547 1964 2592 Fabium
1984 2547 2047 2590 sa-

1204 2615 1262 2659 cit
1275 2631 1345 2658 an.
1359 2615 1420 2659 U.
1439 2614 1491 2658 C.
1510 2626 1718 2659 nccxmn
1732 2647 1744 2669 ,
1759 2622 1810 2657 ut
1822 2621 1865 2656 et
1879 2612 2045 2668 Lipsius

1202 2679 1307 2723 fecit
1320 2680 1415 2723 :sed
1429 2680 1548 2725 hunc
1557 2679 1688 2723 fuisse
1701 2679 1775 2734 huj
1782 2694 1830 2721 us
1842 2676 1964 2720 Fabii
1978 2692 2046 2732 pa—

1204 2753 1320 2789 trem
1334 2745 1460 2788 docet
1471 2745 1663 2788 Masson.
1674 2742 1719 2785 in
1731 2742 1817 2784 vita
1829 2739 2046 2783 Ovidii.—

1210 2811 1299 2864 Qui
1313 2813 1429 2866 latete*
1439 2824 1672 2855 mensuram
1689 2809 1869 2849 nominis
1886 2808 2046 2859 imples.

1208 2874 1301 2928 Qui
1314 2872 1503 2916 nominis
1515 2869 1864 2928 magnitudinem
1879 2884 2021 2925 aequas
2033 2900 2046 2923 ‚

1205 2955 1253 2981 ac
1262 2954 1435 2994 superas
1446 2937 1578 2980 animi
1589 2936 1919 2980 nobilitate.Per
1929 2950 2048 2977 men·

1203 3018 1348 3046 suram
1364 3011 1510 3045 autem
1523 3000 1632 3045 tanti
1644 2999 1853 3055 nominis,
1866 2999 2054 3043 Maximi

1204 3068 1540 3124 adpellationem
1560 3066 1766 3123 intellige.

1258 3150 1297 3175 2.
1327 3135 1482 3175 Genus.
1506 3132 1805 3175 Maximorum
1822 3129 2046 3173 familiam.

1258 3197 1298 3239 3.
1342 3199 1541 3251 Quamvis
1582 3199 1764 3240 cecidere
1802 3203 1882 3238 etc.
1921 3192 2044 3236 Bello
2066 3203 2067 3206 ’

1205 3262 1389 3305 Etrusco
1405 3294 1417 3316 ‚
1460 3261 1577 3318 quod
1602 3270 1770 3319 gestum
1798 3268 1862 3304 est
1894 3265 2045 3302 contra

1203 3326 1414 3369 Veientes
1435 3359 1447 3381 ,
1477 3342 1613 3382 quum
1640 3325 1687 3367 in
1713 3324 1802 3367 acie
1824 3320 2043 3367 cecidisset

1207 3390 1267 3445 Q.
1285 3391 1469 3444 Fabius;
1493 3389 1592 3433 vide
1613 3389 1796 3431 Ftorum
1818 3419 1830 3440 ,
1861 3386 1971 3429 libro
1991 3386 2039 3438 I,
