2280 3776
236 275 342 330 328
371 315 375 318 -

697 278 761 330 P.
812 277 1106 331 OVIDII
1143 277 1544 336 NASONIS-

237 395 316 451 Ut
342 391 450 451 fera
480 390 734 450 nimboso
767 406 1082 454 tumuerunt
1110 417 1325 477 aequora
1352 388 1541 470 vento,

319 491 385 547 lu
417 487 608 548 mediis
635 487 806 549 lacera
835 511 1019 571 puppe
1047 489 1332 574 relinquor
1359 493 1534 574 aquis.

240 584 538 665 Quumque
570 582 660 641 alii
690 583 867 643 nolint
898 583 1054 644 etiam
1087 610 1170 646 me
1200 611 1360 648 nosse
1390 588 1594 654 videri,

327 680 427 738 Vix
460 680 570 737 duo
600 679 848 761 projecto
880 694 1048 740 tresve
1080 682 1282 742 tulistis
1313 676 1512 765 opem(
1946 704 2002 744 3ο

244 779 495 857 Quorum
529 792 586 836 tu
621 778 903 860 princeps:
931 803 1027 837 nec
1054 779 1192 838 enim
1223 803 1405 839 comes
1434 804 1574 851 esse,
1607 779 1699 840 sed
1732 797 1950 853 auctor,

323 878 435 935 Nec
465 890 646 957 petere
675 875 1010 957 exemplum,
1042 877 1132 935 sed
1164 877 1288 937 dare
1318 877 1516 955 dignus
1547 901 1679 938 eras,

242 974 321 1032 Te
340 1019 353 1042 ‚
382 971 521 1030 nihil
551 995 611 1031 ex
637 986 787 1043 acm,
816 971 916 1030 nisi
953 996 1066 1030 non
1097 996 1376 1054 peccasse,
1407 974 1699 1046 ferentem,

327 1068 536 1150 Sponte
564 1092 655 1127 sua
690 1067 937 1150 probitas
966 1069 1313 1152 officiumque
1339 1071 1541 1151 juvant.

245 1189 357 1245 apud
375 1199 531 1244 poetas.
551 1190 784 1233 H.—Aura
802 1194 1008 1236 secunda:
1028 1192 1087 1236 sic

244 1258 388 1300 Horat
403 1289 413 1309 ,
429 1257 496 1299 lib.
514 1258 548 1308 l,
569 1274 698 1300 carm.
717 1257 858 1312 Od.v,
878 1274 982 1302 vers.
1005 1276 1019 1301 1
1033 1274 1076 1301 1:

249 1341 270 1359 «
293 1323 460 1366 nescius
480 1339 592 1366 aurae
614 1324 819 1367 fallacis.»

296 1405 358 1443 27.
374 1390 621 1430 Tamum-unt
633 1405 798 1442 oequora
811 1396 944 1431 vento.
957 1389 1087 1432 Unus

246 1453 370 1494 Voss.
394 1458 517 1497 nolo:
549 1468 661 1493 unus
688 1451 915 1493 Hafniens.
938 1454 1090 1494 morbo.

247 1516 379 1559 Forte
405 1519 519 1558 Cam.
545 1517 710 1558 HEle.

304 1583 366 1624 28.
391 1584 516 1623 Nave.
542 1583 683 1635 Puppe
705 1597 753 1624 ex
772 1588 959 1636 quatuor
976 1578 1092 1622 tibris
1113 1586 1118 1591 ‘

250 1647 457 1691 Heinsius
481 1647 612 1690 dedit.

304 1730 370 1771 29·
397 1716 529 1756 Nosse
537 1713 683 1767 fateri.
717 1715 864 1755 Videri
880 1710 1093 1754 meliores.

291 1779 369 1820 33.
401 1780 474 1822 Te.
502 1781 673 1819 nihilex
685 1785 790 1820 acto.
809 1781 1095 1830 nt‘sz'nonpec-

251 1861 374 1887 casse
394 1845 611 1899 serentem.
645 1844 783 1886 Locus
823 1842 1097 1885 mendosissi-

256 1926 381 1959 mus;
404 1926 484 1952 nec
504 1910 655 1965 juvant
677 1909 768 1951 libri
793 1918 958 1951 veteres
980 1926 990 1957 ς
1016 1908 1097 1950 nisi

257 1974 375 2031 quod
400 1991 464 2016 me
489 1991 567 2030 pro
593 1991 667 2016 nor
694 1974 737 2015 in
762 1973 1098 2015 nonnuttis.Ta·

255 2038 448 2093 naquillo
484 2039 624 2081 Fabro
656 2038 699 2080 in
733 2037 928 2093 Epistoiis
960 2052 1100 2090 nuper

257 2103 408 2156 editis,
436 2103 662 2146 videbatur
686 2101 962 2145 scribendum
991 2116 1100 2144 esse:

260 2187 283 2205 «ι
300 2169 365 2211 Te
385 2202 395 2220 ,
420 2167 528 2210 nihil
548 2184 598 2210 ex
619 2176 713 2209 acto
729 2200 740 2219 ,
776 2165 856 2208 nisi
889 2175 928 2208 te
950 2166 1101 2211 fecisse

260 2243 510 2290 petentem,
525 2252 543 2269 »
555 2249 683 2289 quam
699 2233 765 2274 ilie
777 2233 1102 2287 castigationem

260 2315 383 2343 suam
415 2297 607 2354 pluribus
636 2297 842 2340 adstruxit
874 2297 915 2339 in
952 2296 1101 2339 iisdem

262 2363 481 2419 Epistotis.
505 2363 592 2406 Sed
614 2362 872 2406 inconcinna
895 2370 958 2406 est
978 2378 1107 2418 repe-

264 2431 360 2473 titio
383 2438 445 2473 τοῦ
475 2431 539 2471 Te.
564 2428 684 2483 Quid
704 2428 738 2471 si
759 2427 974 2484 reponas?
1000 2446 1018 2463 «
1050 2427 1107 2470 Et

263 2493 373 2538 nihil
395 2511 418 2535 e
438 2493 554 2536 facto
569 2526 580 2545 ,
600 2492 679 2536 nisi
703 2502 741 2535 te
761 2492 934 2546 fecisse,
958 2500 1108 2548 peten-

265 2570 371 2603 tem.
403 2575 425 2595 »
465 2559 652 2613 Longius
677 2557 853 2613 quidem
882 2573 904 2599 a
940 2557 1109 2612 vulgata

268 2625 476 2680 scriptura
492 2622 580 2665 haec
599 2623 783 2665 abeunt:
798 2622 874 2664 sed
888 2622 947 2664 nil
960 2622 1112 2665 obcur-

268 2692 328 2734 rit
353 2689 508 2733 metius
529 2705 538 2731 ;
561 2705 685 2732 versu
712 2689 908 2744 proximo
924 2720 936 2741 ‚
955 2689 1114 2743 juvant

268 2773 350 2813 pro
374 2757 500 2808 juva!
524 2754 737 2797 meliores.
766 2754 824 2796 H.
845 2776 900 2786 -
928 2756 985 2796 Te
1008 2756 1119 2797 nihil

267 2829 429 2865 exacto.
459 2819 588 2863 ordo
607 2827 671 2861 est
693 2834 703 2860 :
724 2817 919 2862 Probitas
945 2827 989 2861 et
1009 2817 1113 2861 offi-

272 2886 387 2928 cium
400 2901 474 2928 sua
486 2893 638 2939 sponte
654 2884 805 2940 juvant
819 2892 858 2925 te
872 2883 1085 2926 fatentem
1099 2914 1111 2936 ‚

273 2959 421 2993 exacto
445 2949 551 2992 nihil
573 2948 653 2992 nisi
673 2965 752 2992 nos
774 2965 976 3004 peccasse.
995 2949 1115 2991 M.—

275 3017 453 3057 Exacto.
472 3013 609 3056 Aticui
632 3012 816 3070 exigenti
839 3029 892 3055 an
913 3030 995 3070 ego
1014 3029 1116 3069 pec-

277 3079 563 3121 caven-imvm
577 3087 693 3122 certe
708 3078 879 3121 adverb.
894 3087 939 3120 ut
951 3087 1113 3127 eraclo,

276 3157 356 3198 pro
391 3152 536 3185 exacte
571 3143 747 3198 accipias
774 3159 783 3186 :
810 3151 852 3186 et
874 3151 937 3185 est
963 3157 1118 3198 magna

279 3207 370 3248 laus
384 3206 560 3248 Maximi
578 3240 588 3259 ‚
611 3207 726 3263 quod
750 3216 886 3263 poetae
902 3207 1024 3249 amici
1038 3206 1119 3249 cri-

283 3287 388 3314 men
403 3281 614 3325 quantum
634 3282 773 3328 potest
789 3274 941 3317 nititur
954 3273 1117 3316 celare:

283 3352 364 3382 nec
390 3334 468 3377 nisi
495 3336 706 3379 instanter
735 3338 961 3393 requisitus
990 3338 1119 3380 etiam

285 3416 386 3446 eum
405 3415 597 3459 peccasse
611 3400 782 3444 adserit.
804 3404 985 3458 ludgere
1002 3401 1122 3446 enim

1168 1201 1232 1236 est
1247 1210 1326 1249 per
1341 1194 1427 1236 vim
1442 1192 1598 1250 aliquid
1621 1202 1781 1250 petere.
1795 1193 1879 1236 Vel
1893 1226 1904 1246 ‚
1916 1209 2009 1247 pec·-

1168 1277 1290 1304 casse
1315 1270 1463 1304 exacto
1477 1295 1487 1311 ,
1520 1261 1603 1304 hoc
1622 1270 1709 1313 est,
1732 1277 1808 1317 per
1827 1261 1916 1302 vim
1938 1276 2008 1302 er-

1168 1341 1280 1367 rasse
1305 1325 1456 1380 :quasi
1486 1325 1624 1381 aliqua
1655 1325 1692 1366 vi
1729 1341 1798 1367 me
1826 1325 1876 1367 ad
1910 1341 2010 1380 pec-

1169 1389 1356 1432 candum
1394 1389 1639 1446 impulsum.
1674 1390 1753 1432 Vel
1785 1405 1979 1446 peccasse
1995 1419 2007 1440 ‚

1170 1463 1321 1496 exacto
1338 1488 1348 1500 ,
1377 1454 1536 1497 scilicet
1564 1464 1760 1510 tempore
1779 1487 1790 1507 ,
1820 1453 1901 1496 hoc
1921 1460 2011 1505 est,

1170 1518 1402 1574 praeterito.
1433 1518 1519 1560 Atii
1548 1518 1698 1575 legunt
1731 1536 1783 1561 ez
1806 1527 1900 1561 acto
1932 1517 2013 1559 hoc

1172 1591 1236 1625 est
1255 1615 1266 1635 ,
1290 1599 1339 1625 ex
1356 1583 1466 1626 sacto
1488 1592 1657 1626 tantum
1677 1600 1867 1639 peccasse
1885 1616 1895 1636 ,
1922 1597 2012 1624 non

1173 1648 1407 1699 voluntate.
1427 1650 1626 1692 PONT.-—
1637 1650 1727 1705 Ego
1741 1659 1847 1705 puto
1865 1663 2015 1690 veram

1174 1713 1403 1756 lectionem
1426 1723 1468 1757 et
1482 1716 1743 1757 sententiam
1761 1731 1783 1756 a
1798 1715 2017 1756 Burman-

1177 1794 1236 1821 no
1252 1778 1426 1821 tandem
1448 1787 1664 1835 repertam
1686 1797 1694 1827 ;
1717 1779 1839 1834 cujus
1852 1778 1939 1821 haec
1954 1787 2018 1821 est

1177 1853 1280 1887 nota
1299 1861 1309 1887 :
1330 1844 1492 1887 dixerat
1513 1853 1556 1887 et
1579 1853 1754 1900 questus
1780 1853 1871 1886 erat
1897 1843 2018 1887 Ovi—

1179 1909 1300 1962 dius,
1325 1909 1550 1966 plerosque
1576 1909 1804 1952 amicitiam
1828 1925 1876 1950 ex
1904 1908 2021 1950 utiti-

1179 1982 1265 2017 tate
1285 1975 1462 2018 coluisse
1477 2006 1489 2027 ‚
1520 1983 1563 2017 et
1583 1991 1627 2017 se
1647 1974 1864 2017 desertum
1891 1974 1942 2016 ab
1967 1974 2020 2015 il-

1182 2037 1254 2091 tis,
1277 2054 1405 2094 quam
1433 2039 1621 2094 primum
1645 2037 1866 2080 adflictum
1894 2037 2021 2080 vidis-

1182 2113 1279 2146 sent
1301 2118 1311 2145 :
1339 2103 1582 2146 Maximum
1613 2118 1717 2144 vero
1742 2110 2020 2155 constanter,

1181 2169 1312 2212 etiam
1332 2169 1377 2212 in
1401 2169 1587 2211 adversis
1604 2201 1615 2221 ,
1641 2166 1831 2210 officium
1860 2168 2026 2224 praesti-

1185 2234 1282 2278 tisse
1297 2266 1308 2286 ‚
1335 2234 1433 2290 quia
1454 2234 1588 2290 ipsam
1612 2232 1818 2274 virtutem
1839 2233 1901 2274 sui
1926 2248 2026 2286 pre-

1185 2299 1296 2341 tium
1322 2298 1551 2349 credebat,
1588 2313 1669 2339 nec
1698 2296 1879 2338 utilitate
1913 2293 2025 2337 ami-

1187 2363 1306 2406 citias
1339 2363 1548 2419 probabat
1577 2378 1587 2404 z
1623 2377 1755 2417 quare
1794 2360 2026 2416 legendnm

1188 2437 1293 2484 puto
1307 2461 1318 2481 ,
1347 2430 1405 2470 Te
1416 2430 1588 2469 nihileoe
1600 2434 1696 2481 aeto
1711 2426 1828 2480 (vei,
1849 2425 2027 2481 efecto)

1188 2499 1278 2537 m‘si
1294 2511 1377 2537 non
1399 2510 1600 2550 peccasse
1616 2494 1821 2549 ferentem
1841 2527 1851 2542 ‚
1882 2494 2032 2548 Sponte

1188 2576 1267 2602 sua
1279 2563 1469 2614 probitas
1485 2558 1744 2615 officiumque
1749 2559 1924 2613 juvant:
1940 2571 2030 2599 non

1190 2625 1317 2667 aliam
1335 2623 1581 2667 mercedem
1604 2640 1655 2666 ex
1668 2622 1783 2666 facto
1800 2622 1907 2678 petis
1921 2654 1932 2675 ,
1949 2619 2031 2663 nisi

1190 2688 1498 2732 conscientiam
1514 2721 1526 2741 ‚
1550 2697 1590 2732 te
1613 2703 1702 2730 non
1723 2703 1914 2744 peccasse
1929 2718 1940 2739 ,
1958 2694 2032 2737 aut

1195 2770 1286 2797 non
1317 2753 1504 2797 defuisse
1535 2752 1709 2804 officio,
1747 2751 1861 2807 quod
1894 2751 2033 2793 amico

1194 2817 1390 2862 debebas.
1402 2818 1629 2861 Sententia
1642 2816 1764 2858 obvia
1778 2848 1789 2867 ,
1810 2824 1911 2858 etex
1921 2830 2034 2857 com-

1194 2883 1320 2927 muni
1340 2883 1596 2939 sapientium
1619 2881 1753 2924 effato
1770 2880 1980 2923 desumta.

1249 2948 1314 3001 34.
1336 2945 1617 3002 Officiumque,
1631 2946 1686 2988 Et
1700 2944 1749 2987 of
1750 2944 1895 2987 ficium
1911 2953 2034 2987 tuum

1195 3028 1296 3067 erga
1317 3011 1487 3055 amicos.
1512 3011 1673 3054 Sensus
1691 3020 1779 3053 est:
1799 3027 1950 3053 verum
1973 3019 2036 3053 est

1197 3076 1311 3133 quod
1334 3077 1416 3118 dixi
1434 3085 1472 3119 te
1486 3071 1765 3131 essedibtnum
1783 3091 1871 3117 non
1888 3084 2034 3131 petere

1197 3143 1249 3186 ab
1274 3140 1363 3185 aliis
1389 3141 1632 3196 exemplum
1660 3139 1961 3196 permanendo
1990 3139 2034 3181 in

1198 3206 1283 3249 fide
1301 3222 1401 3262 erga
1416 3222 1510 3260 me,
1533 3205 1607 3249 sed
1627 3205 1729 3248 dare
1746 3205 1861 3247 aliis:
1880 3203 1978 3259 quia
1992 3211 2036 3246 te

1198 3271 1351 3325 juvant
1377 3280 1421 3314 et
1439 3271 1628 3327 probitas
1649 3279 1693 3313 et
1716 3269 1913 3312 officium
1936 3282 2036 3323 erga

1201 3337 1382 3379 amicos:
1400 3335 1515 3391 quod
1533 3344 1685 3392 sponte
1699 3351 1773 3377 sua
1797 3340 2035 3390 praestatur,

1201 3416 1290 3444 non
1306 3401 1501 3456 precibus
1512 3431 1524 3454 ,
1540 3408 1613 3444 aut
1626 3398 1804 3456 praernio
1821 3397 1976 3452 aliquo.
