2280 3776
448 294 561 349 EX
606 292 905 348 PONTO
947 293 1112 348 LIB.
1159 292 1274 348 lv.
1319 290 1599 348 EPIST.
1641 295 1825 349 XVI.

1926 295 2036 372 479

322 410 610 470 Errantem
640 431 781 469 saevo
808 430 908 490 per
936 407 1048 471 duo
1077 406 1251 471 lustra
1277 406 1449 480 mari;

244 505 469 588 Quique
501 527 654 565 suam
680 505 943 565 Troezena
960 550 975 575 ‚
1004 503 1501 587 imperfectumque
1532 503 1745 564 dierum
1990 525 2037 564 ..ε

325 604 585 665 Deseruit
614 602 777 664 celeri
803 617 980 663 morte
1010 602 1255 664 Sabinus
1282 626 1424 686 opus
1454 627 1468 674 ;

245 699 570 782 Ingeniique
599 698 685 759 sui
714 697 894 759 dictus
927 696 1257 777 cognomine
1282 699 1531 777 Largus,

336 791 543 854 Gallica
574 793 671 876 qui
695 792 999 877 Phrygium
1029 792 1188 854 duxit
1213 792 1273 853 in
1294 816 1421 855 arva
1450 815 1672 864 senem;

249 891 476 975 Quique
507 891 654 953 canit
683 891 949 953 domitam
979 891 1304 957 Camerinus
1330 890 1399 953 ab
1430 889 1670 953 Hercule
1695 891 1919 973 Trojam
1943 916 1956 965 ;

331 989 559 1072 Quique
593 1012 691 1050 sua
717 1012 920 1049 nomen
947 988 1201 1072 Phyllide
1222 990 1441 1051 Tuscus
1468 989 1670 1062 habet;
1988 1023 2041 1050 ω»

249 1083 598 1170 Velivolique
625 1085 791 1147 maris
821 1099 1004 1159 vates,
1042 1086 1131 1147 cui
1162 1085 1382 1147 credere
1411 1087 1596 1170 possis

333 1182 591 1246 Carmina
620 1181 877 1248 caeruleos
902 1184 1280 1266 composuisse
1307 1183 1489 1254 Deos;

252 1281 480 1364 Quique
508 1281 649 1341 acies
678 1281 951 1365 LibycaS,
978 1282 1344 1363 Romanaque
1373 1277 1559 1363 praelia
1589 1277 1753 1350 dixin

332 1381 408 1447 Et
434 1378 687 1451 Marius,
717 1379 911 1462 scripti
943 1379 1135 1439 dexter
1160 1379 1219 1438 in
1247 1402 1409 1439 omne
1438 1401 1612 1457 genus
1636 1402 1649 1449 ;

251 1474 684 1559 Trinacriusque
714 1498 824 1536 suae
852 1475 1144 1536 Perseidos
1169 1490 1397 1547 auctor;
1432 1490 1488 1536 et
1516 1488 1713 1535 auctor
1998 1492 2049 1532 25

251 1637 308 1648 —
325 1616 571 1658 Rasa-nuere
588 1614 727 1668 jussit
760 1614 967 1672 Ulyssem.
987 1613 1111 1658 Fecit

256 1679 460 1733 Sabinus,
477 1687 526 1722 ut
540 1677 718 1738 Ulysses
732 1678 855 1722 uxori
875 1678 1108 1736 Penelopae

254 1744 527 1788 rescriberet.

318 1811 378 1852 15.
408 1811 570 1866 Quique
589 1824 711 1851 suam
732 1810 942 1852 Troezena.
969 1809 1110 1852 Creu·-

256 1890 372 1924 men-,
397 1873 466 1917 vel
484 1875 649 1926 Trt'sarn
665 1872 840 1917 Combii
859 1890 870 1925 3
893 1875 1101 1923 Trocrem,

256 1938 326 1982 vel
351 1939 504 1982 Troica
523 1937 736 1981 Arondel.
760 1937 848 1980 duo
878 1939 1109 1992 Troadem,-

259 2012 345 2047 tres
364 2003 617 2056 Tmzenem3
640 2002 709 2045 alii
738 2004 912 2045 Tromen
927 2035 937 2051 ,
978 2004 1110 2046 Troi—

255 2083 345 2110 σωκ
359 2098 374 2122 ,
404 2067 593 2111 Troiam
608 2099 619 2113 .
656 2067 849 2109 Te'mesou
863 2099 873 2114 ‚
908 2067 1111 2109 Tumesen

257 2143 306 2178 et·
313 2131 469 2177 similia
480 2166 492 2188 ‚
507 2148 563 2176 an
581 2134 775 2191 Tymeleae
785 2135 810 2178 ?
821 2132 981 2189 opinor
992 2141 1110 2176 certe

259 2217 429 2246 nomen
453 2199 608 2259 puella
637 2216 661 2243 a
681 2199 849 2243 Sabino
872 2199 1112 2250 decantatae

259 2265 332 2310 hie
351 2266 502 2310 latere.
522 2265 691 2308 Hssms.

321 2347 386 2388 ²7·
412 2331 592 2386 Largus.
619 2329 693 2372 An
719 2327 920 2372 Valerius
947 2328 1133 2386 Largus·

262 2403 486 2440 accusator
494 2393 608 2439 Galli
623 2392 792 2451 poetae?
808 2393 862 2437 de
878 2409 966 2449 quo
978 2393 1113 2437 Dion.

264 2461 374 2505 LIII
390 2494 402 2515 ,
430 2477 525 2518 pag.
564 2462 643 2503 512
661 2477 672 2512 ;
707 2467 752 2502 et
781 2474 836 2501 an
874 2458 991 2502 idem
1024 2459 1079 2502 sit
1099 2491 1111 2514 ,

269 2528 344 2585 qui
357 2528 436 2571 sub
451 2525 638 2571 Claudio
649 2525 802 2569 consul
813 2524 920 2576 fuit3
935 2534 985 2568 ut
995 2525 1115 2569 idem

266 2591 489 2636 Dion.Lx
503 2623 515 2645 ,
539 2607 631 2649 pag.
646 2591 721 2646 671
734 2589 755 2632 ἐ’
770 2589 928 2633 nescio.
949 2591 1114 2634 Bunm.

325 2659 385 2702 18.
401 2659 539 2700 Daci!
548 2661 593 2699 in
611 2672 726 2699 arva.
745 2656 886 2699 Duxit
898 2654 1117 2699 nonnulli.

267 2722 438 2767 lie-Ia
452 2738 559 2766 area
576 2723 762 2764 Gallica.
782 2721 833 2762 In
846 2720 1033 2764 Galliam
1049 2719 1121 2764 Ci-

266 2787 479 2845 salpinam
506 2802 516 2830 :
549 2795 594 2830 et
623 2786 670 2829 in
702 2801 804 2828 eum
831 2794 1018 2828 tractum
1041 2785 1117 2828 ubi

267 2863 415 2911 postea
428 2853 634 2897 Antenor
654 2851 883 2894 Patavium
908 2850 1117 2895 condidit.

268 2921 548 2978 —thyge'um
555 2933 706 2962 senem.
721 2918 999 2961 Antenorem
1011 2917 1120 2960 Tro-

268 2982 437 3041 janum.

331 3066 392 3110 ¹9·
429 3052 589 3107 Quique
615 3055 732 3095 cani!
760 3053 1013 3094 Camerinus.
1035 3047 1122 3092 Ca-

270 3115 467 3158 merinus
481 3124 613 3172 poeta-
626 3116 711 3158 fuit
725 3115 876 3160 Ovidii
893 3124 1092 3172 tempore
1106 3148 1119 3170 ‚

274 3181 350 3236 qui
375 3179 491 3237 apud
521 3179 698 3224 Latinos
725 3181 973 3237 Troianum
1000 3180 1122 3223 exci-

275 3244 398 3288 dium
427 3246 597 3289 cecinit.
616 3269 671 3281 -··
688 3248 862 3290 Domilo
881 3248 1124 3289 Camerinus

274 3314 330 3354 ab
346 3312 524 3355 ffictore
541 3311 723 3366 Trojam.
736 3313 954 3355 Domita»,
966 3311 1093 3354 multi
1109 3328 1122 3363 ς

278 3375 407 3418 Polit.
432 3383 476 3418 et
501 3384 588 3418 tres
607 3374 676 3417 atii
689 3407 702 3429 ,
722 3378 921 3420 domuum
941 3379 996 3418 ab
1016 3379 1126 3419 Hera

280 3443 393 3494 cule,·
416 3439 532 3495 quod
555 3455 710 3482 verum
732 3449 852 3497 pute.
869 3440 1034 3486 thss.

1251 1629 1318 1656 20.
1357 1614 1523 1657 ,Tuscus
1553 1615 1689 1657 babet.
1719 1612 1836 1657 Puto
1861 1615 2050 1665 Fuscus.

1192 1677 1308 1734 quod
1359 1693 1525 1722 nomen
1572 1677 1708 1734 magis
1747 1677 2000 1722 Romanum
2037 1695 2047 1722 :

1190 1759 1308 1796 mox,
1322 1746 1487 1786 credere
1501 1747 1659 1799 possis,
1678 1758 1758 1800 pro
1772 1759 1923 1797 posses
1936 1759 2047 1801 qua·

1193 1816 1295 1851 tuor
1316 1817 1499 1851 veteres.
1522 1809 1690 1852 Hmns.

1250 1892 1314 1917 αι.
1347 1875 1602 1930 Vclivolt'que
1630 1879 1764 1918 mare}
1792 1883 1925 1918 mles.
1963 1874 2051 1919 Hic

1196 1937 1249 1980 de
1282 1939 1331 1981 P.
1358 1938 1572 1982 Terentio
1603 1937 1807 1983 Varrone
1843 1938 2052 1982 Attacino

1193 2011 1323 2058 poeta
1362 2001 1563 2060 intelligit
1589 2036 1604 2058 ,
1639 2003 1714 2060 qui
1751 2001 1971 2046 transtulit
2005 2003 2051 2046 in

1193 2067 1402 2110 Latinum
1440 2066 1571 2111 libros
1599 2077 1789 2125 quatuor
1823 2067 2049 2124 Apollonii

1196 2133 1361 2177 Rhodii
1383 2134 1430 2177 in
1455 2149 1583 2178 suum
1609 2150 1718 2190 opus
1744 2133 1798 2177 de
1818 2134 2053 2190 Argonau-

1195 2200 1407 2243 tis.—Cm'
1423 2202 1587 2243 credere
1605 2215 1759 2255 posses
1784 2207 1865 2242 etc.
1887 2199 2054 2256 Magna

1195 2274 1260 2308 est
1294 2265 1425 2322 hujus
1465 2274 1605 2322 poetae
1642 2266 1762 2317 laus;
1805 2266 1921 2323 quod
1962 2276 2055 2311 tam

1203 2328 1381 2386 pulchre
1397 2330 1695 2387 Argonautica
1718 2330 1942 2388 descripsit
1957 2366 1970 2387 ‚
2004 2342 2055 2376 ut

1199 2394 1276 2437 Dii
1300 2395 1379 2451 ipsi
1412 2395 1605 2450 marini,
1633 2412 1723 2439 non
1756 2405 1884 2454 poeta
1916 2396 1984 2441 ille
2001 2398 2053 2441 P.

1200 2461 1438 2504 Terentius
1454 2460 1598 2504 Varro
1611 2494 1623 2515 ,
1647 2461 1882 2506 videantur
1896 2479 1946 2505 ea
1961 2479 2055 2506 car-

1198 2527 1319 2570 mina
1336 2528 1643 2584 composuisse.

1254 2594 1319 2636 23.
1345 2594 1503 2647 Quique
1525 2597 1642 2636 acies
1663 2593 1863 2652 lybicas.
1878 2593 2056 2638 Merula

1198 2657 1317 2701 hunc
1346 2657 1491 2701 locum
1517 2657 1572 2701 de
1598 2658 1774 2712 Ennio,
1808 2668 1883 2702 aut
1903 2660 2056 2702 Naevio

1201 2724 1504 2780 accipiendum
1525 2733 1649 2782 putat
1668 2743 1678 2769 :
1700 2725 1770 2769 cui
1799 2734 2054 2782 temporum

1200 2789 1313 2833 ratio
1323 2799 1553 2848 repugnat.
1566 2790 1723 2846 Neque
1736 2789 1854 2833 enim
1869 2790 2057 2835 Ovidius

1201 2871 1274 2897 eos
1286 2864 1435 2911 poetas
1448 2871 1800 2899 commemorare
1813 2857 1964 2908 voluit,
1982 2857 2058 2912 qui

1201 2935 1245 2962 se
1265 2919 1406 2962 multo
1419 2920 1688 2976 antiquiores
1704 2930 1848 2964 essent
1863 2954 1874 2974 ,
1891 2920 1965 2963 sed
1981 2921 2058 2977 qui

1203 2985 1295 3028 suis=
1308 2985 1577 3041 temporibus
1597 3019 1608 3040 ,
1641 2985 1884 3042 eademque
1907 3003 2055 3030 secum

1205 3057 1329 3093 aetate
1350 3050 1566 3092 vixissent.

1260 3115 1325 3167 24.
1335 3115 1500 3156 Dexter
1514 3119 1557 3156 in
1574 3130 1693 3156 omne
1701 3130 1847 3169 genus.
1862 3117 2058 3158 Pmmtus

1205 3177 1251 3220 in
1270 3177 1430 3221 multis.
1457 3179 1627 3222 Hums.

1262 3247 1328 3286 25.
1366 3245 1689 3300 Trinacriusque
1722 3261 1808 3287 suae
1839 3247 2060 3287 Perseidos

1207 3316 1356 3351 auctor
1383 3317 1428 3351 et
1448 3317 1577 3353 actor.
1611 3309 1772 3367 Scripti
1802 3312 2061 3355 Tmacrt‘us-

1207 3392 1283 3430 que
1296 3409 1306 3424 ,
1344 3376 1646 3432 Tenacriusque
1665 3411 1675 3426 ‚
1713 3378 2001 3430 Toenan'usque
2021 3383 2065 3415 et

1209 3439 1367 3483 similia
1387 3456 1397 3483 ε
1419 3456 1585 3484 nomen
1613 3441 1730 3484 haud
1758 3441 1889 3483 dubie
1910 3456 2066 3483 corru-
