2280 3776
471 306 581 361 EX
621 304 926 360 PONTO
963 304 1128 358 LIB.
1172 303 1264 357 ΙΙ.
1308 302 1585 357 EPIST.
1631 305 1744 358 VI.

1891 306 1995 375 343

232 425 394 485 Nunc
419 424 553 484 mihi
583 420 870 500 naufragio·
894 420 1024 504 quid
1053 420 1277 503 prodest
1301 420 1505 482 discere
1529 420 1673 481 sacto
1690 467 1706 494 ‚

317 522 500 601 Quam
531 542 644 580 mea
677 516 925 578 debuerit
957 540 1171 577 currere
1202 517 1392 600 cymba
1420 517 1607 577 viam?

234 615 465 677 Brachia
498 614 563 682 da
589 613 731 674 lasso
764 612 953 696 potius
979 612 1296 695 prendenda
1323 612 1532 673 natanti
1554 638 1568 685 ;

319 713 431 771 Nec
458 709 640 793 pigeat
667 723 851 768 mento
878 707 1235 790 subposuisse
1264 732 1500 768 manum.

157 822 160 826 ’
234 805 409 889 quue
439 805 597 874 sacis,
629 804 903 888 faciasque
934 828 1129 889 precor
1155 830 1167 865 ε
1193 805 1270 865 sic
1300 820 1473 865 mater
1501 819 1554 864 et
1582 826 1754 876 uxor,
1963 821 2009 861 15

319 900 409 960 Sic
442 898 546 960 tibi
570 899 680 960 sint
701 899 918 973 fratres,
952 915 1175 983 totaque
1206 899 1349 961 salva
1379 900 1594 959 domus.

239 997 518 1081 Quodque
544 997 687 1059 soles
716 999 899 1058 animo
916 1046 930 1070 ‚
964 999 1113 1082 quod
1140 1021 1353 1081 semper
1379 1020 1509 1057 voce
1541 993 1776 1079 precari,

321 1095 523 1157 Omnia
556 1097 864 1158 Caesaribus
896 1097 972 1157 sic
1002 1112 1093 1157 tua
1124 1098 1263 1157 sacta
1292 1095 1507 1179 probes.

236 1192 424 1274 Turpe
455 1192 559 1252 erit
585 1192 642 1251 in
674 1193 886 1255 miseris
916 1194 1082 1255 veteri
1116 1193 1216 1253 tihi
1248 1193 1413 1254 rebus
1442 1190 1618 1252 amico

315 1289 600 1350 Auxilium
629 1290 778 1352 nulla
804 1306 959 1375 parte
990 1290 1180 1351 tulisse
1216 1306 1386 1351 tuum.
1961 1316 2015 1345 ευ

239 1384 430 1468 Turpe
459 1387 657 1448 referre
688 1388 881 1471 pedem
902 1435 917 1459 ‚
945 1410 1044 1447 nec
1076 1412 1238 1470 passu
1270 1403 1410 1448 stare
1443 1385 1616 1447 tenaci
1641 1409 1654 1444 :

317 1481 508 1565 Turpe
540 1483 885 1541 laborantem
918 1479 1218 1541 deseruisse
1247 1496 1435 1540 ratem.

239 1580 428 1662 Turpe
464 1577 620 1661 sequi
647 1601 860 1649 casum,
890 1592 945 1639 et
974 1577 1210 1637 fortuna:
1239 1577 1453 1650 cedere,
1483 1576 1716 1637 amicum

321 1678 426 1749 Et,
457 1675 564 1737 nisi
595 1675 668 1736 sit
696 1673 847 1745 felix,
879 1698 994 1735 esse
1024 1697 1222 1752 negare
1250 1698 1428 1735 suum.

239 1773 369 1833 Non
400 1773 478 1832 ita
505 1772 756 1832 vixerunt
788 1770 1054 1854 Strophio
1082 1785 1248 1854 atque
1275 1771 1689 1846 Agamemnone
1718 1768 1870 1828 nati:
1966 1787 2017 1826 25

321 1867 450 1927 Non
478 1865 593 1925 haec
621 1866 835 1944 AEgidae
865 1865 1213 1948 Pirithoique
1242 1864 1392 1924 fides
1470 1926 1475 1934 ,

241 1962 405 2042 Quos
434 1961 590 2044 prior
620 1976 704 2021 est
732 1962 922 2022 mirata
943 2008 957 2033 ‚
990 1983 1226 2044 sequens
1256 1958 1547 2019 mirabitur
1581 1972 1744 2029 aetas;

322 2062 387 2120 ln
420 2084 653 2143 quorum
683 2059 908 2144 plausus
938 2074 1054 2120 tota
1086 2060 1295 2119 theatra
1324 2072 1537 2118 sonant.

242 2155 330 2216 Tu
361 2151 583 2238 quoque
601 2203 616 2228 ‚
645 2181 744 2240 per
769 2157 965 2218 durum
997 2171 1210 2217 servato
1242 2170 1457 2237 tempus
1484 2153 1689 2222 amico,

323 2253 546 2332 Dignus
574 2278 631 2314 es
661 2255 719 2314 in
750 2255 916 2315 tantis
945 2277 1145 2314 nomen
1176 2252 1375 2313 babere
1395 2251 1551 2311 viris.
1964 2269 2018 2311 31»

246 2351 463 2430 Dignus
492 2375 583 2412 es:
612 2368 668 2413 et
695 2353 954 2435 quoniam
982 2351 1195 2412 laudem
1227 2350 1426 2433 pietate
1454 2350 1705 2419 mereriS‚

305 2498 322 2525 1
334 2499 349 2525 ι
357 2517 366 2527 .
394 2484 512 2538 Quid
516 2485 687 2537 prodest
697 2486 843 2526 dicere.
857 2484 1003 2527 Immo
1019 2484 1089 2524 di·-

247 2559 360 2588 scere
378 2562 479 2590 cum
508 2546 679 2590 Sarrav.
706 2555 751 2590 et
772 2547 863 2590 aliis
883 2546 1089 2602 quinque.

308 2627 324 2653 1
333 2627 368 2653 2.
390 2614 485 2666 Qua
497 2627 590 2654 mea
601 2614 787 2655 debuerit
796 2627 956 2655 currere
973 2627 1090 2670 cym-

248 2676 305 2716 ba
326 2678 410 2719 w'a.
444 2677 578 2729 Quam
603 2680 716 2718 viam
738 2692 848 2718 unus
871 2674 1091 2718 Hafnien-

249 2738 305 2782 sis
333 2747 378 2782 et
408 2755 522 2783 unus
542 2741 805 2794 Vossianus3
826 2748 955 2783 recte.
974 2737 1089 2780 Vide

249 2814 374 2849 notas
394 2805 526 2850 Trist.
541 2808 600 2861 V,
619 2807 739 2864 Eleg.
753 2821 820 2849 vn
837 2839 849 2860 ,
866 2823 924 2849 vs.
944 2806 1009 2850 35.
1031 2806 1090 2848 Η.

309 2885 370 2927 ¹7·
392 2872 518 2925 Quod
527 2875 637 2915 soles
651 2888 812 2927 semper
818 2875 987 2926 precari
999 2875 1092 2912 ani·

252 2948 328 2975 mo.
360 2932 512 2990 Quam
539 2952 636 2979 rem
661 2951 834 2992 semper
865 2942 1013 2976 mente
1047 2941 1094 2975 et

253 2997 383 3041 corde
398 3014 493 3044 oras
507 3017 518 3051 ;
540 3011 588 3044 ut
605 3000 762 3045 scilicet
776 3000 929 3057 probes
943 2997 1092 3041 omnia

255 3074 330 3110 tua
345 3066 458 3110 facta
477 3065 729 3110 Caesaribus.

316 3131 376 3173 18.
390 3133 634 3174 Cesaribus.
652 3132 868 3187 Augusto,
886 3130 1065 3174 Tiberio
1079 3163 1090 3185 ,

256 3196 402 3239 Druso
418 3228 429 3250 ,
456 3211 504 3238 ac.
520 3195 694 3239 caeteris.

313 3262 378 3304 23.
414 3263 547 3315 Turpe
559 3264 679 3315 sequi
689 3275 844 3302 casum.
866 3258 1092 3303 Distichon

259 3326 489 3372 Ovidianae
514 3340 634 3368 venae
653 3324 713 3367 nil
732 3323 860 3366 habet
881 3340 891 3367 ι
912 3324 1095 3380 profor—

259 3399 366 3436 tunoe
383 3396 540 3440 cedere,
565 3390 746 3445 Argent.
767 3389 935 3432 Sarrav.
950 3398 992 3432 et
1010 3398 1094 3434 tres

262 3455 331 3499 alii
345 3488 357 3512 ,
367 3455 550 3511 sorlunoe
561 3458 766 3500 accedere.
781 3454 965 3498 H.—De
977 3471 1093 3507 casu,

1169 2479 1370 2524 distincto
1395 2496 1418 2523 a
1439 2481 1636 2523 Fortuna
1657 2513 1669 2533 ,
1699 2479 1796 2522 vide
1821 2479 2014 2536 Quinti—

1167 2544 1332 2588 lianum
1349 2578 1361 2599 ,
1385 2544 1580 2588 Declam.
1600 2544 1683 2597 IV,
1713 2545 1771 2586 ¹3.

1225 2613 1290 2653 25.
1311 2613 1403 2653 Non
1422 2615 1485 2653 ita
1503 2614 1704 2653 vela-erunt.
1742 2611 1842 2652 Non
1865 2610 1922 2651 ita
1943 2626 2013 2652 se-

1169 2675 1255 2719 cuti
1281 2683 1385 2718 sunt
1415 2691 1560 2718 casum
1578 2709 1586 2724 ,
1619 2674 1863 2718 deserendo
1888 2691 1931 2718 se
1966 2676 2010 2717 in

1170 2739 1221 2783 ad
1227 2740 1370 2783 versis.
1382 2763 1437 2772 —-
1446 2742 1555 2784 Nati
1563 2742 1754 2794 Strophio
1763 2751 1886 2795 atque
1901 2741 1946 2782 A
1944 2757 2015 2794 ga-

1169 2820 1391 2847 memnone.
1402 2804 1609 2863 Pyladem
1626 2814 1669 2848 et
1679 2804 1885 2848 Orestem
1900 2806 2015 2861 opti-

1170 2885 1265 2912 mos
1285 2878 1328 2912 et
1350 2884 1471 2912 caros
1496 2869 1654 2911 amicos
1679 2869 1874 2926 designat
1898 2886 1907 2912 :
1931 2870 2017 2912 suit

1172 2934 1292 2977 enim
1329 2933 1511 2992 Pylades
1547 2933 1741 2989 Strophii
1779 2933 2015 2977 Phocensis

1172 2998 1296 3041 filius.

1228 3065 1293 3107 26.
1313 3066 1487 3119 AEgidoe.
1501 3064 1657 3108 Thesei
1674 3096 1687 3116 ‚
1715 3064 1788 3119 qui
1805 3064 1917 3107 filius
1935 3065 2017 3109 suit

1173 3130 1329 3186 AEgei,
1357 3140 1402 3174 et
1425 3131 1608 3174 Pirithoi
1636 3131 1927 3175 amicissimus.

1230 3197 1292 3238 28.
1306 3197 1355 3237 In
1366 3211 1533 3251 quorum
1538 3199 1728 3250 plausus.
1747 3197 1798 3238 In
1821 3212 2009 3252 quorum

1172 3259 1362 3303 laetitiam
1384 3268 1429 3302 et
1446 3259 1627 3302 favores.
1650 3283 1702 3291 —
1729 3262 1835 3303 Tota
1853 3263 2016 3304 theatro

1173 3323 1452 3366 sonant.Tota
1465 3323 1631 3367 theatra
1645 3334 1864 3378 resonant,
1879 3341 2013 3381 quum

1175 3389 1228 3431 de
1262 3388 1342 3432 illis
1368 3389 1585 3446 tragoediae
1615 3391 1864 3447 compositae
1896 3391 2015 3434 reci-

1176 3462 1337 3497 tantur.
