2280 3776
248 241 360 312 424
701 245 765 297 P.
813 244 1124 299 ov1D11
1167 245 1567 304 NAsole

249 361 487 422 Nomine
513 385 628 420 non
654 376 777 421 utar
794 409 807 434 ‚
834 386 901 422 ne
929 364 1303 424 commendere
1335 367 1554 448 querela
1571 414 1588 439 ,

332 460 731 540 Quaeraturque
765 459 866 518 tibi
897 462 1133 520 carmine
1162 461 1303 523 fama
1332 488 1470 524 meo.

249 555 399 614 Dum
430 578 547 614 mea
570 554 776 636 puppis
805 569 919 614 erat
944 555 1122 617 valida
1149 557 1374 629 fundata
1405 560 1617 634 carina,

334 650 449 729 Qui
477 672 690 710 mecum
717 649 881 711 velles
912 674 1150 726 currere,
1181 653 1391 735 primus
1426 679 1557 715 eras,

256 749 447 818 Nunc,
484 747 611 828 quia
642 748 912 808 contraxit
938 747 1150 809 vultum
1179 749 1428 818 fortuna,
1457 752 1664 813 recedis
1682 800 1698 826 ,

333 844 560 905 Auxilio
592 861 887 928 postquam
915 846 1020 907 scis
1052 871 1193 930 opus
1224 871 1338 909 esse
1369 864 1484 909 tuo.

254 941 585 1002 Dissimulas
614 942 775 1003 etiam
794 990 809 1016 ‚
840 966 938 1003 nec
969 967 1053 1003 me
1082 943 1164 1003 vis
1191 968 1353 1004 nosse
1376 944 1579 1017 videri,

339 1039 564 1121 Quique
588 1039 692 1114 sit,
727 1039 915 1099 audito
945 1041 1170 1100 nomine
1189 1087 1202 1112 ‚
1233 1044 1383 1102 Naso
1402 1088 1417 1113 ‚
1448 1066 1624 1120 rogas.
1976 1077 2026 1105 ιο

253 1130 355 1193 Ille
383 1157 485 1210 ego
521 1157 668 1206 sum,
706 1158 1013 1218 quanquam
1045 1159 1160 1194 non
1188 1136 1268 1196 vis
1294 1136 1506 1210 audire,
1535 1153 1745 1199 vetusta

337 1231 495 1290 Paene
524 1252 661 1313 puer
686 1255 858 1315 puero
885 1235 1107 1314 junctus
1135 1233 1367 1294 amicitia
1393 1260 1407 1295 ε

257 1325 358 1387 Ille
387 1352 515 1406 ego,
552 1330 647 1412 qui
676 1331 887 1412 primus
919 1347 1011 1392 tua
1040 1331 1182 1391 seria
1209 1355 1371 1393 nosse
1402 1330 1645 1393 solebam
1663 1380 1677 1407 ‚

341 1422 457 1501 Qui
487 1423 592 1483 tibi
611 1425 870 1505 jucundis
897 1426 1106 1510 primus
1136 1427 1322 1487 adesse
1348 1427 1518 1509 jocis:

259 1518 359 1578 Ille
386 1544 488 1599 ego
524 1523 832 1595 convictor,
868 1523 1148 1606 densoque
1177 1523 1512 1586 domesticus
1538 1548 1669 1597 usu3
1985 1539 2033 1581 ιε’»

340 1616 440 1677 Ille
468 1643 569 1698 ego
597 1620 819 1701 judiciis
847 1621 1007 1681 unica
1037 1623 1201 1681 Musa
1229 1621 1354 1682 tuis.

260 1712 414 1774 Idem
443 1738 545 1794 ego
573 1741 694 1777 sum
713 1766 727 1790 ‚
760 1718 856 1803 qui
879 1742 1026 1787 nunc
1055 1742 1125 1778 an
1152 1718 1327 1778 vivam
1344 1766 1358 1791 ‚
1389 1718 1594 1801 perfide
1611 1765 1626 1791 ‚
1654 1717 1830 1778 nescis
1856 1741 1868 1790 ;

345 1813 489 1872 Cura
521 1814 624 1873 tibi
654 1816 719 1875 de
749 1840 860 1899 quo
893 1833 1131 1898 quaerere
1158 1815 1311 1875 nulla
1337 1816 1456 1877 fuit.

264 1907 389 1967 Sive
415 1909 495 1969 fui
524 1935 808 1993 nunquam
838 1936 1023 1983 carus,
1056 1910 1339 1973 simulasse
1369 1914 1591 1974 fateris:

347 2005 455 2064 Seu
484 2029 600 2064 non
629 2006 900 2083 fingebas,
931 2007 1202 2067 inveniere
1230 2007 1379 2068 levis.
1986 2041 2037 2069 20

267 2098 373 2159 Dic
396 2146 410 2172 ‚
445 2122 568 2177 age,
604 2099 691 2160 dic
721 2099 957 2183 aliquam
975 2147 989 2173 ‚
1022 2125 1142 2183 quae
1172 2116 1224 2162 te
1254 2102 1576 2176 mutaverit,
1604 2103 1739 2163 iram
1764 2129 1776 2162 :

1995 584 2022 625 Q

329 2282 392 2308 10.
428 2267 611 2322 Quisque
627 2270 698 2309 sil.
722 2268 879 2322 Quique
888 2267 1015 2323 Frag.
1034 2266 1116 2325 Lo·
1256 2285 1318 2327 ¹9·
1342 2271 1569 2313 &mulas-se
1577 2268 1748 2325 fater-125.
1760 2268 1920 2314 Melius
1938 2286 2038 2315 cum

269 2328 367 2375 van.
387 2342 432 2376 et
454 2332 629 2390 Regius.
650 2333 709 2377 H.
1194 2333 1476 2390 sequentibus
1495 2333 1587 2378 haec
1611 2334 1914 2389 cohaerebunt,
1939 2335 1973 2378 si
1986 2335 2041 2378 le-

334 2404 393 2444 15.
412 2402 560 2444 Denso
575 2416 664 2444 usu.
683 2400 924 2457 Frequenti
936 2415 1114 2444 consue·
1197 2414 1267 2455 gas
1282 2431 1294 2453 ‚
1313 2402 1535 2442 simulasse
1535 2399 1691 2455 serenis·
1711 2416 1724 2442 :
1744 2415 1849 2442 nam
1863 2416 1977 2442 unus
1988 2417 2040 2444 ex

272 2466 440 2510 tudine.
1197 2463 1355 2507 nostris
1370 2466 1537 2508 videt-125.
1559 2465 1619 2508 H.

334 2531 394 2574 16.
432 2532 534 2574 Tuis
539 2532 733 2586 judiciis.
757 2531 874 2587 Quia
892 2531 952 2574 ita
974 2530 1029 2573 de
1042 2545 1114 2573 me
1252 2546 1319 2571 21.
1334 2530 1428 2572 Aut
1438 2545 1537 2585 age,
1561 2533 1630 2574 dic
1645 2533 1842 2586 aliquam.
1861 2531 1947 2574 Dic
1962 2546 2043 2585 age

274 2595 570 2653 judicabas.—
589 2597 728 2638 Unica
738 2613 870 2639 musa.
882 2595 1008 2640 Solus
1019 2611 1117 2652 poe·
1198 2610 1308 2637 nunc
1322 2594 1452 2638 Polit.
1471 2594 1577 2638 alius
1596 2596 1718 2639 Nunc
1730 2612 1809 2650 age
1822 2597 1910 2647 dic-5
1924 2611 2038 2637 unus

278 2661 372 2705 ticae
394 2661 496 2704 artis
514 2660 690 2717 peritus.
1199 2660 1340 2703 Vatic.
1353 2661 1452 2710 Dic,
1463 2676 1556 2715 age,
1571 2662 1669 2713 d1'c;
1691 2669 1734 2703 at
1746 2670 1930 2716 uterque
1942 2659 2044 2701 Me—

337 2744 398 2783 17.
426 2729 506 2769 Ille
532 2742 607 2781 ego
630 2742 732 2769 sum.
755 2728 870 2770 Idem
895 2742 971 2780 ego
1001 2740 1116 2773 con-
1202 2723 1321 2766 donii
1334 2739 1414 2780 pro
1431 2724 1599 2768 diversa
1620 2724 1805 2768 lectione
1823 2757 1835 2779 ,
1854 2727 1940 2767 Eia
1964 2739 2043 2779 age

278 2792 449 2836 cinnius
468 2792 582 2848 legas
603 2808 654 2835 ex
674 2800 860 2847 quatuor
881 2790 998 2833 libris
1019 2805 1121 2846 :pro
1202 2792 1271 2833 dic
1286 2804 1302 2843 ;
1316 2790 1434 2846 quod
1448 2807 1601 2834 verum
1615 2799 1680 2834 est
1694 2807 1704 2834 τ
1717 2791 1777 2835 sic
1789 2790 1901 2847 apud
1919 2790 2041 2847 Vir-g.

279 2861 356 2914 qui
369 2874 477 2900 nuuc
501 2873 557 2899 an
573 2860 710 2899 vivam
722 2889 733 2907 ,
761 2854 983 2899 Leidensis
1005 2870 1120 2910 quem
1204 2854 1381 2898 AEneid.
1397 2856 1480 2910 lv,
1498 2872 1557 2898 vs.
1571 2856 1794 2914 569:E1·a,
1813 2872 1911 2911 age,
1933 2873 2044 2899 rum-

281 2941 402 2968 nunc.
430 2924 564 2967 Forte
582 2956 594 2977 ,
626 2939 741 2979 quem
765 2939 874 2965 nunc
892 2939 950 2964 an
979 2925 1135 2964 vivale·
1163 2924 1165 2930 ’
1196 2938 1253 2976 pe
1270 2938 1419 2964 morus.
1435 2922 1720 2965 Nemesianus
1745 2921 2014 2980 Cynegetico
2035 2938 2046 2965 2

281 3006 410 3034 versu
426 2990 622 3047 proximo
635 3022 646 3042 ,
669 3004 748 3045 pro
759 2987 972 3042 curafuit‚
986 3001 1123 3044 quum
1207 3003 1230 3023 κ
1255 2986 1434 3028 Latonae
1457 3001 1665 3043 magnum
1683 3019 1695 3039 ,
1730 2986 1923 3046 Phoebe,
1956 2987 2045 3030 de·-

286 3061 328 3101 23
345 3061 526 3100 suimox
540 3064 746 3112 sequatur
759 3088 771 3110 ,
787 3072 810 3098 a
830 3055 1003 3098 Nasone
1025 3051 1125 3095 reli·
1205 3067 1293 3105 cus,
1305 3051 1371 3094 eia
1389 3067 1465 3112 age
1480 3084 1492 3105 ‚
1508 3061 1652 3096 suetos
1667 3052 1804 3095 Sume
1820 3052 2002 3096 habitus.
2024 3071 2046 3091 »

288 3119 407 3165 ctum
425 3121 550 3164 nobis
564 3137 665 3164 cura
682 3124 794 3164 subit
809 3119 977 3176 opinor.
998 3119 1057 3162 H.
1072 3141 1127 3150 -
1205 3116 1407 3160 Valerius
1437 3117 1613 3161 Flaccus
1627 3150 1640 3171 ,
1667 3117 1738 3161 lib.
1762 3117 1906 3171 VIII,
1940 3131 1957 3162 ι·
1968 3134 2017 3162 1o
2034 3134 2043 3160 ε

289 3188 369 3227 Ille
380 3203 453 3240 ego
473 3203 562 3228 sum
587 3189 660 3242 qui
673 3201 781 3227 nunc
797 3201 854 3227 an
868 3188 1016 3228 vivam.
1034 3181 1128 3226 Or-
1210 3199 1231 3218 «
1250 3182 1330 3225 Eia
1346 3216 1357 3238 ,
1392 3199 1470 3239 per
1500 3184 1641 3238 ipsum
1665 3181 1834 3226 scande
1864 3197 1940 3238 age
1953 3214 1966 3236 ,
2005 3190 2048 3223 et

292 3250 349 3293 do
367 3259 430 3292 est
449 3266 459 3291 ι
482 3249 524 3292 O
543 3250 707 3306 perfide
723 3282 735 3303 ‚
757 3250 831 3307 qui
850 3265 970 3293 nunc
991 3248 1128 3291 nescis
1210 3249 1389 3293 adverso
1404 3267 1571 3307 gressus
1584 3283 1594 3303 ,
1621 3250 1705 3304 ait,
1727 3249 1931 3306 imprime
1946 3247 2048 3290 dor-

292 3332 347 3359 an
364 3317 527 3369 vivam,
545 3333 624 3372 ego
645 3333 742 3359 sum
756 3316 824 3369 ille
839 3350 851 3370 ,
865 3316 917 3361 de
934 3332 1020 3373 quo
1032 3314 1130 3359 nul-
1209 3333 1278 3367 so;
1303 3335 1324 3354 »
1346 3327 1473 3373 atque
1493 3318 1552 3360 ita
1573 3317 1730 3373 passim
1750 3324 1900 3371 poetae.
1920 3315 1979 3358 H·
1994 3337 2049 3346 -·

291 3382 331 3424 la
343 3397 446 3425 cura
459 3380 543 3424 suit
566 3381 858 3437 tibiquaerere.
1213 3382 1308 3439 Ego
1342 3384 1429 3426 Dic
1452 3398 1557 3439 age,
1582 3385 1676 3433 dic,
1708 3381 1874 3439 praetu'li
1891 3412 1903 3435 ,
1939 3395 2049 3437 pro—
