2280 3776
229 320 336 374 360

687 322 750 374 P.
801 321 1089 373 OVIDII
1135 319 1519 376 NASONIS

311 435 491 513 Quive
518 450 846 516 repertorem
878 436 1076 496 torruit
1102 451 1213 498 arte
1242 461 1337 497 sua
1364 462 1376 498 :

229 531 339 590 Sed
371 555 528 613 quam
565 534 744 591 Marte
774 531 951 602 ferox,
985 547 1038 592 et
1065 522 1202 593 vinci
1235 529 1449 594 nescius
1479 534 1667 607 armis,
1931 554 1985 610 45

309 628 443 686 Tam
473 651 750 708 nunquam
779 627 917 688 facta
946 651 1076 710 pace
1107 630 1315 689 cruoris
1337 654 1540 691 amans.

228 723 417 793 Adde,
451 723 597 805 quod
626 723 890 800 ingenuas
920 723 1170 786 didicisse
1198 725 1430 786 fideliter
1455 742 1629 800 arteS‚

312 818 540 878 Emollit
570 843 750 879 mores
773 867 787 885 ,
814 843 912 879 nec
944 820 1074 880 sinit
1105 845 1219 881 esse
1249 822 1410 881 feros.

229 913 343 972 Nee
372 936 559 990 regum
594 913 881 996 quisquam
910 915 1080 992 magis
1110 931 1192 975 est
1220 916 1522 977 instructus
1549 918 1618 977 ab
1646 915 1756 977 illis
1775 963 1790 989 ‚

285 1009 551 1070 ,Mitibus
579 1025 673 1070 aut
702 1011 900 1071 studiis
934 1025 1177 1095 tempora
1209 1011 1361 1094 plura
1393 1012 1560 1072 dedit.
1940 1028 1994 1071 50

234 1102 493 1163 Carmina
525 1118 815 1174 testantur;
850 1130 1000 1188 quae,
1033 1106 1077 1166 si
1112 1121 1201 1167 tua
1232 1109 1453 1167 nomina
1481 1107 1696 1180 demaS‚

313 1201 625 1262 Threicium
654 1203 901 1283 juvenem
932 1205 1303 1288 composuisse
1330 1229 1538 1284 negem.

230 1296 378 1356 Neve
409 1298 511 1356 sub
544 1297 651 1357 hoc
684 1313 860 1360 tractu
890 1316 1037 1360 vates
1065 1302 1204 1361 foret
1234 1303 1427 1362 unicus
1459 1302 1747 1385 OrpheuS,

314 1395 563 1455 Bistonis
589 1397 812 1475 ingenio
842 1413 982 1459 terra
1014 1400 1248 1482 superba
1280 1415 1377 1459 tuo
1406 1416 1503 1461 est.

231 1550 426 1595 cedoniae
439 1566 692 1608 oppressum
715 1559 956 1606 expugnata
973 1550 1075 1595 Cas·

231 1616 402 1659 sandria
423 1616 538 1658 idem
556 1615 785 1674 Polyaenus
799 1648 810 1668 ,
827 1614 896 1657 lib.
915 1616 995 1668 IV,
1011 1631 1076 1658 co-

232 1683 349 1739 piose
364 1690 525 1724 narrat.
540 1682 607 1724 De
624 1681 810 1723 violenta
825 1683 918 1737 ejus
934 1689 1076 1723 morte

234 1763 286 1789 ex
299 1746 521 1790 Plutarchi
533 1745 673 1789 libello
687 1746 740 1788 de
755 1746 876 1789 tarda
889 1745 972 1788 Dei
987 1747 1080 1788 vin-

235 1812 347 1854 dicta
369 1819 508 1866 potest
528 1809 665 1865 colligi
687 1826 696 1853 z
720 1827 799 1853 nec
814 1809 964 1854 dubito
986 1811 1080 1853 No-

235 1885 375 1918 strum
399 1875 444 1917 in
476 1875 594 1918 [bide
627 1891 679 1917 eo
709 1876 939 1931 respexisse
958 1908 969 1929 ‚
1003 1875 1080 1918 etsi

236 1940 332 1984 loco
353 1941 577 1994 insigniter
597 1939 855 1995 depravato:
878 1958 900 1977 «
920 1940 1009 1981 Aut
1031 1947 1081 1981 ut

241 2005 473 2049 Cassandri
488 2003 691 2047 dominus
708 2020 799 2046 non
821 2004 970 2047 mitior
983 2004 1055 2046 illo
1067 2035 1079 2056 ‚

239 2071 421 2114 Saucius
443 2072 605 2127 ingesta
642 2071 956 2112 contumuleris
990 2069 1080 2110 hu-

239 2153 327 2180 mo.
354 2155 376 2174 »
400 2135 636 2179 Herculem
666 2134 896 2177 Alexandri
929 2134 1082 2190 Magni

238 2205 379 2250 filium
397 2203 643 2258 intelligunt
662 2203 966 2258 interpretes,a
983 2200 1086 2244 Cas-

241 2271 399 2316 sandro
424 2269 719 2312 interfectum.
734 2269 821 2312 Sed
842 2268 936 2324 quis
955 2276 1082 2311 vete-

242 2354 341 2381 rum
362 2334 662 2378 crudelitatem
689 2333 867 2377 Herculi
891 2349 1084 2389 unquam

242 2401 436 2457 objecit?
460 2399 600 2444 Priori
629 2415 753 2442 versu
784 2399 972 2441 multum
1002 2415 1084 2441 va—

242 2471 359 2513 riant
373 2467 538 2510 codices
550 2466 720 2519 vetusti,
737 2481 926 2521 quorum
948 2466 1088 2521 major

246 2549 344 2590 pars
365 2532 640 2578 Cassandra·
677 2532 942 2573 Cassandrus
964 2546 1087 2572 non-

247 2600 382 2652 nulli;
419 2592 831 2657 Cassandrt'sfuuum
854 2607 940 2641 tres
971 2602 1088 2642 Cas-

248 2669 445 2713 sandre1'3
469 2680 575 2720 quos
599 2664 713 2706 inter
730 2672 774 2706 et
796 2661 958 2707 Mor-eti
984 2663 1090 2707 liber

249 2732 348 2774 satis
370 2730 592 2785 antiquus,
620 2729 693 2784 qui
723 2744 802 2785 pro
827 2727 992 2771 diversa
1018 2728 1090 2770 le-

248 2798 393 2840 ctione
411 2797 708 2838 Cassandreus.
726 2795 982 2837 Cassandrei
990 2809 1092 2849 quo·

253 2877 338 2916 que
359 2861 466 2903 liber
478 2859 506 2902 J
513 2859 622 2902 ureti
642 2859 962 2901 vetustissimus.
980 2859 1091 2902 Prae-

253 2938 371 2972 terea
385 2929 669 2983 quinque,aut
681 2943 753 2969 sex
765 2927 916 2981 nostri,
927 2930 1093 2969 domino

252 3009 344 3037 non
358 2997 559 3036 dominus.
575 2992 724 3035 Scribe
736 3025 747 3045 ,
766 3009 788 3029 c<
811 2993 895 3035 Aut
913 2992 1094 3037 Cassan-

256 3060 371 3103 dreae
389 3059 570 3101 domino
588 3074 678 3100 non
698 3057 845 3100 mitior
858 3059 974 3101 urbis
989 3059 1093 3101 Sau-

255 3125 344 3166 cius
375 3126 538 3179 ingesta
562 3123 873 3166 contumuleris
899 3123 1046 3167 humo.
1069 3141 1091 3161 »

255 3189 529 3243 ¹Quanquam
553 3189 668 3231 enim
699 3205 749 3231 ex
772 3188 900 3244 ipsius
925 3187 1094 3244 Apollo-

260 3253 353 3295 dori
377 3252 487 3307 apud
511 3252 792 3295 Plutarchum
817 3253 988 3295 somnio
1016 3252 1094 3295 de-

259 3315 472 3373 prehendi
494 3316 816 3371 quodammodo
829 3326 983 3374 potest,
1000 3324 1095 3373 post

262 3381 496 3424 detractam
519 3380 616 3422 vivo
638 3380 790 3436 pellem
809 3381 849 3422 in
866 3381 1004 3424 lebete
1019 3381 1095 3424 eti-

261 3461 364 3490 xum
372 3445 515 3500 suisse3
530 3443 639 3488 nihil
650 3443 832 3500 impedit
843 3452 988 3489 tamen
1000 3453 1096 3503 post

1156 1553 1230 1595 has
1258 1570 1405 1610 poenas
1440 1554 1581 1598 adhuc
1609 1555 1845 1611 spirantem
1883 1562 2000 1598 terra

1157 1634 1327 1675 quoque
1348 1619 1512 1675 ingesta
1533 1618 1660 1662 fuisse
1683 1619 1902 1662 obrutum.
1923 1618 2000 1662 ld-

1159 1701 1242 1739 que
1262 1689 1302 1729 τὸ
1321 1686 1499 1727 Saucius
1524 1693 1760 1740 utcumque
1791 1684 2000 1741 designat.

1157 1747 1266 1791 Illud
1291 1758 1498 1803 praeterea
1530 1749 1571 1791 in
1610 1758 1858 1792 transcursu
1892 1764 2002 1791 mo-

1157 1814 1355 1861 nendum
1373 1848 1385 1868 ,
1411 1815 1642 1870 scriptores
1662 1817 1862 1872 antiquos
1882 1815 2000 1859 hunc

1161 1881 1477 1937 Apollodorum
1508 1897 1607 1925 cum
1643 1882 1868 1926 Phalaride
1899 1882 2002 1925 fre-

1160 1954 1346 2000 quenter
1366 1947 1633 2003 conjungere
1647 1979 1659 1998 ,
1682 1946 1797 2001 quod
1812 1955 1855 1989 et
1871 1962 1894 1988 a
1912 1946 2002 1989 No-

1158 2019 1248 2053 stro
1278 2011 1345 2053 hic
1364 2011 1527 2054 sactum
1548 2010 1756 2053 videmus.
1793 2010 1857 2053 Ita
1884 2019 2002 2053 certe

1162 2077 1418 2120 Plutarchus
1444 2086 1487 2120 et
1521 2077 1674 2120 suidas
1698 2078 1743 2119 in
1779 2072 1970 2139 ifpv'vvlkss
1989 2109 2002 2131 ,

1162 2142 1314 2199 Polyb.
1335 2141 1405 2183 lib.
1437 2141 1503 2185 Vl
1520 2175 1532 2196 ‚
1563 2143 1607 2185 in
1629 2142 1851 2198 Excerptis
1871 2141 2006 2185 Vale-

1160 2205 1313 2255 sianis;
1332 2205 1554 2250 Diodorus
1573 2207 1742 2250 Siculus
1759 2207 1805 2249 in
1823 2206 1976 2250 iisdem
1992 2223 2005 2257 ;

1163 2270 1251 2311 Dio
1263 2270 1615 2329 Chrysostomus,
1633 2271 1846 2314 Oratione
1857 2287 2007 2314 secun-

1165 2335 1218 2378 da
1231 2354 1241 2386 ;
1254 2336 1537 2391 Themistius‚
1555 2336 1769 2380 Oratione
1784 2353 1918 2387 nona;
1937 2335 2007 2379 Ci-

1164 2418 1286 2457 cer-0,
1321 2402 1391 2445 lib.
1416 2404 1482 2447 ΙΙΙ
1506 2403 1559 2445 de
1585 2405 1746 2446 Natura
1774 2403 1972 2445 Deorum
1995 2420 2007 2455 ;

1166 2466 1333 2510 Seneca
1353 2499 1365 2520 ,
1398 2466 1450 2509 de
1476 2466 1704 2511 Beneficiis
1727 2500 1738 2521 ,
1776 2466 1847 2511 lib.
1885 2467 2002 2520 Vll,

1166 2547 1256 2587 cap.
1293 2548 1369 2590 193
1398 2540 1442 2574 et
1475 2532 1543 2574 lib.
1575 2532 1614 2575 ΙΙ
1647 2531 1700 2574 de
1736 2534 1834 2586 Ira,
1856 2549 1946 2589 cap.
1968 2534 2007 2586 4.

1169 2598 1314 2654 Atque
1335 2597 1423 2641 haec
1446 2598 1500 2641 de
1529 2598 1794 2656 Apollodoro
1825 2597 2009 2641 dicenda

1167 2662 1455 2706 videbantur:
1479 2679 1574 2719 quae
1594 2664 1775 2707 obscuro
1801 2663 2008 2706 hactenus

1169 2746 1250 2774 nec.
1269 2730 1489 2774 intellecto
1523 2730 1705 2774 Nasonis
1738 2729 1833 2772 loco
1864 2729 2006 2772 lucem

1170 2795 1363 2839 adlatura
1381 2795 1568 2839 confido.
1592 2796 1650 2837 H.

1227 2865 1291 2903 50.
1317 2861 1492 2903 Mitibus
1507 2866 1593 2902 aul.
1614 2861 1791 2902 Artibus
1807 2867 1884 2901 au!
1894 2858 1981 2901 duo
1998 2877 2008 2911 ;

1171 2926 1374 2967 Mollibus
1390 2932 1465 2967 aut
1487 2933 1592 2978 tres.

1227 2989 1289 3030 53.
1307 2990 1428 3030 Fooet
1443 2992 1589 3030 unicus
1610 2997 1740 3031 vates.
1753 2989 1886 3031 Foret
1898 2989 2013 3032 solus

1173 3060 1299 3108 poeta
1318 3070 1328 3102 ;
1351 3050 1557 3108 Orpheus
1583 3052 1700 3096 enim
1729 3053 1875 3096 Thrax
1897 3054 2010 3109 fuit,

1173 3125 1383 3172 poetaque
1407 3127 1450 3160 et
1484 3117 1709 3175 theologus
1736 3118 2011 3162 excellentis-

1172 3199 1316 3226 sunus.

1228 3250 1292 3302 54.
1304 3250 1496 3291 Bistonis
1508 3256 1626 3292 terra.
1640 3249 1778 3292 Terra
1797 3248 2009 3303 Thraciae,

1173 3315 1232 3358 sic
1251 3315 1360 3358 dicta
1382 3332 1406 3358 a
1419 3316 1614 3359 Thraciae
1627 3324 1778 3373 stagno
1791 3316 1984 3359 Bistonio
1995 3347 2007 3368 ‚

1175 3381 1361 3425 Abderae.
1379 3381 1473 3424 urbi
1489 3381 1642 3426 vicino.
1661 3405 1715 3416 -
1731 3385 1816 3427 Est
1825 3384 2010 3438 superba.

1176 3444 1255 3488 Est
1273 3446 1439 3489 nobilis.
1462 3447 1591 3493 MER.
