2280 3776
297 285 407 338 336
760 285 823 337 P.
870 283 1162 338 OVIDII
1207 283 1591 340 NASONIS

303 401 483 480 Quam
518 400 615 459 tibi
646 414 955 459 nostrarum
981 401 1197 462 veniant
1226 401 1426 462 oblivia
1455 398 1634 462 rerum
1652 445 1667 475 ‚

380 498 507 554 Non
540 495 610 553 ita
642 517 765 574 pars
789 494 883 552 fati
915 495 1141 555 candida
1169 494 1320 556 nulla
1340 497 1471 557 mei.
2009 518 2063 559 30

296 593 380 651 Ne
408 605 586 649 tamen
618 589 727 647 haec
757 589 860 647 dici
891 590 1064 671 possit
1095 589 1291 651 fiducia
1322 591 1578 664 mendax,

381 685 668 768 Stultaque
699 683 985 745 credulitas
1013 701 1198 747 nostra
1225 687 1420 758 fuisse,
1453 710 1578 747 cave
1602 712 1615 748 :

303 783 702 864 Constantique
730 781 836 841 fide
866 797 1094 841 veterem
1128 797 1302 843 tutare
1334 782 1574 844 sodalem
1595 828 1611 856 ‚

381 882 507 958 Qua
538 877 686 949 licet,
719 892 770 937 et
803 892 1066 959 quantum
1097 903 1212 938 non
1243 903 1510 940 onerosus
1541 903 1651 939 ero,

299 1021 398 1065 dem
415 1038 502 1065 esse
515 1038 614 1066 cum
629 1021 853 1065 calendu'.a
869 1020 1143 1065 crediderim.
1226 1040 1248 1059 «
1268 1022 1488 1080 Biserique
1509 1023 1666 1067 rosaria
1683 1022 1823 1067 Paesti.
1837 1040 1859 1061 »
1879 1024 2066 1066 Mun.—

299 1111 352 1120 -
366 1089 583 1130 Poeslanas
605 1103 736 1130 rosas.
767 1088 901 1131 Rosas
920 1097 1143 1132 nascentes
1227 1087 1314 1131 Pro
1332 1089 1572 1137 Poestanas,
1589 1089 1789 1132 Politian.
1816 1091 2066 1143 Campanas.

298 1152 411 1208 apud
435 1153 623 1197 Paestum
654 1151 862 1209 oppidum
883 1185 894 1206 ,
925 1168 1021 1208 quae
1043 1161 1144 1195 sunt
1279 1153 1346 1196 30.
1380 1157 1469 1196 Non
1499 1158 1561 1196 ito
1581 1170 1685 1208 pars
1705 1155 1810 1209 sati.
1846 1154 1944 1197 Hoc
1975 1162 2064 1208 est,

298 1219 504 1275 gravioris
530 1219 673 1261 odoris
706 1235 835 1274 quam
862 1217 1009 1261 caltha.
1043 1221 1143 1261 Pae-
1224 1236 1322 1276 pars
1342 1218 1478 1275 aliqua
1500 1236 1606 1264 meae
1626 1219 1810 1264 fortunae
1832 1236 2033 1276 prospera
2051 1252 2063 1273 ,

297 1293 405 1327 stum
431 1286 546 1326 enim
575 1283 782 1339 oppidum
806 1282 884 1325 fuit
912 1282 1110 1326 Lucaniae
1127 1316 1138 1337 ,
1224 1301 1310 1327 non
1327 1285 1383 1328 ita
1398 1285 1545 1341 periit,
1563 1294 1611 1328 ut
1622 1285 1794 1329 credam
1810 1294 1851 1328 te
1864 1285 1951 1328 mei
1965 1283 2065 1327 obli-

300 1365 322 1391 a
342 1348 502 1392 Graecis
529 1347 776 1391 Possidonia
805 1347 1064 1404 adpellatum
1082 1381 1094 1400 ‚
1117 1365 1140 1390 a
1222 1351 1396 1393 vionem
1416 1349 1588 1406 cepisse.

300 1413 585 1456 Doriensibus
598 1412 840 1467 conditum,
859 1422 905 1456 ut
918 1413 1043 1456 docet
1062 1413 1142 1456 Pli-
1278 1417 1340 1459 33.
1371 1418 1412 1458 T
1405 1432 1526 1459 ueare
1544 1419 1743 1459 sodalem.
1781 1417 1933 1458 Patare
1958 1431 2067 1458 me·-

301 1481 424 1533 nius;
447 1480 674 1537 Virgilius,
690 1479 949 1536 Georg.1V,
963 1496 1019 1522 vs.
1043 1495 1142 1537 119:
1225 1478 1351 1524 liores
1372 1497 1537 1524 omnes.
1559 1482 1724 1524 mes.

869 1760 1385 1831 EPISTOLA
1429 1762 1511 1831 V.

984 2062 1374 2122 SALANO.

882 2357 1470 2407 ARGUMENTUM.

300 2493 510 2537 Salanum
536 2506 558 2532 a
578 2488 767 2532 candore
794 2495 837 2530 et
863 2486 1166 2530 benevolent·a
1186 2485 1358 2538 laudat;
1390 2485 1594 2544 quodque
1627 2487 1779 2531 exsulis
1802 2493 1942 2544 poetae
1963 2501 2065 2530 car-‘-

354 2563 475 2606 mina
506 2561 698 2618 probarit
731 2557 911 2602 eximius
949 2566 1120 2611 orator,
1158 2557 1313 2615 gratias
1341 2557 1439 2613 agit.
1478 2555 1672 2600 Carmen
1694 2590 1706 2612 ‚
1738 2572 1825 2614 quo
1847 2555 2067 2615 Illyricum

354 2630 627 2692 triumphum
639 2630 862 2673 vcelebrare
882 2626 936 2672 sit
955 2628 1073 2671 nisus
1089 2661 1102 2683 ,
1128 2627 1222 2683 ejus
1239 2628 1383 2672 tutelae
1401 2628 1694 2673 commendat.

309 2759 372 2846 C
391 2798 656 2846 ONDITA
685 2779 996 2863 disparibus
1020 2781 1265 2842 numeris
1292 2804 1393 2858 ego
1422 2770 1812 2840 Naso'Salano·

383 2878 680 2961 Praeposita
712 2876 832 2935 misi
864 2875 1028 2951 verba
1057 2874 1227 2936 salute
1258 2898 1391 2935 meo,

305 2977 444 3055 Quae
471 2988 587 3034 rata
619 2973 688 3032 sit
719 2972 882 3053 cupio
902 3018 917 3042 ‚
946 2971 1220 3052 rebusque
1252 2984 1314 3029 ut
1340 2965 1665 3049 comprobet
1690 2988 1851 3027 omen
1870 3011 1886 3039 ,

383 3076 463 3133 Te
487 3095 684 3155 precor
709 3071 743 3129 a'
769 3070 922 3148 salvor
943 3069 1145 3151 possit,
1174 3068 1341 3127 amice
1358 3113 1373 3137 ‚
1406 3065 1528 3144 legi.

362 3234 396 3259 1.
431 3218 598 3259 Salano.
637 3217 702 3259 Ita
737 3214 880 3270 scripti
920 3214 1108 3270 potiores
1127 3245 1139 3266 ‚
1224 3211 1373 3254 Verba
1390 3210 1967 3268 composita.·—-Dt'spar1'bus
1984 3225 2065 3252 nu—

304 3296 440 3339 quum
459 3282 609 3322 Salano
631 3296 857 3337 perperam
876 3281 1043 3335 legatur
1064 3277 1143 3320 ha·
1223 3281 1356 3319 meris·-
1377 3275 1584 3318 Versibus
1605 3274 1746 3331 elegis.

304 3356 480 3396 ctenus;
507 3354 692 3400 quatuor
715 3341 882 3387 veteres
900 3346 1057 3386 Salina.
1081 3342 1142 3385 H.
1277 3342 1314 3395 4.
1351 3341 1396 3384 A
1422 3344 1554 3385 saluo.
1582 3341 1642 3384 Ut
1660 3343 1777 3384 salvo
1808 3338 1988 3396 Argent.
2021 3345 2065 3379 et

303 3435 357 3443 -
377 3410 524 3455 Nostri
547 3412 714 3453 Salano.
732 3433 785 3441 —
812 3411 990 3452 Condita
1005 3409 1145 3451 verba.
1222 3416 1386 3463 septem
1411 3405 1493 3449 alii.
