2280 3776
279 294 381 370 176

726 296 790 348 P.
842 296 1143 353 OVIDII
1193 298 1575 358 NASONIS

348 409 506 471 Alter
535 411 608 470 ob
638 410 862 471 alterius
894 412 1086 474 funera
1110 432 1336 478 moestus
1369 434 1482 478 erat
1507 444 1519 478 :

272 506 345 563 Et
373 505 481 584 jam
510 504 827 563 constiterat
851 507 1044 566 stricto
1070 533 1330 571 mucrone
1358 512 1638 586 sacerdos,
1663 579 1669 582 ,

354 599 610 659 Cinxerat
637 614 692 658 et
723 600 914 662 Graias
943 603 1178 665 barbara
1201 607 1335 667 vitta
1360 632 1575 680 comas;

272 697 463 775 Quum
489 696 604 756 vice
634 699 902 760 sermonis
930 699 1151 761 fratrem
1181 705 1466 781 cognovit,
1499 721 1554 766 et
1579 705 1661 766 illi

352 795 460 853 Pro
489 818 617 854 nece
647 795 964 878 complexus
992 799 1280 880 Iphigenia
1310 802 1493 864 dedit:
1604 830 1613 835 ·
1985 824 2040 867 30

270 895 418 953 Laeta
449 893 577 951 Deae
611 893 859 971 signum,
892 895 1133 957 crudelia
1163 921 1312 958 sacra
1341 924 1579 982 perosae,
1933 900 1935 905 Α

349 987 656 1048 Transtulit
684 1013 748 1049 ex
776 988 884 1051 illis
912 992 970 1050 in
996 991 1222 1053 meliora
1250 992 1403 1054 lociS.

269 1086 400 1145 Haec
427 1085 598 1163 igitur
623 1085 776 1163 regio
793 1133 808 1158 ‚
839 1089 1023 1166 magni
1052 1112 1180 1171 pars
1206 1087 1401 1150 ultima
1428 1091 1652 1164 mundi,

350 1183 535 1261 Quam
567 1181 754 1260 fugere
784 1183 1034 1244 homines
1066 1186 1278 1267 Dique,
1309 1187 1625 1271 propinqua
1652 1188 1788 1248 mihi
1819 1204 1935 1262 est;

267 1279 452 1360 Atque
481 1298 654 1337 meam
682 1293 875 1339 terram
904 1303 1078 1362 prope
1107 1296 1236 1340 sunt
1264 1281 1516 1343 funebria
1537 1308 1686 1345 sacra
1705 1331 1720 1356 ,
1981 1276 2045 1348 35¹

353 1374 412 1433 Si
441 1375 612 1434 modo
639 1375 1111 1437 Nasoniba'rbara
1142 1391 1283 1437 terra
1310 1402 1406 1438 sua
1434 1394 1533 1439 est.

272 1471 325 1529 Ο
352 1469 562 1530 utinam
591 1471 738 1530 venti
755 1517 770 1543 ,
805 1471 1008 1553 quibus
1030 1488 1115 1532 est
1134 1472 1349 1534 ablatus
1379 1476 1604 1536 Orestes
1621 1522 1637 1548 ‚

352 1567 571 1628 Placato
603 1567 838 1628 referant
865 1583 920 1628 et
943 1592 1061 1629 mea
1087 1568 1209 1629 vela
1236 1571 1391 1630 Deo!

325 1725 387 1782 76.
403 1725 526 1767 Alter
539 1725 594 1765 ab
606 1725 779 1765 alterius
777 1722 932 1778 funere
944 1732 1117 1767 moestus
1196 1725 1255 1768 ita
1273 1734 1422 1768 tamen
1437 1735 1487 1769 ut
1499 1725 1682 1783 intelligi
1696 1726 1848 1782 possit,
1864 1726 1923 1770 sic
1936 1726 2040 1769 re'd-

267 1798 367 1833 erat.
389 1789 503 1844 Lege
523 1791 574 1830 ob
594 1791 766 1832 alterius
777 1789 961 1843 sunera‚·
996 1789 1115 1845 quod

269 1853 616 1908 Hamburgensis
630 1862 673 1895 et
689 1853 876 1896 Strozzae
893 1853 1028 1896 codex
1040 1853 1113 1896 ad·

267 1928 443 1964 struunt
461 1934 561 1961 cum
583 1918 721 1973 Regio
741 1926 785 1959 et
799 1917 963 1960 Moreti
975 1917 1109 1971 libro;

268 1983 470 2028 nonnulli
488 1986 539 2025 ob
547 1981 712 2035 funere.
728 1982 892 2025 HEms.

325 2052 388 2108 78.
413 2052 606 2092 Barbara
619 2052 740 2091 vitta.
761 2047 881 2091 Vitta
904 2065 987 2104 qua
1016 2048 1113 2091 vin-

267 2118 495 2162 ciebantur
506 2130 662 2157 eorum
676 2114 829 2170 capita,
843 2115 916 2170 qui
931 2115 1028 2157 Deo
1041 2116 1111 2158 ali·

266 2183 336 2226 cui
367 2178 719 2224 immolabantur.
743 2179 949 2235 Virgilius
961 2213 971 2233 ,
1006 2180 1109 2223 AEn.

269 2248 314 2291 II
327 2280 339 2301 ‚
366 2246 442 2288 133
458 2278 469 2299 ,
495 2253 537 2287 et
558 2248 709 2295 circum
730 2252 912 2298 tempora
932 2248 1056 2287 vittae.

323 2329 386 2371 79.
418 2312 549 2364 Quum
570 2313 661 2351 vice
691 2325 919 2350 sermonum
927 2309 1108 2364 fratrem

264 2379 489 2432 cognoscit.
500 2373 624 2430 Virg.
643 2372 819 2416 AEneid.
833 2372 915 2427 VI,
934 2374 1013 2417 535
1027 2391 1075 2431 sq
1096 2390 1107 2417 ε

265 2460 287 2479 «ι
304 2442 399 2484 Hac
413 2439 502 2482 vice
515 2453 775 2484 sermonum
788 2437 921 2481 roseis
937 2438 1109 2482 Aurora

265 2504 480 2563 quadrigis
494 2503 523 2546 J
527 2519 596 2545 am
608 2501 806 2545 medium
817 2502 995 2545 aetherio
1007 2518 1109 2547 cur-

262 2588 310 2615 su
334 2570 558 2625 trajecerat
576 2583 744 2609 axem.»

319 2638 385 2680 81.
417 2635 585 2688 Signum
602 2634 716 2675 Dea».
748 2631 903 2675 Dianae
923 2631 1107 2675 simula-

262 2715 401 2742 crum.
428 2697 558 2739 MER.
567 2718 622 2728 —
633 2696 826 2741 Crudelia
842 2711 967 2737 sacra
973 2712 1106 2749 pero-

263 2782 332 2812 soe.
351 2766 454 2807 Non
477 2761 717 2820 postulabat
739 2760 881 2802 Diana
901 2761 980 2803 sibi
1012 2760 1106 2802 hu·-

262 2829 501 2888 juscemodi
519 2827 666 2871 hostiis
682 2825 935 2878 sacrificari3
959 2826 1032 2868 sed
1056 2843 1106 2869 ea

264 2906 357 2940 erat
377 2895 590 2939 Thoantis
611 2893 857 2936 immanitas
870 2927 880 2946 ,
896 2902 944 2936 ut
959 2893 1016 2935 illi
1031 2893 1106 2936 ho-

262 2961 392 3017 spites
405 2959 658 3003 mactandos
670 2967 877 3001 censeret.
891 2959 1036 3001 Poma
1050 2980 1104 2989 -

263 3027 382 3068 loeta
399 3027 500 3067 Deae
514 3028 675 3079 signum
696 3025 934 3066 Transtulit.
952 3023 1103 3077 Eurip.

263 3088 347 3133 fab.
372 3106 419 3133 ιο
434 3106 446 3144 3
464 3105 596 3146 quem
610 3088 753 3132 locum
766 3121 777 3142 ,
797 3096 844 3131 ut
857 3086 1101 3144 potuimus,

1196 1788 1340 1832 dimus
1363 1805 1373 1832 :
1400 1806 1422 1827 ι(
1452 1789 1656 1833 Thoanta
1685 1800 1860 1846 captum
1890 1790 2040 1834 callida

1195 1854 1420 1910 prendunt
1439 1855 1518 1898 via.
1541 1855 1682 1899 Sacris
1702 1855 1887 1900 refixum
1908 1858 2040 1913 posti-

1193 1918 1273 1961 bus
1285 1919 1367 1962 laeti
1384 1918 1576 1962 efferunt
1586 1920 1815 1963 Penetrale
1825 1921 2039 1976 signum.»

1249 1985 1315 2026 82.
1347 1986 1399 2027 In
1421 1987 1605 2027 meliora.
1630 1986 1743 2028 Vide
1763 1986 1850 2028 fab.
1886 1987 2040 2044 Eurip.

1193 2064 1290 2105 quae
1310 2047 1560 2091 inscribitur
1580 2049 1817 2105 Iphigenia.
1841 2051 1971 2093 MER.
1985 2075 2039 2084 —-

1191 2111 1439 2169 Aufugiens
1478 2129 1580 2156 cum
1613 2113 1745 2158 fratre
1783 2115 2008 2172 Iphigenia
2023 2150 2036 2172 ,

1190 2177 1410 2221 transtulit
1420 2193 1567 2222 secum
1579 2177 1686 2222 Deae
1699 2179 1872 2237 signum
1890 2181 1935 2222 in
1945 2180 2037 2224 loca

1190 2242 1394 2296 meliora,
1422 2258 1508 2298 qua
1526 2242 1720 2286 moribus
1734 2276 1745 2298 ,
1769 2260 1853 2299 qua
1876 2244 2037 2287 huma-

1189 2307 1340 2351 nitate.
1364 2309 1509 2352 PONT.

1244 2375 1309 2418 83.
1318 2375 1471 2428 Regio,
1487 2379 1752 2429 magm'paene
1764 2379 1911 2418 ultima
1924 2392 2035 2419 mun-

1189 2442 1245 2483 di.
1259 2441 1414 2494 Magni
1414 2442 1648 2494 penetralia
1654 2441 2034 2484 mundiBarberin.

1190 2512 1234 2547 et
1249 2502 1593 2559 Gottorphianus
1607 2504 1791 2560 eleganti
1807 2505 2032 2562 adpositio-

1187 2585 1258 2612 ne.
1270 2570 1466 2612 Pontum
1476 2569 1713 2612 abstrusam
1722 2579 1765 2612 et
1777 2571 2031 2623 interiorem

1188 2636 1303 2679 orbis
1318 2630 1486 2692 partem
1508 2635 1704 2692 adpellat.
1719 2635 1885 2679 HEINS.

1241 2704 1309 2746 85.
1326 2704 1466 2758 Atque
1477 2719 1607 2746 meam
1626 2710 1787 2744 terram.
1800 2701 2028 2745 Distichon

1188 2767 1319 2810 etiam
1341 2767 1423 2810 hoc
1446 2766 1675 2810 Ocridianae
1687 2781 1807 2808 venae
1819 2765 1887 2807 vix
1902 2776 1964 2809 est
1979 2776 2029 2810 ut

1187 2840 1426 2874 censeatur.
1442 2831 1503 2873 H.
1514 2853 1569 2863 —-
1579 2831 1713 2885 Prope
1723 2847 1853 2873 meam
1865 2839 2027 2876 terram.

1187 2897 1331 2952 Prope
1352 2894 1633 2938 Tomitanam
1653 2895 1822 2939 urbem.

1239 2962 1305 3002 88.
1317 2963 1496 3005 Placato
1503 2962 1610 3002 Deo.
1625 2959 1799 3003 Placato
1809 2960 2026 3017 Augusto,

1185 3033 1229 3067 et
1250 3023 1539 3067 reconciliato.
1555 3047 1608 3055 -
1619 3026 1680 3066 Et
1691 3042 1783 3067 mea
1793 3029 1898 3068 vela.
1915 3028 2027 3070 Hinc

1183 3103 1274 3129 mea
1294 3088 1519 3132 Barberin.
1542 3098 1585 3132 et
1607 3099 1792 3144 quatuor
1814 3090 1896 3133 alii.

955 3237 1347 3258 ὥ-
