2280 3776
470 324 581 378 ΕΧ
619 321 926 377 PONTO
967 322 1132 376 ΜΒ.
1178 288 1621 376 111.EP15T.
1666 321 1816 375 v11.
1925 320 2024 390 411

262 439 554 502 Proximus
581 438 711 500 huic
742 437 944 516 gradus
967 452 1077 510 est,
1101 437 1245 497 bene
1277 438 1560 521 desperare
1592 435 1847 507 salutem,

344 537 523 619 Seque
555 533 717 596 semel
739 557 862 595 vera
893 534 1029 594 scire
1057 536 1263 617 perisse
1290 533 1412 595 fide.

267 634 528 696 Curando
555 632 672 694 fieri
707 632 951 716 quaedam
980 632 1186 714 majora
1213 632 1457 694 videmus
1987 649 2038 689 25

346 728 590 791 Vulnera
609 776 623 802 ‚
656 753 774 812 quae
798 728 992 790 melius
1018 753 1133 789 non
1163 727 1408 807 tetigisse
1435 728 1557 789 suit.

268 823 464 884 Mitius
493 822 584 884 ille
611 824 786 907 perit,
814 823 994 885 subita
1024 823 1119 907 qui
1150 823 1417 903 mergitur
1443 823 1588 884 unda
1607 870 1622 895 ‚

349 923 533 1003 Quam
567 947 663 983 sua
693 923 786 1006 qui
817 921 1042 983 tumidis
1063 921 1289 982 brachia
1317 919 1485 982 lassat
1512 920 1685 1005 aquis.

270 1017 385 1077 Cur
412 1040 512 1095 ego
544 1017 772 1100 concepi
801 1017 1075 1100 Scythicis
1100 1040 1187 1078 me
1218 1041 1380 1100 posse
1413 1040 1592 1077 carere

347 1115 610 1188 Finibus,
647 1131 700 1176 et
731 1131 870 1176 terra
899 1115 1246 1199 prosperiore
1274 1115 1426 1176 frui?
1995 1132 2047 1172 30

269 1212 385 1273 Cur
412 1211 620 1296 aliquid
652 1213 718 1272 de
747 1238 832 1274 me
861 1213 1071 1297 speravi
1102 1212 1278 1273 lenius
1308 1234 1550 1294 unquam
1575 1213 1599 1269 ἰ’

348 1310 439 1370 An
466 1309 688 1371 fortuna
719 1311 855 1371 mihi
885 1310 962 1371 sic
992 1333 1110 1378 mea
1133 1323 1264 1369 nota
1293 1307 1445 1368 fuit?

267 1407 560 1489 Torqueor
586 1431 654 1467 en
680 1405 925 1485 gravius3
954 1406 1293 1489 repetitaque
1325 1403 1498 1463 sorma
1526 1401 1777 1462 locorum

350 1499 622 1562 Exsilium
650 1516 877 1562 renovat
906 1501 1088 1573 triste,
1120 1523 1418 1583 recensque
1448 1498 1603 1562 facit..
1858 1579 1862 1581 Α

269 1598 375 1658 Est
400 1611 581 1658 tamen
610 1598 802 1665 utilius
823 1645 838 1671 ‚
870 1598 1114 1660 studium
1142 1621 1376 1660 cessasse
1404 1619 1678 1666 meorum,
1997 1607 2049 1649 35

354 1697 536 1776 Quam
555 1745 569 1770 ‚
603 1722 736 1780 quas
767 1697 1043 1758 admorint
1061 1744 1076 1770 ‚
1105 1704 1220 1759 non
1246 1695 1480 1757 valuisse
1510 1716 1715 1779 preces,

273 1795 478 1873 Magna
508 1795 730 1878 quidem
759 1821 847 1858 res
873 1811 958 1858 est
976 1844 991 1870 ‚
1021 1821 1185 1879 quam
1214 1820 1330 1855 non
1357 1794 1570 1855 audetis
1588 1841 1603 1865 ‚
1636 1790 1794 1853 amici
1820 1815 1832 1849 :

354 1892 461 1952 Sed
489 1894 535 1953 si
567 1893 690 1976 quis
717 1908 959 1977 peteret,
991 1894 1085 1976 qui
1114 1893 1240 1954 dare
1269 1891 1460 1963 vellet,
1488 1905 1620 1952 erat.

272 1991 592 2052 Dummodo
624 2016 736 2052 non
766 1993 928 2053 vobis
952 1993 1060 2052 hoc
1097 1991 1325 2052 Caesaris
1355 1991 1431 2050 ira
1461 1989 1697 2068 negarit,

353 2088 593 2148 Fortiter
618 2088 854 2148 Euxinis
882 2087 1255 2148 immoriemur
1281 2086 1457 2169 aquis.
1999 2098 2055 2153 4⁰

328 2228 393 2270 23.
414 2228 636 2270 Proximus
653 2229 751 2270 huic
760 2230 918 2282 gradus
930 2236 1007 2270 est.
1024 2227 1120 2271 Pri-
1258 2227 1325 2268 32.
1347 2223 1516 2278 Se'csuae't
1530 2231 1632 2266 nota
1647 2223 1764 2265 mihi.
1777 2219 1851 2265 Sic
1868 2220 1975 2264 mihi
1989 2237 2055 2264 co-

274 2306 372 2333 mus
392 2290 511 2334 enim
531 2290 687 2347 gradus
713 2301 777 2334 est
799 2308 974 2348 sperare
990 2325 1002 2345 ,
1026 2307 1122 2347 quae
1205 2292 1323 2348 gnita
1334 2291 1420 2333 fuit
1434 2323 1446 2344 ‚
1460 2299 1507 2333 ut
1526 2290 1735 2332 deberem
1748 2304 1922 2345 sperare
1935 2304 2054 2332 nunc

276 2354 454 2411 adsequi
479 2363 679 2410 optamus
703 2371 713 2398 :
744 2355 959 2398 secundus
990 2371 1093 2396 vero
1110 2387 1122 2408 ,
1205 2374 1303 2400 eam
1322 2355 1555 2413 benignius
1570 2371 1746 2398 mecum
1761 2364 1967 2398 acturam.

277 2437 328 2465 ea
355 2419 583 2477 desperare
613 2435 708 2476 quae
735 2419 919 2462 minime
948 2419 1125 2475 adsequi
1261 2423 1327 2463 33.
1355 2423 1623 2477 Torqueoren
1644 2424 1825 2475 gravius.
1845 2421 1939 2462 Heu
1955 2437 2057 2475 gra-

275 2484 550 2530 confidimus.
562 2509 618 2517 —
630 2488 748 2528 Bene
767 2487 983 2539 desperare
1003 2488 1124 2527 salu·
1206 2491 1297 2530 vius
1309 2496 1396 2530 tres
1406 2495 1591 2530 veteres.
1603 2486 1737 2530 Forte
1759 2489 1969 2542 Torqueor
1977 2489 2058 2530 hoc

276 2561 368 2595 tem.
406 2551 529 2595 Bene
564 2550 786 2607 deponere
820 2566 942 2607 spem
980 2548 1126 2592 salutis
1201 2553 1479 2608 gravitas-mel
1499 2554 2056 2610 Torquetem'mgravius.H.

275 2617 457 2661 irritam.
1260 2619 1326 2661 35.
1345 2617 1533 2660 Studium
1555 2635 1749 2661 meorum.
1776 2616 2055 2662 Consensum

334 2686 401 2738 24.
419 2685 559 2727 Scisse
563 2683 726 2738 petisse
723 2684 829 2738 fide.
844 2683 958 2725 Scire
970 2698 1022 2725 ex
1035 2698 1124 2725 me·
1206 2694 1251 2728 et
1280 2683 1478 2728 savorem
1503 2684 1761 2728 amicorum.
1794 2708 1847 2718 —
1884 2687 2061 2728 Cessare

277 2749 453 2793 lioribus
465 2782 476 2803 ,
498 2758 542 2792 et
562 2764 613 2790 ex
631 2746 800 2790 nostris.
1206 2767 1399 2792 meorum.
1420 2752 1622 2793 Cessasse
1632 2751 1761 2793 Polit.
1776 2749 1931 2805 aliique
1948 2765 2059 2792 non-

331 2816 397 2858 28.
415 2816 611 2870 liquidis
637 2814 813 2855 brachia
836 2814 970 2853 lasset
992 2816 1126 2867 aquis.
1206 2813 1329 2857 nulli.
1351 2814 1411 2857 H.
1430 2816 1714 2858 —Cessassa
1735 2814 1854 2858 Nihil
1870 2823 2057 2857 tentasse

285 2881 474 2923 Tumidis
496 2882 620 2935 aquis
643 2876 836 2919 melioris
855 2884 973 2920 notae
991 2875 1088 2919 libri
1111 2910 1123 2930 ,
1207 2882 1260 2924 de
1283 2881 1428 2924 reditu
1452 2898 1555 2925 meo
1573 2881 1689 2938 apud
1713 2882 1978 2938 Augustum,

279 2953 323 2988 et
339 2947 488 2988 lassat.
509 2945 677 2987 HEINs.
693 2943 765 2986 Sic
785 2942 923 2984 nostri
946 2942 1070 2985 codd.
1261 2947 1327 3003 37.
1341 2949 1502 3002 Magna
1515 2950 1751 3003 quidemr-es
1764 2955 1832 2989 est
1840 2963 1962 3002 quam
1975 2962 2059 2995 aon

332 3011 501 3066 29.Cur
513 3025 589 3063 ego
609 3011 793 3063 concepi.
818 3006 914 3049 Cur
932 3005 1125 3063 cogitavi.
1206 3015 1372 3055 audetis
1393 3017 1533 3055 amici.
1557 3011 1747 3055 Difficile
1763 3045 1775 3065 ‚
1805 3012 1948 3067 inquit
1968 3044 1980 3065 ‚
2013 3020 2057 3054 et

278 3075 551 3131 —Scythicelr
569 3089 634 3115 me
646 3089 775 3128 posse
789 3088 927 3116 carere
939 3075 1125 3116 Finibus.
1208 3076 1396 3118 arduum
1423 3085 1488 3120 est
1501 3110 1513 3130 ,
1541 3076 1657 3132 quod
1679 3092 1770 3119 non
1791 3075 1959 3118 audetis
1978 3092 2059 3131 pro

279 3138 410 3181 Posse
432 3153 503 3180 me
526 3155 549 3181 e
570 3138 748 3196 Scythia
768 3137 999 3180 removeri.
1207 3157 1278 3183 me
1304 3150 1479 3197 petere;
1505 3142 1702 3197 quamvis
1729 3141 1784 3184 sit
1815 3156 2027 3198 magnum
2042 3173 2054 3191 ,

331 3205 399 3249 3ο.
425 3207 553 3248 Terra
571 3210 829 3260 prosperiore
833 3205 939 3261 frui.
963 3207 1125 3248 Pron·-
1207 3215 1357 3249 tamen
1378 3207 1597 3263 Augustus
1614 3207 1891 3252 concederet.

281 3273 406 3312 miore
418 3269 656 3313 Thuaneus
669 3270 778 3312 alter
791 3287 800 3322 3
813 3286 898 3326 qua
909 3285 1012 3313 voce
1027 3285 1126 3313 usus
1263 3271 1330 3331 39.
1347 3274 1586 3316 Dummodo
1601 3291 1682 3317 non
1700 3277 1831 3317 nobis.
1852 3277 1982 3317 Vobis
1996 3290 2057 3315 re-

281 3335 413 3378 etiam
433 3335 601 3379 Seneca
618 3369 630 3391 ‚
654 3335 735 3392 Ep.
760 3334 882 3379 CIX.
902 3335 962 3378 H.
1207 3336 1315 3381 etius
1333 3354 1397 3393 pr.
1419 3338 1584 3383 Medic.
1610 3349 1653 3383 et
1675 3339 1827 3384 decem
1852 3339 1933 3382 alii.
1953 3339 2012 3382 H.

969 3461 1362 3482 4-—
