2268 3848
235 285 306 326 ς,
684 275 751 327 P.
807 269 1557 340 ov1D11NAsoMs

231 390 382 452 Vade
402 436 415 462 ‚
451 388 547 451 sed
577 388 847 462 incultuS‚
878 390 1095 473 qualem
1125 393 1278 455 decet
1306 396 1507 458 exsulis
1536 422 1685 473 esse;

308 487 507 548 Infelix
526 534 540 560 ‚
572 486 826 548 habitum
857 490 1123 570 temporis
1150 489 1317 572 hujus
1347 493 1505 555 habe.

227 586 341 646 Nec
373 600 424 645 te
456 608 737 667 purpureo
762 583 942 643 velent
969 585 1212 645 vaccinia
1239 587 1399 661 fuco;
1985 611 2010 651 5

307 685 438 743 Non
467 698 551 743 est
581 682 909 743 conveniens
939 681 1185 745 luctibus
1214 684 1306 745 ille
1339 685 1507 747 color.

227 780 341 840 Nec
375 776 568 837 titulus
598 776 794 850 mini0‚
824 800 924 837 nec
954 778 1116 838 cedro
1149 779 1337 840 charta
1362 796 1618 852 notetur;

313 873 559 933 Candida
588 897 688 934 nec
716 874 874 953 nigra
903 896 1107 934 cornua
1137 875 1319 937 fronte
1349 902 1520 955 geras.

228 972 435 1033 Felices
467 986 668 1032 ornent
690 972 803 1033 haec
832 972 1198 1034 instrumenta
1227 973 1450 1036 libellos
1476 1001 1488 1036 :

280 1133 319 1174 3.
348 1133 519 1184 Qualem
534 1134 814 1175 decetexsulis
822 1147 927 1175 esse.
941 1124 1080 1175 Εἰδυ-

224 1200 285 1243 les
306 1200 425 1242 enim
447 1199 491 1241 in
507 1199 704 1254 squalore
725 1206 863 1242 erant.

280 1269 317 1320 4.
341 1266 483 1320 Hujus
496 1269 718 1318 tempor-clm
741 1279 828 1320 quo
842 1296 854 1318 ‚
874 1279 962 1306 non
983 1263 1075 1306 sine

222 1333 342 1377 luctu
359 1332 548 1374 maximo
563 1364 574 1386 ‚
592 1331 746 1374 Tomis
762 1364 773 1385 ,
790 1330 1037 1387 longissime
1053 1347 1076 1373 a

222 1398 384 1454 patria,
408 1397 542 1440 vitam
560 1412 683 1439 suam
697 1397 814 1439 Naso
832 1395 1044 1438 trahebat.

279 1467 316 1506 5.
343 1464 429 1504 Nec
448 1470 488 1504 le
502 1477 718 1515 purpureo.
737 1460 830 1503 Nec
851 1476 1073 1517 purpureo

222 1527 380 1570 amictu
400 1526 607 1568 induaris.
631 1527 850 1568 Vaccim‘a.
865 1525 1074 1568 Vaccinia

218 1595 352 1637 violas
372 1610 462 1637 esse
479 1592 687 1650 purpurei
700 1591 855 1635 coloris
867 1624 878 1646 ,
895 1592 1073 1636 Servius

219 1660 378 1704 scribit.
397 1658 565 1702 Plinius
583 1674 687 1700 vero
703 1657 850 1701 scribit
863 1656 1071 1701 fruticem

220 1742 310 1769 esse
325 1725 368 1767 in
387 1723 526 1767 Gallia
542 1735 813 1779 purpureum
828 1755 839 1777 ,
859 1722 1072 1765 idoneum

221 1791 274 1834 ad
300 1788 584 1847 tingendum;
608 1787 707 1830 vide
726 1787 840 1831 hanc
857 1803 1010 1831 vocem
1027 1789 1074 1831 in

219 1856 364 1901 indice
378 1854 800 1912 plantarumVirgilii
815 1871 824 1906 ς
842 1854 944 1899 edit.
962 1864 1074 1900 nost.

220 1921 274 1965 ad
294 1920 615 1964 extremitatem
628 1919 709 1963 vol.
719 1919 850 1963 VIII.
864 1921 1074 1975 Purpureo

221 2003 360 2031 succo.
381 1989 492 2030 Fuco
514 1986 642 2030 Polit.
664 1986 909 2043 Hamburg.
932 1987 1072 2030 Vatic.

218 2062 265 2097 et
282 2052 352 2096 alii
369 2061 466 2095 octo
481 2061 555 2095 aut
577 2067 739 2095 novem
757 2067 807 2094 ex
827 2051 1073 2108 castigatio-

218 2119 338 2162 ribus
355 2126 492 2161 :recte
507 2135 518 2172 ;
536 2118 745 2160 absonum
760 2118 882 2160 enim
898 2135 1072 2174 prorsus

217 2185 351 2230 istum
373 2186 510 2226 velare
531 2198 669 2224 succo.
691 2181 905 2237 Sequenti
930 2182 1071 2226 hexa-

219 2254 364 2288 metro
397 2247 546 2287 cborta
580 2251 772 2286 notentur
802 2259 881 2300 pro
913 2252 1077 2286 notetur

219 2317 401 2352 venuste
422 2307 894 2364 Rottendorph.liber:
913 2307 957 2349 in
982 2322 1071 2350 uno

219 2373 424 2418 Mediceo
451 2387 543 2429 pro
560 2371 728 2415 diversa
754 2371 940 2415 lectione
965 2374 1071 2426 lige-

216 2450 307 2485 tut.-
329 2440 443 2482 forte
466 2454 545 2495 pro
564 2442 732 2481 linatur.
757 2437 970 2481 Horatius
986 2471 996 2491 ,
1015 2437 1070 2480 de

220 2506 331 2549 Arte
351 2503 518 2561 poetica
530 2535 542 2555 ‚
561 2519 621 2545 vs.
637 2502 716 2545 332
732 2518 967 2557 :speramus
981 2518 1071 2544 car-

216 2576 333 2615 mina
346 2573 464 2628 fingi
492 2571 625 2611 Posse
657 2570 829 2610 linenda
858 2571 991 2610 cedro.
1016 2589 1070 2599 -—

213 2638 335 2680 Illinc·
353 2650 524 2692 quoque
547 2637 674 2677 minio
694 2632 825 2676 habes
845 2633 959 2689 apud
978 2633 1069 2675 Pli-

215 2704 341 2747 nium
358 2737 369 2757 ‚
384 2702 452 2745 lib.
467 2701 651 2754 XXIII,
668 2717 703 2743 c.
722 2716 767 2758 7:
783 2700 1068 2744 «Enumerat

217 2779 383 2813 actores
407 2767 615 2819 Verrius,
639 2766 796 2822 quibus
813 2764 991 2808 eredere
1012 2766 1067 2808 sit

216 2850 414 2887 necesse,
448 2833 570 2875 Jovis
596 2831 727 2888 ipsius
750 2830 967 2874 simulacri
993 2830 1067 2872 sa-

215 2900 327 2943 ciem
359 2897 511 2941 diebus
543 2896 663 2939 festis
694 2896 833 2938 minio
862 2894 971 2939 illini
991 2911 1064 2939 so-

216 2963 337 3006 litam
378 2961 781 3018 triumphantiaque
812 2976 1007 3016 corpora.
1043 2978 1064 2998 »

214 3032 462 3072 Perunctum
474 3030 595 3071 cedro
613 3030 797 3070 libellum
811 3026 918 3069 dixit
931 3027 1064 3070 Mart.

272 3111 310 3150 7.
329 3097 418 3137 Nec
435 3096 581 3145 titulus
598 3097 736 3135 minio.
755 3092 1065 3147 Inscriptiones

214 3168 258 3203 et
278 3159 391 3204 tituli
411 3158 636 3215 elegantiae
656 3173 782 3201 causa
803 3158 968 3201 fiebant
987 3174 1066 3200 ru-

212 3225 351 3280 brica,
365 3225 449 3269 hoe
461 3234 547 3277 est,
563 3225 721 3278 minio,
741 3224 1061 3267 autcinnabari.

212 3292 323 3336 Gall.
350 3294 397 3335 V
387 3295 586 3334 ermz‘llon.
607 3292 658 3334 P.
674 3293 761 3333 Nec
777 3294 899 3333 cedro
916 3293 1064 3333 charta

210 3363 382 3400 notetur.
408 3355 579 3399 Cedrus
604 3356 733 3399 arbor
753 3365 842 3409 est,
873 3371 969 3411 quae
989 3371 1064 3398 ca·-

211 3421 321 3463 riem
338 3430 381 3464 et
397 3428 654 3464 vetustatem
672 3435 763 3462 non
776 3420 919 3463 sentit.
932 3420 1062 3462 MER.

1161 1133 1303 1177 succo
1319 1167 1329 1187 ,
1361 1143 1436 1178 aut
1454 1135 1551 1178 oleo
1566 1135 1746 1179 cedrino
1762 1135 2012 1181 linebantur-

1160 1199 1320 1242 chartae
1336 1232 1348 1253 ‚
1372 1199 1668 1244 diuturnitatis
1684 1234 1695 1256 ,
1722 1210 1766 1244 et
1780 1217 2013 1245 conserva-

1159 1263 1291 1306 tionis
1311 1280 1335 1306 a
1356 1265 1468 1307 carie
1486 1297 1498 1319 ,
1528 1273 1573 1308 et
1592 1264 1737 1308 odoris
1757 1282 1875 1322 ergo.
1897 1265 2010 1310 Plin.

1158 1328 1230 1371 lib.
1250 1330 1390 1382 XVI,
1409 1346 1502 1387 cap.
1524 1346 1589 1389 29.

1213 1394 1252 1436 8.
1275 1397 1473 1438 Candida
1491 1412 1661 1439 cornua.
1682 1398 1848 1439 Cornua
1862 1397 2008 1454 appel-

1154 1459 1214 1502 lat
1227 1460 1498 1516 superiorem
1519 1469 1562 1503 et
1577 1460 1834 1503 inferiorem
1850 1461 2009 1505 chartae

1155 1534 1325 1580 partem
1338 1525 1536 1580 :frontem
1545 1542 1650 1569 vero
1668 1526 1856 1582 nigram,
1870 1526 2007 1583 ipsam

1156 1592 1372 1648 paginam.
1384 1591 1830 1634 MER.—Scribebant
1841 1592 2008 1648 antiqui

1154 1657 1200 1698 in
1225 1655 1359 1699 altera
1387 1664 1560 1699 tantum
1587 1656 1844 1713 paginarum
1869 1656 1978 1700 facie
1994 1691 2005 1711 ,

1154 1730 1369 1779 perpetuo
1393 1720 1526 1765 ductu
1544 1754 1556 1776 ‚
1581 1721 1633 1764 ad
1658 1730 1903 1766 extremum
1926 1739 2007 1766 us-

1154 1803 1237 1844 que
1251 1787 1408 1830 folium
1426 1803 1436 1830 ε
1452 1787 1496 1830 ἰιι
1511 1803 1600 1844 quo
1615 1787 1896 1830 firmitudinis
1911 1806 2007 1845 gra-

1152 1852 1211 1896 tia
1224 1851 1571 1911 cylindrum‚seu
1582 1852 1787 1896 bacillum
1799 1861 2003 1907 teretem,

1153 1917 1381 1961 cedrinum
1405 1917 1473 1961 vel
1488 1917 1735 1960 eburneum
1754 1917 2006 1975 agglutina-

1154 1984 1260 2028 bant
1278 2018 1288 2039 ,
1310 1985 1554 2029 secundum
1573 1985 1850 2028 latitudinem
1870 2002 2007 2029 mem·
2024 2018 2028 2022 -

1153 2049 1301 2093 branae
1320 2050 1506 2107 praecisae
1518 2083 1529 2104 ,
1545 2050 1841 2107 eumdemque
1858 2052 2009 2094 nomi-

1153 2115 1317 2159 nabant
1340 2115 1621 2167 umbilicum;
1642 2115 1759 2172 quod
1775 2116 1885 2159 sicut
1904 2133 2008 2159 um—

1151 2178 1302 2222 bilicus
1316 2177 1360 2222 in
1377 2178 1526 2222 medio
1540 2188 1694 2222 ventre
1709 2213 1721 2234 ‚
1737 2179 1880 2223 sicilie
1896 2181 2006 2224 libro

1151 2243 1242 2298 jam
1253 2243 1571 2287 circumvoluto
1590 2243 1762 2287 medius
1776 2254 1896 2288 esset.
1913 2246 2006 2288 Hu-

1150 2308 1220 2365 jus
1232 2307 1372 2351 bacilli
1384 2308 1522 2365 capita
1537 2341 1549 2362 ‚
1569 2324 1757 2364 superne
1773 2318 1816 2353 et
1830 2310 2004 2353 inferne

1152 2372 1393 2416 eminentia
1405 2405 1416 2427 ,
1433 2381 1629 2429 argento,
1647 2388 1767 2426 auro,
1784 2382 1858 2416 aut
1871 2374 2003 2416 ebore

1151 2447 1333 2482 ornatus
1341 2453 1467 2482 causa
1478 2438 1847 2494 praemuniebant3
1861 2448 1904 2484 et
1914 2439 2005 2483 haec

1150 2519 1308 2547 cornua
1326 2502 1539 2546 dicebant.
1560 2503 1717 2571 Ppstea
1738 2504 1913 2560 paginas
1933 2504 2006 2547 in·-

1150 2578 1239 2612 star
1252 2567 1377 2624 spirae
1395 2567 1651 2611 convolutas
1660 2568 1976 2624 complicabant
1989 2601 2001 2623 ,

1149 2633 1340 2689 indeque
1351 2636 1544 2675 volumen
1556 2632 1844 2675 nominabant
1854 2665 1865 2686 ,
1884 2648 1907 2675 a
1917 2633 2004 2675 vol·

1148 2694 1628 2744 vendoPoN‘n—Vide
1639 2708 1683 2743 et
1695 2699 1814 2743 Paul.
1827 2700 2002 2744 Manut.

1148 2764 1192 2809 in
1217 2766 1353 2822 Epist.
1366 2766 1488 2808 Fam.
1510 2778 1580 2807 vu
1597 2798 1609 2819 ‚
1632 2765 1701 2808 lib.
1726 2766 1818 2819 ΙΙΙ,
1846 2767 1920 2822 qui
1943 2766 2002 2810 di-

1147 2833 1205 2874 cit
1220 2863 1231 2885 ‚
1247 2841 1460 2875 extremas
1474 2840 1617 2889 partes
1631 2865 1642 2885 ,
1658 2841 1775 2875 extra
1790 2833 2000 2877 volumen
2040 2846 2044 2852 ·

1149 2898 1396 2942 eminentes
1409 2931 1420 2951 ,
1442 2899 1496 2942 ob
1511 2914 1729 2941 cornuum
1749 2899 2001 2942 similitudi-—

1146 2981 1270 3020 nem,
1284 2981 1442 3008 cornua
1454 2966 1599 3008 vocari
1615 2982 1626 3009 ι
1642 2967 1797 3022 quibus
1812 2976 1856 3010 et
1870 2981 2000 3008 orna-

1146 3039 1350 3073 mentum
1368 3029 1545 3086 aliquod
1559 3029 1659 3073 addi
1674 3030 1862 3073 solitum.
1878 3030 2000 3074 Dicit

1147 3113 1251 3152 ergo
1279 3095 1467 3139 Ovidius
1493 3096 1603 3139 libro
1631 3112 1710 3139 suo
1733 3112 1743 3139 :
1775 3097 1843 3140 Ne
1875 3113 1996 3154 geras

1144 3159 1330 3205 candida
1355 3176 1521 3204 cornua
1540 3193 1552 3215 ,
1589 3176 1686 3217 quae
1713 3160 1870 3204 indicia
1894 3169 1997 3204 sunt

1143 3227 1337 3270 fortunae
1354 3226 1528 3270 laetioris
1544 3243 1554 3278 ;
1574 3226 1651 3269 sed
1669 3235 1817 3270 atrata.
1836 3225 1889 3270 C.

1198 3308 1238 3350 9.
1272 3294 1377 3335 Hoec
1405 3296 1687 3335 instrumenta.
1719 3293 1828 3335 Haec
1855 3295 2006 3334 orna:

1145 3365 1295 3400 menta
1311 3356 1531 3413 praedicta,
1548 3373 1645 3414 quae
1655 3357 1900 3402 feliciorem
1918 3370 1996 3398 au-

1145 3423 1274 3465 ctoris
1292 3431 1454 3466 statum
1476 3420 1684 3467 indicant.
