2280 3776
298 275 399 329 106

754 277 817 329 P.
862 275 1160 331 OVIDII
1209 275 1589 331 NASONIS

287 391 402 450 Nec
434 390 619 451 caelum
647 392 858 475 patior,
890 415 988 451 nec
1020 391 1176 474 aquis
1207 391 1550 452 adsuevimus
1574 391 1723 464 istis,

370 489 647 570 Terraque
675 487 858 547 nescio
888 511 1000 569 quo
1029 511 1144 548 non
1175 487 1352 571 placet
1380 489 1498 571 ipsa
1529 489 1696 548 modo
1722 512 1734 547 τ

290 585 419 643 Non
451 583 647 643 domus
673 579 799 666 apta
826 584 983 656 satis;
1017 608 1132 644 non
1153 585 1244 645 hic
1273 586 1430 645 cibus
1459 585 1611 646 utilis
1639 608 1816 664 aegr03

370 679 595 751 Nullus,
634 678 922 762 Apollinea
951 681 1047 764 qui
1075 681 1213 742 levet
1240 697 1353 742 arte
1383 679 1620 741 malum:
2010 711 2057 738 ιο

289 776 415 834 Non
446 776 541 857 qui
570 775 803 848 soletur,
832 801 946 837 non
979 779 1075 860 qui
1102 777 1357 839 labentia·
1373 778 1526 839 tarde

370 872 645 953 Tempora
675 873 948 932 narrando
980 874 1162 946 sallat,
1190 874 1394 934 amicus
1421 873 1590 933 adest.

289 969 491 1028 Lassus
519 969 575 1028 in
608 971 860 1031 extremis
887 972 1038 1053 jaceo
1069 969 1404 1055 populisque
1431 968 1710 1050 locisque;

370 1066 444 1123 Et
471 1066 625 1126 subit
650 1067 865 1128 adfecto
894 1093 1041 1130 nunc
1068 1069 1240 1141 mihi,
1271 1065 1542 1151 quidquid
1572 1065 1742 1126 abest.

291 1161 494 1221 Omnia
523 1188 691 1246 quum
721 1166 988 1238 subeant,
1022 1166 1194 1227 vincis
1222 1180 1403 1225 tamen
1435 1159 1642 1235 omnia,
1673 1162 1902 1244 conjux,
2014 1181 2060 1224 15

370 1259 444 1317 Et
472 1258 601 1341 plus
630 1259 687 1320 in
717 1276 910 1322 nostro
939 1278 1161 1346 pectore
1189 1276 1343 1346 parte
1373 1276 1542 1321 tenes.

288 1352 366 1412 Te
401 1352 603 1435 loquor
631 1355 912 1418 absentem
937 1381 950 1418 :
979 1372 1031 1416 te
1061 1381 1169 1417 vox
1198 1380 1318 1416 mea
1344 1356 1592 1415 nominat
1613 1380 1776 1415 unam
1804 1382 1815 1415 :

365 1447 536 1507 Nulla
566 1450 716 1508 venit
745 1451 863 1510 sine
899 1466 950 1510 te
976 1475 1087 1510 nox
1120 1451 1289 1522 mihi,
1321 1449 1471 1510 nulla
1501 1449 1631 1509 dies.

291 1543 444 1622 Quin
476 1546 637 1605 etiam
658 1593 673 1618 ‚
708 1547 785 1607 sic
811 1569 898 1606 me
926 1546 1119 1606 dicunt
1147 1547 1318 1606 aliena
1346 1546 1591 1605 locutum
1609 1592 1624 1616 ‚

368 1642 446 1699 Ut
476 1641 618 1703 soret
645 1644 848 1704 amenti
877 1667 1079 1704 nomen
1106 1644 1166 1703 in
1193 1667 1287 1704 ore
1320 1657 1495 1703 tuum.
2011 1674 2063 1701 20

287 1733 345 1793 Si
370 1735 479 1816 jam
509 1736 724 1798 deficiat
750 1738 1048 1821 subpresso
1079 1738 1267 1817 lingua
1296 1736 1482 1821 palato
1504 1784 1519 1810 ‚

367 1831 477 1890 Vix
503 1831 769 1894 instillato
794 1834 1128 1895 restituenda
1159 1857 1311 1894 mero
1338 1859 1351 1906 ;

287 1966 415 2010 multi
433 1976 677 2011 veteres.——-
690 1968 837 2013 Nostri
858 1970 987 2013 ambo
1011 1971 1139 2024 Quem

288 2034 511 2076 mz'binunc
521 2037 728 2086 am‘mum‚·
742 2033 888 2078 minus
904 2034 1139 2091 eleganter.

342 2098 380 2140 3.
411 2099 614 2154 Terraque
635 2102 775 2141 nescio
797 2115 889 2154 quo.
923 2099 1043 2155 Quia
1066 2101 1137 2142 in-

289 2163 401 2205 culta
417 2195 429 2218 ,
451 2163 606 2207 sterilis
624 2197 636 2219 ,
661 2163 892 2209 inamoena.
918 2165 968 2208 P.

349 2228 410 2271 13.
434 2229 612 2272 lassus.
645 2230 813 2285 Lapsus
844 2230 1023 2287 quidam
1043 2261 1056 2284 ‚
1095 2238 1140 2273 et

292 2294 361 2338 alii
385 2298 511 2338 lasus
526 2329 537 2348 ‚
560 2298 687 2339 solus.

350 2376 364 2401 1
374 2362 411 2414 4.
420 2361 488 2402 Et
496 2363 608 2404 subit
615 2359 785 2415 adfectu
794 2377 901 2404 nunc
913 2362 1140 2416 mibiqm'd-

289 2426 529 2478 quidabest.
546 2424 728 2478 Adseclo
744 2423 1021 2468 scribendum
1037 2439 1140 2468 cum

242 2486 246 2489 ’
291 2502 380 2538 uno
398 2486 545 2532 codiee
563 2506 574 2542 ;
595 2489 726 2546 idque
741 2490 831 2546 jam
849 2489 957 2533 vidit
973 2489 1142 2546 politis-

289 2553 424 2597 simus
444 2554 701 2610 Naugerius.
723 2555 933 2611 Adfectus
954 2555 1142 2612 graviter

290 2626 501 2676 aegrotans
517 2636 529 2671 ;
549 2619 804 2672 Suetonius,
820 2619 1000 2664 Tiberio
1016 2634 1026 2661 ε
1042 2619 1143 2663 Ad-

279 2683 441 2738 fectum
457 2690 624 2740 reperit,
648 2686 875 2728 sedtamen
894 2688 1033 2729 adhuc
1051 2687 1143 2740 spi-

291 2755 464 2792 tantem.
489 2749 642 2796 Festus
673 2765 682 2792 :
713 2766 735 2786 «
763 2748 948 2792 Adfecta
974 2749 1142 2793 femina

292 2815 361 2858 vel
381 2815 426 2858 in
449 2816 611 2859 bonam
631 2823 798 2873 partem
821 2816 978 2860 dicitur
991 2850 1003 2871 ,
1023 2816 1144 2860 velut

291 2879 505 2923 honorata
530 2896 540 2924 :
563 2880 632 2923 vel
654 2881 699 2924 in
728 2881 886 2924 malam
901 2914 912 2935 ‚
948 2882 1068 2938 quasi
1093 2882 1148 2924 in

296 2954 539 2989 extremum
561 2946 802 3005 periculum
821 2947 1026 3001 adducta;
1045 2966 1066 2985 »
1083 2947 1148 2991 sie

299 3020 415 3055 recte
452 3012 670 3068 castigavit
700 3013 963 3057 Passeratius
985 3030 995 3066 ;
1037 3025 1147 3055 nam·

294 3076 391 3119 libri
405 3077 606 3121 nonnulli
618 3085 785 3121 veteres
797 3078 1014 3134 adfectata
1024 3091 1041 3131 ,·
1055 3076 1144 3120 vul·

300 3143 385 3198 gati
402 3146 634 3187 adsectata.
660 3145 721 3187 H.

353 3210 415 3252 ιδ.
434 3213 495 3253 Et
503 3213 603 3265 plus
622 3215 668 3253 in
688 3218 832 3254 nostro
843 3217 1011 3265 pectore
1021 3216 1150 3264 parte

298 3281 422 3317 lenes.
439 3275 737 3321 Bersmannus
751 3293 801 3320 ex
815 3292 894 3320 suo
913 3275 1059 3319 codice
1073 3290 1144 3317 re-

304 3339 427 3394 ponit
430 3348 610 3396 pectore,
629 3358 751 3393 cara,
770 3349 909 3394 tenes5
926 3339 1148 3397 quomodo

305 3412 348 3447 et
367 3421 438 3450 sex
459 3406 596 3450 nostri
615 3422 626 3450 z
649 3407 796 3462 plures
815 3406 883 3450 alii
897 3410 1035 3461 partis
1057 3408 1146 3448 ha-

1221 1974 1304 2013 bes.
1325 1969 1400 2014 Nil
1419 1976 1566 2022 muta3
1587 1967 1720 2013 Trist.
1738 1967 1799 2022 V,
1823 1967 1890 2011 El.
1907 1981 1960 2023 x,
1982 1970 2035 2012 30
2053 1987 2063 2013 ε

1221 2054 1244 2074 «
1256 2037 1473 2080 Barbarus
1485 2043 1529 2079 et
1540 2035 1641 2079 tecti
1654 2033 1748 2092 plus
1760 2050 1933 2092 quoque
1946 2045 2066 2092 parte

1219 2110 1369 2155 tenet3
1391 2119 1413 2139 »
1440 2101 1668 2145 Lucretius
1684 2133 1696 2155 ,
1717 2102 1788 2145 lib.
1816 2104 1860 2146 ΙΙ
1882 2118 1892 2145 :
1915 2121 1936 2140 «
1964 2101 2067 2145 Plus

1219 2177 1271 2211 ut
1289 2175 1412 2224 parte
1439 2165 1554 2210 feras
1585 2175 1814 2222 emergant
1841 2166 2068 2210 exsiliant—

1220 2250 1305 2292 que
1322 2251 1334 2286 ;
1351 2251 1374 2272 »
1394 2233 1520 2290 Virg.
1542 2231 1703 2290 Georg.
1721 2233 1740 2276 1
1760 2265 1772 2287 ,
1793 2234 1871 2276 35:
1893 2251 1914 2271 ιι
1935 2233 2068 2276 Scor-

1219 2299 1315 2356 pius
1338 2307 1382 2342 et
1402 2297 1493 2341 caeli
1513 2298 1627 2353 justa
1655 2296 1748 2353 plus
1778 2306 1898 2354 parte
1930 2297 2068 2339 relin-

1221 2363 1327 2420 quit.
1341 2380 1363 2400 »
1386 2362 1446 2406 H.
1466 2387 1521 2394 —
1535 2363 1598 2404 Et
1606 2365 1708 2417 plus
1726 2366 1769 2404 in
1789 2371 1942 2405 nostro.
1965 2361 2067 2404 Plus

1222 2444 1352 2485 quam
1366 2436 1536 2485 partem
1548 2436 1672 2471 tenes
1683 2459 1695 2481 ,
1709 2442 1786 2470 seu
1803 2426 2065 2483 potissimam

1222 2499 1394 2549 partem
1412 2491 1457 2535 in
1477 2499 1653 2550 pectore
1671 2507 1770 2534 meo
1790 2499 1924 2534 tenes.
1948 2491 1998 2533 P.

1279 2575 1344 2602 21.
1363 2559 1411 2602 Si
1415 2559 1513 2613 jam
1529 2558 1718 2613 deficiam
1731 2588 1743 2608 ‚
1771 2558 2067 2609 subpressaque

1221 2625 1536 2679 Ie'nguapa'lato.
1552 2621 1692 2665 Locus
1711 2627 1937 2675 corruptus
1952 2635 1960 2668 ς
1983 2634 2064 2660 nec

1222 2692 1376 2748 juvant
1388 2690 1485 2734 libri
1495 2697 1676 2735 veteres.
1689 2686 1839 2731 Scribe
1856 2701 1866 2728 x
1883 2703 1902 2722 «
1916 2683 1963 2728 Si
1973 2685 2064 2739 jam

1225 2756 1396 2802 deficiat
1420 2756 1646 2812 subpresso
1670 2754 1818 2809 lingua
1849 2752 2017 2809 palat03
2042 2770 2064 2789 υ

1223 2822 1292 2866 vel
1307 2824 1430 2865 Sitne
1443 2822 1632 2874 defic1'at,·
1647 2817 1758 2874 regit
1771 2817 1890 2860 enim
1906 2817 1950 2859 id
1964 2833 2066 2860 ver-

1223 2887 1331 2930 bum
1358 2883 1522 2929 ovidio
1551 2898 1725 2940 semper
1757 2890 1961 2938 quartum
1994 2897 2068 2923 ca-

1224 2965 1334 2993 sum.
1361 2949 1500 2992 Locus
1521 2947 1623 2991 huic
1646 2945 1844 3003 geminus
1865 2946 1994 2988 Pont.
2014 2945 2034 2987 1
2052 2977 2064 2998 ‚

1225 3014 1346 3071 Eleg.
1370 3026 1429 3055 111
1442 3046 1454 3067 ‚
1475 3029 1562 3072 9:«
1580 3012 1740 3068 Etiam
1754 3010 1960 3054 deficiens
1976 3042 1987 3064 ,
2008 3011 2068 3053 sic

1224 3079 1277 3123 ad
1296 3087 1371 3122 tua
1389 3079 1519 3122 verba
1539 3077 1697 3131 revixi,
1716 3077 1782 3120 Ut
1794 3077 1903 3119 solet
1921 3075 2067 3118 infuso

1223 3161 1334 3189 vena
1348 3143 1492 3188 redire
1507 3159 1646 3187 mero.
1660 3160 1681 3180 υ
1705 3141 1929 3198 Superiori
1940 3155 2068 3183 versu

1224 3213 1495 3268 pro-amentis
1508 3224 1578 3252 ore
1590 3208 1716 3264 prim.
1731 3206 1872 3250 vatic.
1886 3209 2069 3248 amanti:

1224 3277 1318 3334 lege
1335 3277 1496 3318 amenti
1504 3290 1584 3316 ore.
1608 3272 1668 3315 H.

1280 3356 1346 3381 αα.
1375 3341 1590 3381 Instt'llato
1619 3352 1738 3380 mero.
1770 3334 1889 3377 Vino
1913 3332 2068 3376 leviter

1225 3402 1376 3447 infuso
1393 3419 1404 3448 ε
1425 3403 1577 3448 vinum
1599 3401 1718 3446 enim
1737 3398 1876 3445 reficit
1895 3397 2020 3441 vires.
