2280 3776
486 303 942 361 TRISTIUM
995 305 1158 361 LIB.
1218 306 1348 362 111.
1391 307 1634 367 ELEG.
1685 313 1732 366 1.

1918 335 1993 388 99

306 420 412 481 Hic
439 420 547 482 fuit
574 420 784 504 antiqui
811 419 960 499 regia
988 445 1153 504 parva
1179 423 1387 503 Numae.
1941 445 1994 487 30

224 517 359 579 Inde
387 531 579 601 petens
608 518 882 590 dextram,
910 532 1074 602 porta
1095 531 1178 580 est
1195 565 1210 591 ‚
1240 518 1346 591 ait,
1377 508 1482 580 ista
1505 517 1714 581 Palati:

308 614 415 676 Hic
443 616 631 678 Stator
656 640 667 676 :
698 615 806 676 hoc
833 615 1073 699 primum
1108 615 1333 678 condita
1358 618 1540 679 Roma
1566 617 1689 680 loco
1718 633 1814 681 est.

224 709 451 788 Singula
481 711 612 771 dum
639 709 840 783 miror,
872 709 1035 771 video
1059 709 1406 791 fulgentibus
1437 712 1602 775 armis

307 806 650 890 Conspicuos
680 821 898 890 posta,
933 822 1189 892 tectaque
1222 808 1387 888 digna
1415 810 1580 871 Deo:

227 903 316 964 An
337 904 373 964 J
377 927 493 964 ov1s
518 903 665 977 haec,
693 904 830 977 dixi,
862 904 1059 965 domus
1079 918 1190 965 est.
1179 906 1203 948 Ρ
1232 905 1384 988 quod
1411 920 1476 966 ut
1495 929 1611 968 esse
1630 920 1907 990 putarem,
1946 925 1999 969 35

305 1000 616 1080 Augurium
647 1000 818 1060 menti
845 1024 1054 1084 querna
1083 1024 1289 1063 corona
1319 1001 1503 1064 dabat.

225 1096 399 1179 Cujus
426 1111 490 1157 ut
519 1098 704 1181 accepi
740 1097 1058 1170 dominum3
1086 1122 1200 1158 non
1231 1097 1500 1171 fallimur,
1532 1098 1787 1182 inquam,

307 1193 382 1251 Et
409 1192 594 1270 magni
624 1215 809 1252 verum
841 1207 926 1252 est
956 1192 1097 1253 hanc
1126 1194 1281 1254 Jovis
1310 1217 1426 1255 esse
1456 1194 1695 1255 domum.

230 1285 346 1347 Cur
380 1300 565 1348 tamen
595 1286 849 1369 adposita
876 1286 1086 1347 velatur
1110 1282 1273 1369 janua
1302 1288 1493 1362 lauro;

226 1424 420 1469 Romulo
445 1423 564 1482 prius
594 1432 803 1468 erectum.
838 1421 1076 1483 Dionysius

227 1498 402 1544 tamen,
423 1488 495 1533 lib.
512 1489 586 1545 11,
615 1489 790 1544 scribit,
819 1488 863 1532 id
885 1504 909 1532 a
929 1490 1076 1534 Numa

230 1552 531 1598 aedificatum·
519 1569 565 1597 m
594 1553 692 1597 foro
712 1586 724 1609 ‚
755 1553 872 1610 quod
897 1562 1080 1612 occupat

228 1618 427 1664 medium
447 1618 651 1677 Capitolii
669 1628 712 1663 et
734 1620 885 1664 Palatii
905 1620 1051 1664 locum
1064 1652 1076 1675 ,

230 1676 366 1742 idque
386 1700 504 1729 anno
518 1684 636 1728 urbis
657 1684 1010 1742 quadragesimo,
1031 1693 1082 1730 ut

230 1749 277 1793 in
294 1749 429 1794 Fastis
440 1748 568 1794 docet
582 1748 781 1794 Ovidius.
797 1750 975 1794 Atrium
989 1768 1078 1795 au-

232 1823 324 1858 tem
350 1815 497 1860 veste
524 1814 609 1859 fuit
641 1815 799 1860 Numae
825 1817 944 1875 regia
965 1849 978 1872 ,
1011 1815 1081 1861 vel

233 1881 378 1940 potius
399 1897 497 1939 pars
519 1881 663 1940 regioe.

285 1947 353 1991 30.
369 1946 583 2002 Hacfm't.
597 1949 683 1992 Hic
694 1947 853 2006 scripti.
872 1947 1080 1991 H.-Re-

226 2014 301 2067 gia
312 2027 448 2066 parca
467 2011 692 2057 Puteanus
710 2029 722 2065 ς
749 2014 864 2057 celsa
885 2020 1083 2070 excerpta

230 2076 429 2120 Vossian.

287 2141 352 2185 31.
374 2142 504 2185 Porta
521 2149 588 2186 cst
599 2175 610 2194 ,
631 2147 715 2195 ait,
734 2146 821 2187 ista
838 2144 997 2187 Palati.
1019 2143 1085 2187 Ea

231 2212 357 2262 porta
375 2205 494 2263 prius
505 2208 721 2259 Satur-mh,
739 2207 842 2253 dein
858 2211 1085 2253 Pandamza

235 2268 444 2326 adpellata
475 2270 562 2315 suit
582 2288 593 2317 ι
618 2271 855 2317 adfirmant
877 2274 1020 2318 Varro
1041 2281 1086 2317 et

239 2333 428 2380 Solinus.

291 2400 358 2443 32.
369 2402 456 2444 Hic
469 2401 606 2444 Sator.
618 2400 769 2445 Scribe
781 2402 950 2455 Stator,·
964 2401 995 2443 J
997 2400 1087 2444 ovis

237 2463 421 2508 Statoris
449 2464 590 2509 edem
618 2465 842 2522 intelligit:
861 2466 921 2508 ita
947 2463 1089 2508 Com-

237 2531 297 2575 bii
309 2530 446 2576 codex
460 2563 472 2585 ‚
485 2547 632 2587 neque
649 2531 775 2574 aliter
787 2531 1029 2574 Politianus
1043 2531 1089 2574 in

238 2610 316 2638 ora
343 2595 410 2638 sui
438 2594 719 2652 exemplaris,
747 2603 792 2638 et
812 2594 1088 2649 Gronovius,

239 2658 470 2704 Observat-
490 2658 562 2703 lib.
581 2660 665 2715 IV,
687 2676 777 2717 cap.
805 2662 865 2703 15.
878 2661 1090 2705 H.—H0c

232 2730 412 2781 primum
430 2729 602 2771 condita
613 2728 753 2770 Roma
771 2730 865 2770 loco
883 2736 961 2770 est.
976 2729 1090 2771 Nam

242 2789 411 2848 Pelasgi
445 2790 638 2834 Arcades
666 2807 718 2835 ex
748 2791 856 2834 urbe
892 2791 1091 2834 Palantio

242 2863 475 2910 exeuntes,
497 2854 607 2899 duce
636 2855 917 2912 profectionis
942 2855 1093 2899 Evan-

243 2916 324 2961 dro
337 2950 350 2973 ,
370 2917 418 2963 in
436 2934 528 2963 uno
551 2935 604 2963 ex
622 2929 791 2977 septem
817 2921 995 2964 collibus
1015 2937 1093 2963 se—

246 2982 324 3027 d'es
339 2999 519 3041 poeuere
532 3018 544 3041 ‚
561 2987 635 3043 qui
650 2987 695 3030 in
711 2987 860 3032 medio
874 2987 1014 3030 ferme
1029 2995 1094 3030 est

246 3047 417 3103 Romae,
427 3052 690 3094 Pallanteum
703 3061 907 3096 vocantes
921 3068 1023 3095 eum
1037 3052 1096 3095 lo-

246 3129 349 3157 cum
363 3146 375 3168 ,
400 3130 424 3158 a
438 3115 575 3171 patria
589 3132 665 3160 sua
682 3118 727 3160 in
746 3117 1096 3162 Arcadia—Hoc

244 3185 421 3236 primum
441 3184 610 3225 condita
624 3185 764 3227 Roma
782 3187 886 3228 loco.
914 3202 937 3223 ι(
960 3185 1099 3229 Arca-

250 3244 326 3288 des
349 3245 414 3288 his
435 3246 546 3301 oris,
575 3263 710 3304 genus
729 3263 754 3291 a
775 3248 969 3292 Pallante
995 3265 1099 3305 pro-

248 3310 419 3356 fectum
432 3343 444 3366 ,
468 3311 562 3368 Qui
582 3329 731 3370 regem
748 3313 1005 3356 Evandrum
1022 3330 1098 3358 co·-

250 3376 379 3419 mites
401 3408 413 3430 ,
443 3378 517 3433 qui
541 3378 661 3434 signa
685 3380 850 3433 secuti,
881 3379 1098 3436 Delegere

254 3440 396 3485 locum
412 3473 424 3494 ,
448 3450 491 3484 et
512 3457 692 3498 posuere
715 3442 761 3487 in
783 3444 1003 3489 montibus
1025 3461 1101 3487 ur-

1154 1424 1258 1468 bem
1282 1457 1295 1479 ,
1324 1425 1530 1470 Pallantis
1560 1427 1708 1483 proavi
1741 1426 1795 1471 de
1825 1428 2004 1471 nomine

1158 1489 1433 1535 Pallanteum
1453 1508 1464 1542 3
1492 1509 1514 1530 »
1536 1492 1659 1549 Virg.
1675 1491 1850 1536 AEneid.
1865 1494 1976 1538 vu!
1992 1527 2003 1546 ‚

1158 1572 1218 1599 vs.
1240 1556 1321 1608 53;
1355 1556 1428 1599 ubi
1458 1573 1605 1601 veram
1628 1558 1839 1602 Pallantei
1865 1560 2007 1616 origi-

1157 1635 1264 1663 nem
1282 1629 1327 1665 et
1344 1637 1517 1666 causam
1536 1621 1668 1666 vides.

1214 1686 1281 1729 33.
1311 1688 1443 1730 Video
1457 1686 1724 1743 fulgentibus
1746 1693 1900 1738 armis,
1927 1697 2009 1733 etc.

1160 1750 1248 1794 Hic
1269 1750 1382 1795 oedes
1407 1751 1590 1808 Augusti
1615 1751 1661 1795 in
1687 1753 1854 1796 Palatio
1878 1753 2011 1798 factas

1159 1814 1307 1859 laudat
1332 1814 1545 1871 Ovidius,
1571 1832 1677 1873 quas
1702 1817 1836 1861 etiam
1860 1817 1905 1861 in
1931 1834 2009 1862 se-

1160 1879 1299 1938 ptimo
1329 1881 1461 1924 Maro
1495 1881 1697 1925 describit
1719 1915 1732 1936 ‚
1772 1899 1929 1939 easque
1965 1883 2010 1926 in

1162 1946 1468 1991 Laurolaviuio
1483 1947 1575 1992 vult
1586 1948 1716 1993 fuisse
1734 1965 1746 2000 ς
1768 1958 1817 1993 ut
1834 1949 2012 1993 servius

1162 2011 1303 2056 docet.
1339 2012 1468 2056 Mna.
1497 2035 1552 2047 —
1575 2015 1844 2070 Fulgenlibus
1870 2020 2011 2058 amalr.

1162 2076 1372 2121 Solebam
1401 2077 1522 2121 enim
1554 2087 1725 2135 postes,
1758 2088 1902 2136 postas
1925 2113 1938 2134 ,
1969 2090 2013 2124 et

1162 2142 1368 2186 vestibula
1389 2142 1548 2187 aedium
1563 2175 1575 2197 ,
1598 2144 1706 2187 atria
1721 2160 1893 2201 quoque
1914 2161 2012 2201 spo-

1161 2207 1228 2251 liis
1249 2217 1293 2251 et
1314 2209 1468 2263 armis,
1494 2224 1591 2265 que
1613 2209 1805 2252 hostibus
1826 2209 2015 2255 ademis-

1163 2280 1262 2315 sent
1275 2303 1287 2325 ,
1303 2287 1513 2315 exornare
1530 2305 1542 2327 ,
1556 2273 1713 2331 clypeis
1724 2306 1737 2327 ,
1760 2274 1887 2330 galeis
1901 2307 1913 2328 ,
1930 2283 2013 2318 etc.

1165 2336 1259 2380 Nec
1280 2344 1354 2379 aut
1373 2346 1602 2380 consumta
1621 2337 1739 2381 refici
1755 2371 1767 2392 ‚
1789 2347 1863 2381 aut
1876 2339 2014 2383 fracta

1165 2401 1452 2459 redintegrari
1465 2418 1559 2446 mos
1567 2411 1671 2447 erat.
1688 2405 1906 2449 Praeterea
1915 2405 2014 2449 aedi·

1159 2466 1246 2509 bus
1266 2466 1514 2511 abalienatis
1535 2483 1626 2510 non
1653 2468 1807 2514 licebat
1830 2486 1881 2514 ea
1904 2486 2010 2515 em-

1168 2531 1252 2575 tori
1274 2531 1470 2590 refigere.
1491 2533 1541 2576 P.

1223 2597 1290 2639 35.
1303 2599 1432 2640 ‚Iouis
1449 2605 1525 2640 est.
1548 2596 1626 2641 Est
1642 2597 1838 2656 Augusti.

1223 2661 1288 2717 37.
1312 2662 1443 2718 Cujus
1461 2670 1508 2705 ut
1518 2666 1670 2718 accepi
1677 2666 1897 2708 dominum.
1919 2667 2013 2710 Nu-

1168 2741 1260 2768 men
1278 2734 1366 2783 opt.
1389 2726 1524 2770 Palat.
1549 2727 1610 2770 H.

1225 2793 1291 2851 39.
1314 2793 1516 2847 obposita
1527 2796 1657 2838 lauro.
1672 2794 1885 2850 Adposila
1896 2798 2019 2839 lauro

1173 2855 1281 2899 dant
1295 2855 1490 2913 plerique
1509 2865 1678 2901 veteres
1694 2874 1704 2901 ε
1719 2867 1917 2902 recte.--
1935 2862 2018 2903 Ve-

1172 2924 1286 2964 latur
1287 2922 1426 2975 janua
1438 2925 1568 2965 lauro.
1580 2922 1749 2967 Laurus
1762 2939 1815 2970 an
1823 2932 1862 2966 te
1879 2923 2017 2967 Caesa·

1171 2986 1231 3030 ris
1248 2987 1428 3042 januam
1444 2996 1562 3031 erat:
1580 2987 1634 3031 de
1652 3004 1738 3044 qua
1754 2989 1811 3031 ita
1826 2988 2015 3044 Plinius,

1172 3053 1245 3096 lib.
1265 3053 1378 3119 XV,
1401 3069 1491 3111 cap.
1511 3054 1622 3097 ult.‹
1622 3055 1828 3098 <Laurus
1852 3056 2021 3098 trium-

1175 3103 1280 3174 phis
1289 3119 1463 3175 proprie
1485 3118 1675 3173 dicatur,
1696 3118 1763 3161 vel
1783 3120 2021 3176 gratissima

1178 3182 1404 3226 domibus
1392 3183 1565 3238 lanitrix
1575 3181 1823 3239 Caesarum,
1838 3185 2020 3228 Pontifi-

1178 3262 1384 3302 cumque‚
1395 3263 1491 3302 quae
1503 3247 1592 3291 sola
1602 3257 1646 3291 et
1654 3248 1807 3292 domos
1818 3260 1997 3293 exornat
2007 3284 2019 3304 ,

1180 3321 1225 3356 et
1245 3321 1344 3355 ante
1365 3312 1515 3355 limina
1535 3314 1726 3357 excubat.
1743 3332 1765 3351 >›
1785 3314 1997 3357 Martialis
2012 3348 2025 3368 ‚

1176 3379 1249 3421 lib.
1265 3378 1401 3433 VIII,
1418 3378 1541 3435 Epig.
1559 3394 1576 3421 1
1594 3413 1605 3434 ,
1631 3396 1647 3421 1
1668 3412 1680 3434 ‚
1703 3389 1823 3423 vocat
1843 3383 2023 3422 Penates

1180 3450 1407 3502 laurigeros
1420 3462 1433 3488 :
1447 3465 1468 3484 «
1487 3446 1742 3503 Laurigeros
1759 3447 1923 3493 domini
1942 3481 1951 3500 ‚
1974 3447 2025 3488 ii-
