2280 3776
490 283 599 338 EX
640 282 936 339 PONTO
975 284 1139 339 LIB.
1183 285 1268 340 11.
1312 284 1591 339 EPIST.
1638 288 1762 341 111.

1903 290 2010 365 327

252 401 366 460 Nec
396 398 549 459 facile
578 399 816 461 invenias
846 398 1034 461 multis
1065 400 1120 459 in
1147 399 1391 461 millibus
1418 424 1587 461 unum
1606 447 1622 473 ‚

335 498 605 559 Virtutem
635 498 872 581 pretium
903 498 997 580 qui
1031 512 1186 581 putet
1211 522 1324 560 esse
1354 500 1456 559 sui.

255 593 380 675 Ipse
410 593 598 665 decor,
630 610 771 656 recte
798 594 924 655 sacti
956 595 999 657 si
1032 596 1247 678 praemia
1277 597 1490 668 desint,

334 689 460 749 Non
492 705 700 762 movet,
733 689 784 751 et
812 691 980 769 gratis
1008 692 1236 775 poenitet
1261 715 1372 753 esse
1404 691 1657 775 probum.

256 781 380 859 Nil,
406 785 509 846 nisi
543 786 687 869 quod
718 787 976 871 prodest,
1006 812 1187 849 carum
1217 803 1297 849 est
1326 813 1337 847 z
1367 788 1381 849 i
1406 838 1421 861 ‚
1454 788 1673 851 detrahe
1704 788 1871 849 menti
1970 806 2018 847 15

333 882 499 966 Spem
529 884 738 946 fructus
769 885 934 947 avidae
954 933 969 958 ‚
999 910 1159 946 nemo
1191 885 1457 976 petendus
1489 887 1604 946 erit.

253 976 332 1036 At
356 977 564 1039 reditus
592 980 699 1061 jam
731 981 964 1064 quisque
995 1004 1127 1042 suos
1153 995 1327 1051 amat,
1360 995 1414 1041 et
1442 982 1550 1042 sibi
1579 979 1712 1065 quid
1740 979 1812 1039 sit

335 1073 514 1147 Utile,
546 1075 791 1137 sollicitis
819 1078 1086 1161 subputat
1114 1076 1375 1138 articulis.

254 1166 398 1229 lllud
427 1170 674 1231 amicitiae
703 1172 980 1255 quondam
1012 1173 1315 1235 venerabile
1337 1195 1538 1234 numen

334 1263 586 1337 Prostat,
619 1281 675 1327 et
703 1267 759 1326 in
792 1283 1001 1350 quaestu
1031 1293 1134 1351 pro
1163 1269 1440 1347 meretrice
1474 1266 1641 1327 sedet.
1972 1294 2027 1323 20

257 1361 388 1443 Quo
421 1364 593 1443 magis
621 1363 893 1438 admiror,
923 1389 1038 1426 non
1057 1413 1071 1438 ,
1106 1382 1168 1428 ut
1198 1365 1535 1428 torrentibus
1565 1363 1760 1437 undis„

339 1460 662 1522 Communis
692 1461 810 1521 vitii
842 1476 894 1526 te
922 1485 1146 1545 quoque
1173 1460 1295 1522 labe
1325 1461 1482 1522 trahi.

257 1555 524 1638 Diligitur
555 1583 744 1631 nemo,
776 1559 883 1621 nisi
913 1560 999 1620 cui
1030 1559 1249 1621 fortuna
1281 1559 1515 1621 secunda
1544 1573 1660 1620 est:

341 1655 479 1734 Quae
507 1655 670 1718 simul
699 1657 971 1728 intonuit,
1003 1656 1250 1740 proxima
1279 1680 1507 1740 quaeque
1529 1656 1700 1735 sugat.

259 1754 344 1814 En
376 1779 509 1833 ego,
539 1780 652 1816 non
683 1757 872 1839 paucis
908 1756 1181 1840 quondam
1211 1757 1457 1817 munitus
1482 1754 1697 1825 amiciS‚
1975 1771 2030 1811 αι’»

340 1852 488 1912 Dum
514 1852 660 1913 flavit
687 1852 819 1914 velis
846 1876 976 1914 aura
1007 1853 1243 1915 secunda
1271 1853 1435 1926 meis;

315 2004 376 2032 11.
405 1991 494 2033 Nec
510 1988 652 2045 facile
683 1994 879 2034 '’nvem'es.
907 1990 1101 2035 Invenias

259 2053 442 2112 Argent.
463 2065 506 2099 et
525 2072 596 2100 sex
618 2055 699 2100 alii.
735 2057 793 2100 H.

317 2136 377 2163 ια.
405 2122 603 2164 Virtutem
613 2125 790 2176 pretziem
803 2130 884 2165 etr.
904 2121 996 2179 Qui
1011 2121 1101 2165 exi-

257 2184 405 2228 stimet
429 2186 635 2229 virtutem
664 2203 754 2231 esse
790 2204 868 2244 per
893 2204 937 2231 se
969 2204 1102 2243 expe—

258 2248 436 2293 tendam
453 2281 466 2303 ,
486 2266 577 2294 non
597 2259 744 2295 autern
766 2252 932 2308 praemii
952 2252 1099 2309 gratia.

262 2314 413 2371 Quam
432 2329 531 2360 'rem
550 2316 750 2360 Juvenal.
773 2317 829 2360 ita
852 2317 1101 2373 reprehen-

261 2377 348 2422 dit:
369 2396 389 2415 «
410 2379 504 2436 quis
518 2380 637 2423 enim
655 2381 861 2423 virtutem
878 2381 1104 2437 amplecti-

261 2452 335 2487 tur
356 2444 516 2501 ipsam,
540 2446 723 2489 Praemia
742 2446 775 2489 si
799 2445 931 2489 tollas.
948 2465 969 2483 u

322 2510 383 2553 13.
402 2511 499 2565 Ipse
518 2513 650 2555 decor.
677 2518 797 2554 recte.
822 2512 917 2567 Ipsa
937 2509 1108 2553 virtutis

263 2574 554 2632 pulchritudo.
573 2599 627 2609 —
645 2577 773 2619 Facta·
783 2581 828 2619 si
837 2579 1009 2631 pra-mia
1031 2577 1107 2618 de-

263 2646 362 2686 sint.
378 2643 491 2700 Lege
500 2641 641 2697 factis
656 2677 666 2691 ,
688 2641 755 2686 vel
761 2642 888 2697 facto
902 2675 912 2693 ‚
932 2650 981 2685 ut
995 2662 1108 2686 κακο-

267 2714 388 2765 foui«
404 2709 579 2751 vitetur.
603 2708 768 2752 HEINS.

325 2775 386 2828 14.
408 2775 566 2816 Gratis.
579 2772 748 2816 Sallust.
767 2773 810 2816 H
816 2773 880 2816 ist.
897 2773 917 2816 I
932 2788 942 2816 :
960 2791 981 2810 «
994 2773 1108 2816 Nam

266 2835 341 2881 ubi
356 2838 491 2881 malos
507 2838 682 2894 praemia
700 2845 946 2894 sequuntur
959 2870 970 2891 ,
993 2837 1111 2881 haud

269 2901 495 2959 quisquam
518 2902 708 2958 gratuito
723 2903 863 2946 bonus
882 2911 959 2945 est.
973 2921 995 2939 ι»

329 2971 390 3012 15.
408 2971 478 3011 En
495 2971 664 3012 detrahe
684 2973 823 3012 menti.
848 2971 910 3011 E!
931 2970 1112 3025 Argent.

271 3039 315 3075 et
329 3031 417 3075 duo
429 3033 497 3075 alii
512 3050 522 3083 ;
536 3035 727 3090 quinque
743 3050 844 3078 cum
859 3034 1113 3077 Twisdenio

271 3098 345 3138 nil.
357 3095 506 3140 Scribe
519 3129 530 3149 ‚
547 3102 586 3151 ι’,
601 3101 770 3141 detrahe
783 3115 795 3140 :
809 3114 889 3155 pro
903 3101 1018 3155 quod
1019 3114 1116 3153 pro-

272 3163 384 3206 dest.
410 3161 447 3203 si
479 3161 702 3206 refluxeris
728 3180 805 3218 quo
823 3167 977 3217 prosit,
1012 3162 1116 3205 red-

277 3225 438 3269 dideris
464 3242 635 3269 versum
662 3227 934 3278 molliorem;
963 3227 1116 3270 Amor.

279 3291 352 3336 lib.
377 3291 421 3343 I,
445 3290 512 3333 El.
534 3293 584 3346 4,
606 3307 665 3334 vs.
680 3294 728 3347 57
747 3307 757 3334 ε
775 3309 795 3329 «
813 3292 891 3335 Me
906 3291 1116 3335 miserum

280 3359 455 3410 monui,
469 3372 554 3413 quo
566 3373 720 3412 paucas
731 3357 865 3414 prosit
877 3358 922 3400 in
941 3357 1079 3401 horas.
1094 3377 1116 3395 n

337 3423 396 3467 15.
417 3425 547 3467 Nemo
559 3425 762 3478 petendus
778 3427 868 3467 erit.
887 3423 1031 3466 Nemo
1047 3422 1119 3466 in-

1181 1989 1383 2034 venietur
1410 1990 1485 2048 qui
1505 1987 1610 2034 velit
1638 1988 1848 2033 virtutem
1873 1987 2030 2032 colere.

1190 2076 1195 2085 ·
1240 2055 1300 2099 13.
1337 2056 1557 2110 Computa!
1585 2057 1789 2098 artetum.
1827 2054 2032 2109 subputat

1180 2120 1324 2178 scripti
1346 2120 1559 2164 meliores.
1578 2121 1634 2163 Η.
1648 2120 1918 2163 —Som‘citis
1933 2123 2033 2161 arri·

1181 2191 1301 2231 culis.
1318 2187 1475 2243 Digitis
1495 2187 1684 2230 hominis
1703 2185 1870 2229 solliciti
1889 2193 1933 2228 et
1953 2201 2032 2227 ru-

1182 2253 1281 2296 riosi
1299 2253 1343 2295 in
1357 2252 1671 2295 ratiocinando.
1687 2253 1736 2295 ln
1755 2250 1897 2307 digitis
1910 2249 2032 2293 enim

1182 2317 1451 2372 computatio
1472 2315 1565 2359 fieri
1588 2314 1762 2358 solebat.

1244 2397 1305 2440 ¹9·
1326 2383 1446 2423 Illud
1455 2382 1666 2423 Amic-ime
1684 2382 1890 2435 quondam
1910 2395 2036 2422 tene-

1186 2448 1318 2487 mbe'le
1332 2461 1490 2488 numen.
1512 2444 1583 2488 Sic
1604 2443 1761 2487 Cicero
1780 2477 1791 2497 ,
1814 2447 2031 2493 Fructum,

1188 2509 1330 2565 inquit
1341 2542 1353 2563 ,
1364 2514 1571 2554 amia-ime.
1586 2513 1720 2564 ipsam
1731 2512 1920 2564 intelligo
1932 2513 2036 2551 ami·

1188 2579 1343 2618 citiam.
1357 2598 1411 2607 —
1427 2577 1669 2619 Venerabile
1692 2591 1849 2617 nomen.
1875 2577 2035 2618 Numen

1191 2639 1488 2684 Sarravianus.
1516 2641 1683 2683 limus.

1245 2722 1313 2749 πο.
1340 2708 1521 2748 prostat.
1546 2705 1716 2747 Venale
1739 2714 1803 2748 est
1824 2713 2034 2761 tanquam

1191 2772 1397 2813 meretrix
1417 2787 1426 2812 :
1453 2786 1543 2812 non
1570 2770 1689 2812 enim
1707 2769 1908 2813 homines
1926 2769 2038 2811 ami-

1192 2834 1290 2877 titia
1305 2834 1422 2877 ducti
1434 2866 1446 2887 ,
1465 2835 1625 2877 amicos
1636 2835 1826 2892 eligunt,
1840 2835 1915 2877 sed
1929 2835 2039 2877 utili-

1194 2909 1280 2943 tate
1294 2918 1304 2951 ς
1326 2909 1370 2943 et
1382 2917 1434 2943 eo
1447 2910 1572 2956 pacto
1585 2900 1791 2943 videntur
1805 2900 2038 2943 amicitiam

1193 2964 1448 3021 prostituere
1461 2997 1473 3018 ,
1494 2965 1578 3008 hoc
1589 2973 1676 3018 est,
1693 2963 1744 3006 ad
1760 2965 2038 3008 meretrican-

1195 3030 1300 3073 dum
1322 3029 1528 3085 praebere.
1770 3036 1773 3039 ⁴

1250 3112 1314 3138 ιιι.
1337 3097 1433 3139 Non
1443 3129 1453 3145 ‚
1473 3104 1521 3138 ut
1531 3098 1778 3138 torrentibus
1792 3097 1929 3139 undis.
1941 3095 2037 3137 Non

1196 3175 1288 3202 cum
1304 3160 1531 3203 Barberin.
1546 3160 1661 3216 Lege
1675 3167 1776 3208 non,
1796 3174 1869 3201 ceu
1884 3166 2038 3200 ton-en-

1195 3229 1307 3268 tibus
1324 3229 1460 3268 undelr.
1484 3226 1650 3268 HEINS.

1254 3292 1318 3344 24.
1338 3293 1551 3333 Proxima.
1572 3291 1776 3343 Prospera
1794 3287 1890 3330 duo*
1900 3287 2010 3332 libri.

1253 3356 1317 3398 26.
1328 3357 1568 3412 Dumflam't
1578 3358 1695 3398 wltk.
1704 3355 1831 3397 Fari!
1839 3352 1922 3409 legi
1937 3369 2040 3409 prae·

1199 3421 1354 3465 stiterit
1374 3436 1385 3463 ι
1404 3420 1507 3464 hinc
1533 3424 1651 3464 venti
1657 3420 1854 3475 faventes
1883 3417 2036 3474 passim
