2280 3776
213 301 320 378 490
774 307 948 360 Nm.
994 296 1415 362 HEINSIUS

206 421 355 479 Naso
385 434 562 481 tamen
594 436 840 505 superest
867 424 1046 482 Roma
1072 421 1317 484 latitante
1340 424 1643 498 videndus3

288 517 363 575 Et
387 518 537 577 venit
563 518 620 576 in
652 518 842 579 doctas
872 519 1087 591 creber,
1119 534 1183 579 ut
1208 533 1361 592 ante,
1392 543 1602 582 manus.

212 612 684 697 Contemptorque
710 615 833 694 rogi
860 639 976 675 non
1002 615 1190 676 laesum
1220 631 1465 699 tempore
1495 639 1700 678 nomen
1717 663 1733 689 ‚

288 710 370 769 Ac
396 710 621 770 domino
647 736 831 772 rerum
863 713 1073 773 Caesare
1097 713 1273 793 majus
1301 713 1487 774 habet.
1725 764 1727 767 .
1913 734 1989 789 140

205 806 292 865 Tu
323 831 545 891 quoque
577 808 712 870 dura
738 810 946 881 minUS,
975 834 1093 870 mea
1122 811 1328 893 patria,
1356 811 1577 872 vatibus
1603 835 1766 874 esses·

288 901 510 963 Fallor?
535 929 607 964 an
637 906 921 966 admonita
951 921 1059 966 stat
1088 905 1190 966 tibi
1220 906 1404 966 fronte
1430 908 1643 968 rubor?

208 996 352 1076 Quis
379 999 532 1060 color
561 1017 782 1063 excuset
803 1049 817 1075 ‚
851 1027 973 1085 quae
1002 1002 1235 1063 dedecus
1264 1002 1412 1063 eluat
1438 1004 1632 1065 unda?

294 1096 409 1169 Sit,
444 1123 641 1181 precor
659 1147 673 1171 ‚
704 1101 805 1160 hac
834 1100 990 1161 fastis
1020 1124 1089 1160 ne
1115 1125 1212 1162 sua
1242 1115 1399 1183 parte
1420 1101 1573 1161 fides,

210 1191 309 1254 Ille
336 1196 417 1256 tui
446 1195 700 1279 plausuS‚
733 1212 1001 1280 certaeque
1019 1244 1034 1269 ,
1063 1197 1314 1268 Batavia‚
1347 1195 1538 1259 laudes
1917 1215 1994 1271 145

291 1294 546 1368 Grotius,
579 1296 672 1355 ille
699 1295 815 1378 lyra
844 1296 1146 1368 maximus,
1177 1294 1270 1355 ille
1296 1310 1428 1374 toga
1457 1321 1470 1368 ;
1830 1310 1835 1339 ¹

215 1390 320 1450 Cui
347 1389 426 1450 nil
456 1415 556 1473 par
585 1391 890 1475 meliusque
922 1391 1080 1452 dabis
1098 1438 1114 1463 ‚
1141 1391 1283 1451 nihil
1309 1407 1434 1451 ante
1464 1390 1694 1464 dedisti,

293 1488 468 1547 Actus
497 1488 566 1547 ab
598 1503 812 1550 austera
843 1505 966 1551 tene
993 1504 1219 1573 parente
1244 1511 1374 1550 reus
1399 1491 1423 1549 ?

209 1585 325 1644 Nec
356 1599 504 1645 tenet
534 1586 640 1646 hoc
670 1611 727 1647 se
753 1587 860 1648 fine
883 1587 1036 1648 nefas
1061 1611 1074 1647 :
1100 1586 1328 1666 indigna
1348 1587 1614 1668 jubentur

293 1681 430 1741 Tam
458 1682 595 1742 mihi
627 1684 833 1745 devotae
860 1684 1078 1746 vincula
1107 1684 1248 1746 serre
1272 1707 1484 1745 manus.
1918 1700 1995 1742 150

212 1779 373 1839 Unde
399 1781 700 1842 novercalis
732 1782 914 1844 labem
942 1782 1072 1855 tibi,
1104 1782 1308 1866 patria,
1342 1805 1532 1852 noxae,

294 1880 420 1939 Heu
449 1879 620 1940 oblita
650 1882 758 1942 tui!
791 1906 940 1942 nunc
969 1882 1059 1964 pia
1089 1896 1262 1942 mater
1287 1881 1387 1942 ubi
1413 1882 1536 1942 est?

216 1975 399 2035 Mater
421 1975 520 2035 ubi
548 1979 675 2038 est?
701 1979 773 2038 ad
800 1994 853 2039 te
882 1979 1112 2057 fugitiva
1143 1994 1410 2040 revertere
1441 1993 1646 2049 mater;

297 2070 525 2131 Pectora
554 2072 600 2132 si
627 2095 830 2133 nomen
856 2072 1031 2134 ferrea
1058 2074 1191 2133 mite
1219 2073 1402 2133 trahit.

215 2168 298 2228 Ne
331 2168 467 2227 sciat
494 2168 602 2228 hoc
629 2168 875 2230 infensus
906 2171 1072 2230 Iber:
1101 2170 1346 2230 odiosior
1373 2169 1536 2229 hoste
1567 2190 1654 2228 es:
1739 2229 1741 2233 ,
1926 2183 1999 2223 155

301 2264 456 2324 Caeca
485 2266 640 2326 subis
670 2281 853 2349 partes
880 2266 1030 2327 illius
1048 2315 1062 2339 ‚
1091 2266 1183 2327 ille
1213 2281 1350 2327 tuas·

221 2362 476 2422 Materno
506 2362 751 2446 elapsum
778 2364 870 2424 vix
900 2387 1108 2425 carcere
1137 2363 1297 2436 fovit,
1331 2377 1386 2424 et
1412 2361 1562 2423 ultro

302 2459 529 2520 Obtulit
549 2461 860 2544 hospitium
890 2485 1043 2522 come
1072 2475 1332 2522 cruentus
1357 2459 1502 2519 Iber.

300 2619 388 2651 Mais
405 2619 514 2660 quand
530 2625 601 2650 tout
614 2626 719 2649 meurt
732 2643 743 2658 ‚
765 2619 900 2661 peuples
914 2643 925 2659 ‚
946 2630 1072 2650 monar-
1234 2621 1291 2650 Cet
1305 2618 1426 2661 hymne
1440 2615 1544 2647 meme
1560 2627 1623 2658 que
1636 2613 1781 2657 j'acheve

384 2691 464 2721 ques
482 2703 492 2718 ‚
1233 2680 1285 2712 Ne
1298 2680 1403 2721 perii-a
1417 2679 1511 2721 point
1524 2689 1649 2710 comme
1661 2687 1742 2709 vous
1752 2700 1763 2715 ,

302 2740 445 2772 nombre
456 2741 613 2782 triompbe
631 2742 687 2772 des
699 2742 842 2783 Par-ques
850 2764 869 2782 ,
1233 2741 1335 2772 Vnius
1347 2740 1449 2781 pelais
1457 2764 1468 2779 ‚
1484 2749 1547 2782 que
1561 2739 1590 2770 le
1600 2737 1682 2769 suste
1696 2736 1786 2768 eleve
1794 2761 1805 2776 ,

306 2803 373 2843 Qui
389 2803 619 2844 triompherent
631 2803 765 2834 d’nion.
958 2808 962 2816 ¹
1232 2804 1275 2834 Et
1288 2813 1352 2844 que
1367 2801 1490 2832 deu-uit
1503 2801 1536 2831 le
1552 2806 1633 2831 tems
1648 2800 1772 2842 jnloux.

1236 2865 1327 2894 Vous
1340 2863 1503 2894 tomberez
1519 2861 1696 2904 „marbres
1709 2885 1720 2900 ,
1740 2860 1906 2901 poi-tiques
1920 2882 1929 2897 ,

305 2929 368 2958 Sur
385 2928 431 2957 les
452 2927 561 2956 ruines
572 2926 612 2956 de
623 2925 776 2967 Palmyre
1235 2926 1326 2956 Vous
1342 2925 1421 2956 dont
1434 2925 1480 2955 les
1498 2924 1679 2965 sculptures
1693 2922 1842 2963 antiques

307 2990 444 3019 Saturne
455 2999 474 3018 a
489 2988 638 3028 promene‘
655 2997 689 3016 sa
701 2985 780 3017 faux
795 2998 805 3027 ς
1231 2987 1392 3017 De'corent
1405 2994 1463 3016 nos
1479 2990 1586 3015 vastes
1598 2988 1755 3024 remparts
1767 2994 1778 3023 ;

307 3051 395 3082 Mais
410 3050 432 3081 l’
436 3051 567 3081 univers
584 3059 697 3081 encore
709 3049 833 3079 admire
1236 3048 1279 3078 Et
1291 3047 1332 3077 de
1344 3057 1396 3076 ces
1409 3052 1500 3076 lours
1513 3056 1557 3075 nu
1569 3044 1657 3075 from
1672 3043 1807 3085 superbe
1818 3068 1828 3083 ‚

306 3113 369 3142 Les
381 3112 534 3143 Pindares
550 3119 583 3143 et
598 3113 643 3142 les
657 3111 791 3152 Saphos.
1237 3109 1287 3139 La
1303 3107 1396 3138 Seine
1410 3118 1454 3137 un
1467 3107 1543 3147 jour
1557 3116 1651 3135 verra
1664 3115 1740 3135 sous
1752 3103 1874 3135 l’herbe

306 3174 434 3214 Frappe'
446 3173 486 3203 de
499 3180 582 3204 cette
595 3173 694 3213 gleire
708 3174 864 3203 immense
877 3197 889 3211 ,
1236 3169 1381 3210 Ramper
1395 3175 1470 3198 tous
1482 3167 1528 3197 les
1541 3165 1650 3197 debris
1662 3167 1767 3207 ἕρπε.

308 3236 356 3266 Le
370 3234 500 3264 sameux
513 3235 695 3275 vainquem·
706 3233 747 3264 de
762 3233 931 3265 Numance
940 3257 951 3272 ,
1376 3269 1382 3277 ⁴.

309 3297 372 3328 Par
386 3301 454 3325 tant
469 3295 508 3325 de
522 3295 644 3335 paimes
656 3294 785 3326 ennobli
794 3319 806 3334 ,
1238 3290 1327 3322 Mais
1343 3296 1413 3320 tant
1428 3300 1492 3331 que
1507 3299 1565 3319 son
1581 3287 1662 3319 onde
1674 3286 1823 3319 charme'e

271 3375 273 3377 >
312 3357 436 3389 Voulut
448 3356 546 3397 qu'en
560 3366 594 3385 sa
609 3356 717 3386 tombe
727 3355 866 3386 honoree
874 3379 885 3394 ,
1238 3353 1398 3392 Baignera
1413 3351 1558 3391 l’empire
1570 3349 1625 3380 des
1639 3348 1678 3378 lis
1693 3372 1704 3386 ‚

311 3418 480 3450 D’Ennius
493 3418 620 3457 l'image
633 3418 741 3447 §neree
1239 3415 1290 3445 De
1306 3424 1358 3442 ma
1374 3411 1501 3443 tan-dive
1514 3410 1696 3441 renomme'e

312 3480 361 3510 Le
373 3478 536 3520 protege&
548 3485 658 3510 contre
678 3477 806 3510 l'oubli.
1244 3475 1300 3505 Ses
1311 3472 1411 3505 sanes
1426 3478 1532 3504 serent
1543 3469 1690 3503 embenis
1702 3492 1713 3508 ‚
1730 3467 1801 3500 etc?
