<?xml version="1.0" encoding="UTF-8"?>
<!DOCTYPE html PUBLIC "-//W3C//DTD XHTML 1.0 Transitional//EN"
    "http://www.w3.org/TR/xhtml1/DTD/xhtml1-transitional.dtd">
<html xmlns="http://www.w3.org/1999/xhtml" xml:lang="en" lang="en">
 <head>
  <title>
</title>
<meta http-equiv="Content-Type" content="text/html;charset=utf-8" />
  <meta name='ocr-system' content='tesseract 3.04.00' />
  <meta name='ocr-capabilities' content='ocr_page ocr_carea ocr_par ocr_line ocrx_word'/>
</head>
<body>
  <div class='ocr_page' id='page_1' title='image "./quaeextantomniao07oviduoft_0239.png"; bbox 0 0 2280 3776; ppageno 0'>
   <div class='ocr_carea' id='block_1_1' title="bbox 0 659 76 3776">
    <p class='ocr_par' dir='ltr' id='par_1_1' title="bbox 0 659 76 3776">
     <span class='ocr_line' id='line_1_1' title="bbox 0 659 76 3776; baseline 0 0"><span class='ocrx_word' id='word_1_1' title='bbox 0 659 76 3776; x_wconf 95' lang='lat' dir='ltr'><strong> </strong></span> 
     </span>
    </p>
   </div>
   <div class='ocr_carea' id='block_1_2' title="bbox 543 259 2050 323">
    <p class='ocr_par' dir='ltr' id='par_1_2' title="bbox 543 259 2050 323">
     <span class='ocr_line' id='line_1_2' title="bbox 543 259 2050 323; baseline 0.005 -7"><span class='ocrx_word' id='word_1_2' title='bbox 543 260 981 317; x_wconf 89' lang='lat' dir='ltr'>TRISTIUM</span> <span class='ocrx_word' id='word_1_3' title='bbox 1028 260 1190 314; x_wconf 93' lang='lat' dir='ltr'><strong>LIB.</strong></span> <span class='ocrx_word' id='word_1_4' title='bbox 1239 259 1314 315; x_wconf 91' lang='lat' dir='ltr'><strong>V.</strong></span> <span class='ocrx_word' id='word_1_5' title='bbox 1366 260 1604 317; x_wconf 89' lang='lat' dir='ltr'><strong>ELEG.</strong></span> <span class='ocrx_word' id='word_1_6' title='bbox 1644 264 1793 319; x_wconf 91' lang='lat' dir='ltr'><strong>VII.</strong></span> <span class='ocrx_word' id='word_1_7' title='bbox 1946 270 2050 323; x_wconf 73' lang='lat'><strong>225</strong></span> 
     </span>
    </p>
   </div>
   <div class='ocr_carea' id='block_1_3' title="bbox 298 377 2088 2290">
    <p class='ocr_par' dir='ltr' id='par_1_3' title="bbox 298 377 2088 2290">
     <span class='ocr_line' id='line_1_3' title="bbox 377 377 1550 459; baseline 0 -21"><span class='ocrx_word' id='word_1_8' title='bbox 377 377 621 438; x_wconf 88' lang='lat' dir='ltr'><strong>Candida</strong></span> <span class='ocrx_word' id='word_1_9' title='bbox 646 378 878 438; x_wconf 84' lang='lat' dir='ltr'><strong>sortunae</strong></span> <span class='ocrx_word' id='word_1_10' title='bbox 907 399 1032 459; x_wconf 90' lang='lat' dir='ltr'><strong>pars</strong></span> <span class='ocrx_word' id='word_1_11' title='bbox 1059 390 1244 436; x_wconf 88' lang='lat' dir='ltr'><strong>manet</strong></span> <span class='ocrx_word' id='word_1_12' title='bbox 1269 399 1376 436; x_wconf 85' lang='lat' dir='ltr'><strong>una</strong></span> <span class='ocrx_word' id='word_1_13' title='bbox 1403 398 1550 438; x_wconf 82' lang='lat' dir='ltr'><strong>meae.</strong></span> 
     </span>
     <span class='ocr_line' id='line_1_4' title="bbox 298 469 2059 555; baseline 0.004 -26"><span class='ocrx_word' id='word_1_14' title='bbox 298 470 539 545; x_wconf 83' lang='lat' dir='ltr'>Scilicet,</span> <span class='ocrx_word' id='word_1_15' title='bbox 569 485 632 531; x_wconf 87' lang='lat' dir='ltr'><strong>ut</strong></span> <span class='ocrx_word' id='word_1_16' title='bbox 661 494 896 553; x_wconf 80' lang='lat' dir='ltr'><strong>semper,</strong></span> <span class='ocrx_word' id='word_1_17' title='bbox 930 469 1062 552; x_wconf 92' lang='lat' dir='ltr'><strong>quid</strong></span> <span class='ocrx_word' id='word_1_18' title='bbox 1088 493 1272 548; x_wconf 89' lang='lat' dir='ltr'><strong>agam,</strong></span> <span class='ocrx_word' id='word_1_19' title='bbox 1304 469 1606 547; x_wconf 78' lang='lat' dir='ltr'>carissime,</span> <span class='ocrx_word' id='word_1_20' title='bbox 1639 474 1866 555; x_wconf 81' lang='lat' dir='ltr'><strong>quaeris3</strong></span> <span class='ocrx_word' id='word_1_21' title='bbox 2035 496 2059 536; x_wconf 87' lang='lat'><strong>5</strong></span> 
     </span>
     <span class='ocr_line' id='line_1_5' title="bbox 380 564 1604 651; baseline 0.002 -24"><span class='ocrx_word' id='word_1_22' title='bbox 380 567 645 647; x_wconf 79' lang='lat' dir='ltr'><strong>Quamvis</strong></span> <span class='ocrx_word' id='word_1_23' title='bbox 675 566 779 627; x_wconf 91' lang='lat' dir='ltr'><strong>hoc</strong></span> <span class='ocrx_word' id='word_1_24' title='bbox 805 564 889 626; x_wconf 86' lang='lat' dir='ltr'><strong>vel</strong></span> <span class='ocrx_word' id='word_1_25' title='bbox 918 590 1000 626; x_wconf 91' lang='lat' dir='ltr'><strong>me</strong></span> <span class='ocrx_word' id='word_1_26' title='bbox 1029 565 1165 626; x_wconf 88' lang='lat' dir='ltr'><strong>scire</strong></span> <span class='ocrx_word' id='word_1_27' title='bbox 1196 580 1404 626; x_wconf 88' lang='lat' dir='ltr'><strong>tacente</strong></span> <span class='ocrx_word' id='word_1_28' title='bbox 1428 582 1604 651; x_wconf 90' lang='lat' dir='ltr'><strong>potes.</strong></span> 
     </span>
     <span class='ocr_line' id='line_1_6' title="bbox 301 664 2022 732; baseline 0.005 -8"><span class='ocrx_word' id='word_1_29' title='bbox 301 665 436 726; x_wconf 87' lang='lat' dir='ltr'><strong>Sum</strong></span> <span class='ocrx_word' id='word_1_30' title='bbox 456 665 621 726; x_wconf 90' lang='lat' dir='ltr'><strong>miser</strong></span> <span class='ocrx_word' id='word_1_31' title='bbox 646 689 657 724; x_wconf 93' lang='lat'><strong>:</strong></span> <span class='ocrx_word' id='word_1_32' title='bbox 683 665 795 725; x_wconf 86' lang='lat' dir='ltr'><strong>haec</strong></span> <span class='ocrx_word' id='word_1_33' title='bbox 824 664 1006 725; x_wconf 89' lang='lat' dir='ltr'><strong>brevis</strong></span> <span class='ocrx_word' id='word_1_34' title='bbox 1033 678 1117 725; x_wconf 89' lang='lat' dir='ltr'><strong>est</strong></span> <span class='ocrx_word' id='word_1_35' title='bbox 1144 678 1459 725; x_wconf 88' lang='lat' dir='ltr'><strong>nostrorum</strong></span> <span class='ocrx_word' id='word_1_36' title='bbox 1487 690 1695 729; x_wconf 91' lang='lat' dir='ltr'><strong>summa</strong></span> <span class='ocrx_word' id='word_1_37' title='bbox 1720 667 1986 731; x_wconf 89' lang='lat' dir='ltr'><strong>malorum</strong></span> <span class='ocrx_word' id='word_1_38' title='bbox 2009 697 2022 732; x_wconf 89' lang='grc'>;</span> 
     </span>
     <span class='ocr_line' id='line_1_7' title="bbox 384 759 1569 844; baseline 0.001 -23"><span class='ocrx_word' id='word_1_39' title='bbox 384 760 656 844; x_wconf 83' lang='lat' dir='ltr'><strong>Quisquis</strong></span> <span class='ocrx_word' id='word_1_40' title='bbox 684 775 738 821; x_wconf 89' lang='lat' dir='ltr'><strong>et</strong></span> <span class='ocrx_word' id='word_1_41' title='bbox 766 759 979 821; x_wconf 85' lang='lat' dir='ltr'><strong>offenso</strong></span> <span class='ocrx_word' id='word_1_42' title='bbox 1011 760 1219 821; x_wconf 84' lang='lat' dir='ltr'><strong>Caesare</strong></span> <span class='ocrx_word' id='word_1_43' title='bbox 1248 759 1420 833; x_wconf 85' lang='lat' dir='ltr'><strong>vivet,</strong></span> <span class='ocrx_word' id='word_1_44' title='bbox 1451 762 1569 822; x_wconf 87' lang='lat' dir='ltr'><strong>erit.</strong></span> 
     </span>
     <span class='ocr_line' id='line_1_8' title="bbox 302 855 1629 940; baseline 0.002 -24"><span class='ocrx_word' id='word_1_45' title='bbox 302 856 493 917; x_wconf 87' lang='lat' dir='ltr'><strong>Turba</strong></span> <span class='ocrx_word' id='word_1_46' title='bbox 521 857 824 917; x_wconf 86' lang='lat' dir='ltr'><strong>Tomitanae</strong></span> <span class='ocrx_word' id='word_1_47' title='bbox 853 880 972 940; x_wconf 83' lang='lat' dir='ltr'><strong>quae</strong></span> <span class='ocrx_word' id='word_1_48' title='bbox 1001 855 1074 918; x_wconf 89' lang='lat' dir='ltr'><strong>sit</strong></span> <span class='ocrx_word' id='word_1_49' title='bbox 1100 856 1373 935; x_wconf 76' lang='lat' dir='ltr'><strong>regioniS,</strong></span> <span class='ocrx_word' id='word_1_50' title='bbox 1405 873 1457 918; x_wconf 88' lang='lat' dir='ltr'><strong>et</strong></span> <span class='ocrx_word' id='word_1_51' title='bbox 1486 858 1629 921; x_wconf 87' lang='lat' dir='ltr'><strong>inter</strong></span> 
     </span>
     <span class='ocr_line' id='line_1_9' title="bbox 386 954 2071 1033; baseline 0.004 -20"><span class='ocrx_word' id='word_1_52' title='bbox 386 954 546 1033; x_wconf 85' lang='lat' dir='ltr'><strong>Quos</strong></span> <span class='ocrx_word' id='word_1_53' title='bbox 572 954 816 1015; x_wconf 86' lang='lat' dir='ltr'><strong>habitem</strong></span> <span class='ocrx_word' id='word_1_54' title='bbox 846 978 1060 1027; x_wconf 87' lang='lat' dir='ltr'><strong>mores,</strong></span> <span class='ocrx_word' id='word_1_55' title='bbox 1094 954 1297 1015; x_wconf 87' lang='lat' dir='ltr'><strong>discere</strong></span> <span class='ocrx_word' id='word_1_56' title='bbox 1327 979 1453 1016; x_wconf 89' lang='lat' dir='ltr'><strong>cura</strong></span> <span class='ocrx_word' id='word_1_57' title='bbox 1482 957 1584 1017; x_wconf 91' lang='lat' dir='ltr'><strong>tibi</strong></span> <span class='ocrx_word' id='word_1_58' title='bbox 1611 960 1740 1019; x_wconf 87' lang='lat' dir='ltr'><strong>est?</strong></span> <span class='ocrx_word' id='word_1_59' title='bbox 2022 994 2071 1023; x_wconf 77' lang='grc' dir='ltr'><strong>ιο</strong></span> 
     </span>
     <span class='ocr_line' id='line_1_10' title="bbox 305 1046 1821 1138; baseline 0.005 -29"><span class='ocrx_word' id='word_1_60' title='bbox 305 1046 473 1110; x_wconf 87' lang='lat' dir='ltr'><strong>Mista</strong></span> <span class='ocrx_word' id='word_1_61' title='bbox 505 1050 576 1110; x_wconf 88' lang='lat' dir='ltr'><strong>sit</strong></span> <span class='ocrx_word' id='word_1_62' title='bbox 602 1050 715 1111; x_wconf 87' lang='lat' dir='ltr'><strong>haec</strong></span> <span class='ocrx_word' id='word_1_63' title='bbox 749 1051 994 1133; x_wconf 83' lang='lat' dir='ltr'><strong>quamvis</strong></span> <span class='ocrx_word' id='word_1_64' title='bbox 1016 1050 1159 1111; x_wconf 87' lang='lat' dir='ltr'><strong>inter</strong></span> <span class='ocrx_word' id='word_1_65' title='bbox 1181 1052 1486 1135; x_wconf 83' lang='lat' dir='ltr'><strong>Graiosque</strong></span> <span class='ocrx_word' id='word_1_66' title='bbox 1518 1054 1821 1138; x_wconf 84' lang='lat' dir='ltr'><strong>Getasque,</strong></span> 
     </span>
     <span class='ocr_line' id='line_1_11' title="bbox 386 1145 1521 1230; baseline 0.004 -26"><span class='ocrx_word' id='word_1_67' title='bbox 386 1145 438 1204; x_wconf 86' lang='lat' dir='ltr'>A</span> <span class='ocrx_word' id='word_1_68' title='bbox 465 1145 603 1207; x_wconf 87' lang='lat' dir='ltr'><strong>male</strong></span> <span class='ocrx_word' id='word_1_69' title='bbox 633 1147 841 1229; x_wconf 79' lang='lat' dir='ltr'><strong>pacatis</strong></span> <span class='ocrx_word' id='word_1_70' title='bbox 870 1146 997 1230; x_wconf 91' lang='lat' dir='ltr'><strong>plus</strong></span> <span class='ocrx_word' id='word_1_71' title='bbox 1028 1147 1195 1208; x_wconf 84' lang='lat' dir='ltr'><strong>trahit</strong></span> <span class='ocrx_word' id='word_1_72' title='bbox 1225 1172 1318 1209; x_wconf 91' lang='lat' dir='ltr'><strong>ora</strong></span> <span class='ocrx_word' id='word_1_73' title='bbox 1352 1149 1521 1210; x_wconf 87' lang='lat' dir='ltr'><strong>Getis.</strong></span> 
     </span>
     <span class='ocr_line' id='line_1_12' title="bbox 306 1238 1695 1326; baseline 0.006 -27"><span class='ocrx_word' id='word_1_74' title='bbox 306 1238 613 1302; x_wconf 80' lang='lat' dir='ltr'><strong>Sarmaticae</strong></span> <span class='ocrx_word' id='word_1_75' title='bbox 642 1243 815 1325; x_wconf 90' lang='lat' dir='ltr'><strong>major</strong></span> <span class='ocrx_word' id='word_1_76' title='bbox 845 1243 1155 1326; x_wconf 71' lang='lat' dir='ltr'><strong>Geticaeque</strong></span> <span class='ocrx_word' id='word_1_77' title='bbox 1180 1244 1484 1326; x_wconf 79' lang='lat' dir='ltr'><strong>frequentia</strong></span> <span class='ocrx_word' id='word_1_78' title='bbox 1518 1247 1695 1324; x_wconf 81' lang='lat' dir='ltr'><strong>gentis</strong></span> 
     </span>
     <span class='ocr_line' id='line_1_13' title="bbox 386 1338 1636 1426; baseline 0.005 -28"><span class='ocrx_word' id='word_1_79' title='bbox 386 1338 494 1399; x_wconf 89' lang='lat' dir='ltr'><strong>Per</strong></span> <span class='ocrx_word' id='word_1_80' title='bbox 518 1340 721 1401; x_wconf 87' lang='lat' dir='ltr'><strong>medias</strong></span> <span class='ocrx_word' id='word_1_81' title='bbox 752 1340 810 1400; x_wconf 91' lang='lat' dir='ltr'><strong>in</strong></span> <span class='ocrx_word' id='word_1_82' title='bbox 839 1341 995 1424; x_wconf 90' lang='lat' dir='ltr'><strong>equis</strong></span> <span class='ocrx_word' id='word_1_83' title='bbox 1025 1341 1180 1424; x_wconf 90' lang='lat' dir='ltr'><strong>itque</strong></span> <span class='ocrx_word' id='word_1_84' title='bbox 1207 1342 1458 1426; x_wconf 90' lang='lat' dir='ltr'><strong>reditque</strong></span> <span class='ocrx_word' id='word_1_85' title='bbox 1486 1343 1636 1404; x_wconf 86' lang='lat' dir='ltr'><strong>vias:</strong></span> 
     </span>
     <span class='ocr_line' id='line_1_14' title="bbox 307 1435 2077 1522; baseline 0.004 -27"><span class='ocrx_word' id='word_1_86' title='bbox 307 1435 373 1496; x_wconf 87' lang='lat' dir='ltr'><strong>In</strong></span> <span class='ocrx_word' id='word_1_87' title='bbox 405 1435 610 1518; x_wconf 88' lang='lat' dir='ltr'><strong>quibus</strong></span> <span class='ocrx_word' id='word_1_88' title='bbox 641 1451 728 1499; x_wconf 86' lang='lat' dir='ltr'><strong>est</strong></span> <span class='ocrx_word' id='word_1_89' title='bbox 758 1461 953 1509; x_wconf 89' lang='lat' dir='ltr'><strong>nemo,</strong></span> <span class='ocrx_word' id='word_1_90' title='bbox 986 1438 1081 1520; x_wconf 89' lang='lat' dir='ltr'><strong>qui</strong></span> <span class='ocrx_word' id='word_1_91' title='bbox 1109 1461 1222 1497; x_wconf 88' lang='lat' dir='ltr'><strong>non</strong></span> <span class='ocrx_word' id='word_1_92' title='bbox 1251 1453 1509 1522; x_wconf 83' lang='lat' dir='ltr'><strong>coryton,</strong></span> <span class='ocrx_word' id='word_1_93' title='bbox 1543 1455 1598 1500; x_wconf 86' lang='lat' dir='ltr'><strong>et</strong></span> <span class='ocrx_word' id='word_1_94' title='bbox 1620 1464 1835 1514; x_wconf 90' lang='lat' dir='ltr'><strong>arcum,</strong></span> <span class='ocrx_word' id='word_1_95' title='bbox 2029 1462 2077 1504; x_wconf 79' lang='lat'><strong>15</strong></span> 
     </span>
     <span class='ocr_line' id='line_1_15' title="bbox 390 1530 1423 1617; baseline 0.005 -26"><span class='ocrx_word' id='word_1_96' title='bbox 390 1530 631 1615; x_wconf 82' lang='lat' dir='ltr'><strong>Telaque</strong></span> <span class='ocrx_word' id='word_1_97' title='bbox 659 1533 876 1617; x_wconf 90' lang='lat' dir='ltr'><strong>vipereo</strong></span> <span class='ocrx_word' id='word_1_98' title='bbox 903 1532 1081 1594; x_wconf 87' lang='lat' dir='ltr'><strong>lurida</strong></span> <span class='ocrx_word' id='word_1_99' title='bbox 1104 1533 1228 1594; x_wconf 90' lang='lat' dir='ltr'><strong>felle</strong></span> <span class='ocrx_word' id='word_1_100' title='bbox 1257 1551 1423 1613; x_wconf 84' lang='lat' dir='ltr'><strong>gerat.</strong></span> 
     </span>
     <span class='ocr_line' id='line_1_16' title="bbox 311 1627 1776 1712; baseline 0.005 -25"><span class='ocrx_word' id='word_1_101' title='bbox 311 1627 436 1687; x_wconf 84' lang='lat' dir='ltr'><strong>Vox</strong></span> <span class='ocrx_word' id='word_1_102' title='bbox 462 1627 605 1700; x_wconf 86' lang='lat' dir='ltr'><strong>fera,</strong></span> <span class='ocrx_word' id='word_1_103' title='bbox 640 1642 765 1689; x_wconf 86' lang='lat' dir='ltr'><strong>trux</strong></span> <span class='ocrx_word' id='word_1_104' title='bbox 794 1628 1004 1700; x_wconf 81' lang='lat' dir='ltr'><strong>vultuS,</strong></span> <span class='ocrx_word' id='word_1_105' title='bbox 1035 1630 1311 1691; x_wconf 89' lang='lat' dir='ltr'><strong>verissima</strong></span> <span class='ocrx_word' id='word_1_106' title='bbox 1339 1633 1538 1693; x_wconf 88' lang='lat' dir='ltr'><strong>Martis</strong></span> <span class='ocrx_word' id='word_1_107' title='bbox 1563 1633 1776 1712; x_wconf 79' lang='lat' dir='ltr'><strong>imag03</strong></span> 
     </span>
     <span class='ocr_line' id='line_1_17' title="bbox 394 1724 1682 1800; baseline 0.002 -13"><span class='ocrx_word' id='word_1_108' title='bbox 394 1727 522 1787; x_wconf 89' lang='lat' dir='ltr'><strong>Non</strong></span> <span class='ocrx_word' id='word_1_109' title='bbox 549 1751 702 1787; x_wconf 91' lang='lat' dir='ltr'><strong>coma</strong></span> <span class='ocrx_word' id='word_1_110' title='bbox 721 1774 734 1800; x_wconf 89' lang='lat'><strong>,</strong></span> <span class='ocrx_word' id='word_1_111' title='bbox 766 1750 880 1786; x_wconf 85' lang='lat' dir='ltr'><strong>non</strong></span> <span class='ocrx_word' id='word_1_112' title='bbox 908 1724 1018 1786; x_wconf 88' lang='lat' dir='ltr'><strong>ulla</strong></span> <span class='ocrx_word' id='word_1_113' title='bbox 1048 1727 1228 1788; x_wconf 57' lang='lat' dir='ltr'><strong>barba*</strong></span> <span class='ocrx_word' id='word_1_114' title='bbox 1249 1743 1644 1791; x_wconf 83' lang='lat' dir='ltr'><strong>resectamanu</strong></span> <span class='ocrx_word' id='word_1_115' title='bbox 1670 1756 1682 1790; x_wconf 90' lang='lat'>:</span> 
     </span>
     <span class='ocr_line' id='line_1_18' title="bbox 313 1822 1679 1901; baseline 0.004 -20"><span class='ocrx_word' id='word_1_116' title='bbox 313 1822 551 1884; x_wconf 85' lang='lat' dir='ltr'><strong>Dextera</strong></span> <span class='ocrx_word' id='word_1_117' title='bbox 579 1847 696 1883; x_wconf 88' lang='lat' dir='ltr'><strong>non</strong></span> <span class='ocrx_word' id='word_1_118' title='bbox 729 1823 912 1901; x_wconf 88' lang='lat' dir='ltr'><strong>segnis</strong></span> <span class='ocrx_word' id='word_1_119' title='bbox 937 1822 1046 1883; x_wconf 86' lang='lat' dir='ltr'><strong>fixo</strong></span> <span class='ocrx_word' id='word_1_120' title='bbox 1076 1823 1202 1884; x_wconf 91' lang='lat' dir='ltr'><strong>dare</strong></span> <span class='ocrx_word' id='word_1_121' title='bbox 1230 1825 1453 1886; x_wconf 88' lang='lat' dir='ltr'><strong>vulnera</strong></span> <span class='ocrx_word' id='word_1_122' title='bbox 1474 1826 1679 1900; x_wconf 88' lang='lat' dir='ltr'><strong>cultro,</strong></span> 
     </span>
     <span class='ocr_line' id='line_1_19' title="bbox 397 1915 2088 1998; baseline 0.004 -21"><span class='ocrx_word' id='word_1_123' title='bbox 397 1917 578 1998; x_wconf 85' lang='lat' dir='ltr'><strong>Quem</strong></span> <span class='ocrx_word' id='word_1_124' title='bbox 607 1917 849 1977; x_wconf 85' lang='lat' dir='ltr'><strong>vinctum</strong></span> <span class='ocrx_word' id='word_1_125' title='bbox 879 1915 1034 1978; x_wconf 90' lang='lat' dir='ltr'><strong>lateri</strong></span> <span class='ocrx_word' id='word_1_126' title='bbox 1060 1917 1332 1979; x_wconf 87' lang='lat' dir='ltr'><strong>barbarus</strong></span> <span class='ocrx_word' id='word_1_127' title='bbox 1361 1919 1541 1982; x_wconf 89' lang='lat' dir='ltr'><strong>omnis</strong></span> <span class='ocrx_word' id='word_1_128' title='bbox 1568 1921 1752 1984; x_wconf 85' lang='lat' dir='ltr'><strong>habet.</strong></span> <span class='ocrx_word' id='word_1_129' title='bbox 2035 1956 2088 1984; x_wconf 60' lang='grc' dir='ltr'><strong>τω</strong></span> 
     </span>
     <span class='ocr_line' id='line_1_20' title="bbox 314 2011 1797 2094; baseline 0.005 -21"><span class='ocrx_word' id='word_1_130' title='bbox 314 2011 468 2084; x_wconf 70' lang='lat' dir='ltr'><strong>Vivit</strong></span> <span class='ocrx_word' id='word_1_131' title='bbox 495 2013 552 2072; x_wconf 89' lang='lat' dir='ltr'><strong>in</strong></span> <span class='ocrx_word' id='word_1_132' title='bbox 579 2012 668 2073; x_wconf 85' lang='lat' dir='ltr'><strong>his</strong></span> <span class='ocrx_word' id='word_1_133' title='bbox 685 2058 699 2086; x_wconf 91' lang='lat'><strong>‚</strong></span> <span class='ocrx_word' id='word_1_134' title='bbox 734 2012 904 2073; x_wconf 85' lang='lat' dir='ltr'><strong>eheu!</strong></span> <span class='ocrx_word' id='word_1_135' title='bbox 937 2026 1247 2074; x_wconf 90' lang='lat' dir='ltr'><strong>tenerorum</strong></span> <span class='ocrx_word' id='word_1_136' title='bbox 1279 2014 1489 2078; x_wconf 88' lang='lat' dir='ltr'><strong>oblitus</strong></span> <span class='ocrx_word' id='word_1_137' title='bbox 1518 2041 1764 2081; x_wconf 87' lang='lat' dir='ltr'><strong>amorum</strong></span> <span class='ocrx_word' id='word_1_138' title='bbox 1783 2068 1797 2094; x_wconf 92' lang='lat'><strong>,</strong></span> 
     </span>
     <span class='ocr_line' id='line_1_21' title="bbox 379 2109 1686 2188; baseline 0.005 -18"><span class='ocrx_word' id='word_1_139' title='bbox 379 2110 517 2183; x_wconf 19' lang='lat' dir='ltr'><strong>*Hos</strong></span> <span class='ocrx_word' id='word_1_140' title='bbox 543 2109 723 2183; x_wconf 85' lang='lat' dir='ltr'><strong>videt,</strong></span> <span class='ocrx_word' id='word_1_141' title='bbox 753 2109 860 2170; x_wconf 87' lang='lat' dir='ltr'><strong>hos</strong></span> <span class='ocrx_word' id='word_1_142' title='bbox 889 2124 1039 2171; x_wconf 85' lang='lat' dir='ltr'><strong>vates</strong></span> <span class='ocrx_word' id='word_1_143' title='bbox 1070 2110 1255 2185; x_wconf 87' lang='lat' dir='ltr'><strong>audit,</strong></span> <span class='ocrx_word' id='word_1_144' title='bbox 1283 2114 1451 2176; x_wconf 87' lang='lat' dir='ltr'><strong>amice</strong></span> <span class='ocrx_word' id='word_1_145' title='bbox 1471 2162 1487 2188; x_wconf 88' lang='lat'><strong>,</strong></span> <span class='ocrx_word' id='word_1_146' title='bbox 1519 2130 1648 2177; x_wconf 91' lang='lat' dir='ltr'><strong>tuus</strong></span> <span class='ocrx_word' id='word_1_147' title='bbox 1673 2120 1686 2177; x_wconf 86' lang='lat'>!</span> 
     </span>
     <span class='ocr_line' id='line_1_22' title="bbox 315 2205 1764 2290; baseline 0.005 -23"><span class='ocrx_word' id='word_1_148' title='bbox 315 2208 500 2290; x_wconf 85' lang='lat' dir='ltr'><strong>Atque</strong></span> <span class='ocrx_word' id='word_1_149' title='bbox 529 2205 740 2267; x_wconf 87' lang='lat' dir='ltr'><strong>utinam</strong></span> <span class='ocrx_word' id='word_1_150' title='bbox 769 2205 938 2279; x_wconf 87' lang='lat' dir='ltr'><strong>vivat,</strong></span> <span class='ocrx_word' id='word_1_151' title='bbox 972 2206 1068 2267; x_wconf 89' lang='lat' dir='ltr'><strong>sed</strong></span> <span class='ocrx_word' id='word_1_152' title='bbox 1098 2230 1213 2267; x_wconf 89' lang='lat' dir='ltr'><strong>non</strong></span> <span class='ocrx_word' id='word_1_153' title='bbox 1242 2211 1510 2272; x_wconf 89' lang='lat' dir='ltr'><strong>moriatur</strong></span> <span class='ocrx_word' id='word_1_154' title='bbox 1537 2213 1594 2273; x_wconf 88' lang='lat' dir='ltr'><strong>in</strong></span> <span class='ocrx_word' id='word_1_155' title='bbox 1622 2213 1764 2275; x_wconf 88' lang='lat' dir='ltr'><strong>illis!</strong></span> 
     </span>
    </p>
   </div>
   <div class='ocr_carea' id='block_1_4' title="bbox 318 2344 1173 3428">
    <p class='ocr_par' dir='ltr' id='par_1_4' title="bbox 318 2344 1170 2467">
     <span class='ocr_line' id='line_1_23' title="bbox 357 2344 1170 2402; baseline -0.002 -12"><span class='ocrx_word' id='word_1_156' title='bbox 357 2347 398 2390; x_wconf 86' lang='grc'><strong>8.</strong></span> <span class='ocrx_word' id='word_1_157' title='bbox 423 2347 620 2402; x_wconf 73' lang='lat' dir='ltr'><strong>Quisquis</strong></span> <span class='ocrx_word' id='word_1_158' title='bbox 630 2353 672 2388; x_wconf 79' lang='lat' dir='ltr'><strong>et</strong></span> <span class='ocrx_word' id='word_1_159' title='bbox 681 2344 846 2400; x_wconf 77' lang='lat' dir='ltr'><strong>offi&#39;nso</strong></span> <span class='ocrx_word' id='word_1_160' title='bbox 864 2347 1045 2389; x_wconf 80' lang='lat' dir='ltr'><strong>Coesare.</strong></span> <span class='ocrx_word' id='word_1_161' title='bbox 1059 2347 1170 2389; x_wconf 87' lang='lat' dir='ltr'><strong>Ver-</strong></span> 
     </span>
     <span class='ocr_line' id='line_1_24' title="bbox 318 2409 893 2467; baseline -0.005 -14"><span class='ocrx_word' id='word_1_162' title='bbox 318 2426 389 2454; x_wconf 81' lang='lat' dir='ltr'><strong>sus</strong></span> <span class='ocrx_word' id='word_1_163' title='bbox 409 2425 564 2467; x_wconf 84' lang='lat' dir='ltr'><strong>parum</strong></span> <span class='ocrx_word' id='word_1_164' title='bbox 585 2409 815 2465; x_wconf 78' lang='lat' dir='ltr'><strong>adpositus.</strong></span> <span class='ocrx_word' id='word_1_165' title='bbox 833 2410 893 2452; x_wconf 89' lang='lat' dir='ltr'><strong>H.</strong></span> 
     </span>
    </p>

    <p class='ocr_par' dir='ltr' id='par_1_5' title="bbox 322 2474 1169 2717">
     <span class='ocr_line' id='line_1_25' title="bbox 352 2474 1169 2531; baseline -0.002 -13"><span class='ocrx_word' id='word_1_166' title='bbox 352 2523 355 2526; x_wconf 47' lang='grc'>,</span> <span class='ocrx_word' id='word_1_167' title='bbox 378 2491 395 2519; x_wconf 86' lang='lat'>1</span> <span class='ocrx_word' id='word_1_168' title='bbox 408 2492 422 2518; x_wconf 84' lang='grc' dir='ltr'>ι</span> <span class='ocrx_word' id='word_1_169' title='bbox 430 2507 440 2518; x_wconf 94' lang='grc'><strong>.</strong></span> <span class='ocrx_word' id='word_1_170' title='bbox 452 2477 568 2518; x_wconf 81' lang='lat' dir='ltr'><strong>Inter</strong></span> <span class='ocrx_word' id='word_1_171' title='bbox 582 2476 828 2531; x_wconf 80' lang='lat' dir='ltr'><strong>Gra-cosque</strong></span> <span class='ocrx_word' id='word_1_172' title='bbox 840 2477 1060 2530; x_wconf 80' lang='lat' dir='ltr'><strong>Getasque.</strong></span> <span class='ocrx_word' id='word_1_173' title='bbox 1073 2474 1169 2516; x_wconf 87' lang='lat' dir='ltr'><strong>Ma-</strong></span> 
     </span>
     <span class='ocr_line' id='line_1_26' title="bbox 323 2539 1165 2597; baseline -0.001 -14"><span class='ocrx_word' id='word_1_174' title='bbox 323 2541 367 2583; x_wconf 89' lang='lat' dir='ltr'><strong>lo</strong></span> <span class='ocrx_word' id='word_1_175' title='bbox 380 2543 615 2597; x_wconf 76' lang='lat' dir='ltr'><strong>Graiosque</strong></span> <span class='ocrx_word' id='word_1_176' title='bbox 622 2555 724 2584; x_wconf 87' lang='lat' dir='ltr'><strong>cum</strong></span> <span class='ocrx_word' id='word_1_177' title='bbox 736 2539 881 2584; x_wconf 82' lang='lat' dir='ltr'><strong>codice</strong></span> <span class='ocrx_word' id='word_1_178' title='bbox 903 2539 1092 2584; x_wconf 88' lang='lat' dir='ltr'><strong>Combii.</strong></span> <span class='ocrx_word' id='word_1_179' title='bbox 1107 2540 1165 2583; x_wconf 77' lang='lat' dir='ltr'><strong>H.</strong></span> 
     </span>
     <span class='ocr_line' id='line_1_27' title="bbox 322 2604 1165 2661; baseline -0.002 -13"><span class='ocrx_word' id='word_1_180' title='bbox 322 2629 377 2638; x_wconf 91' lang='lat'>—</span> <span class='ocrx_word' id='word_1_181' title='bbox 387 2608 502 2650; x_wconf 79' lang='lat' dir='ltr'><strong>Inter</strong></span> <span class='ocrx_word' id='word_1_182' title='bbox 519 2608 765 2661; x_wconf 80' lang='lat' dir='ltr'><strong>Graiosque.</strong></span> <span class='ocrx_word' id='word_1_183' title='bbox 780 2604 1036 2649; x_wconf 81' lang='lat' dir='ltr'><strong>Graecorum</strong></span> <span class='ocrx_word' id='word_1_184' title='bbox 1046 2604 1165 2646; x_wconf 85' lang='lat' dir='ltr'><strong>enim</strong></span> 
     </span>
     <span class='ocr_line' id='line_1_28' title="bbox 323 2670 982 2717; baseline -0.006 -2"><span class='ocrx_word' id='word_1_185' title='bbox 323 2671 493 2715; x_wconf 83' lang='lat' dir='ltr'><strong>colonia</strong></span> <span class='ocrx_word' id='word_1_186' title='bbox 515 2670 600 2713; x_wconf 81' lang='lat' dir='ltr'><strong>fuit</strong></span> <span class='ocrx_word' id='word_1_187' title='bbox 617 2670 798 2713; x_wconf 89' lang='lat' dir='ltr'><strong>Tomus.</strong></span> <span class='ocrx_word' id='word_1_188' title='bbox 976 2714 982 2717; x_wconf 14' lang='grc' dir='ltr'>μ</span> 
     </span>
    </p>

    <p class='ocr_par' dir='ltr' id='par_1_6' title="bbox 322 2734 1169 2921">
     <span class='ocr_line' id='line_1_29' title="bbox 383 2734 1168 2795; baseline -0.003 -15"><span class='ocrx_word' id='word_1_189' title='bbox 383 2739 445 2780; x_wconf 85' lang='grc' dir='ltr'><strong>ι5.</strong></span> <span class='ocrx_word' id='word_1_190' title='bbox 466 2739 642 2795; x_wconf 81' lang='lat' dir='ltr'><strong>Coryton</strong></span> <span class='ocrx_word' id='word_1_191' title='bbox 655 2745 698 2780; x_wconf 81' lang='lat' dir='ltr'><strong>et</strong></span> <span class='ocrx_word' id='word_1_192' title='bbox 708 2753 860 2780; x_wconf 83' lang='lat' dir='ltr'><strong>arcum.</strong></span> <span class='ocrx_word' id='word_1_193' title='bbox 878 2734 1090 2778; x_wconf 87' lang='lat' dir='ltr'><strong>Custodia</strong></span> <span class='ocrx_word' id='word_1_194' title='bbox 1102 2751 1168 2778; x_wconf 87' lang='lat' dir='ltr'><strong>sa-</strong></span> 
     </span>
     <span class='ocr_line' id='line_1_30' title="bbox 325 2800 1169 2859; baseline -0.004 -15"><span class='ocrx_word' id='word_1_195' title='bbox 325 2801 544 2859; x_wconf 82' lang='lat' dir='ltr'><strong>gittarum.</strong></span> <span class='ocrx_word' id='word_1_196' title='bbox 568 2800 690 2857; x_wconf 81' lang='lat' dir='ltr'><strong>Virg.</strong></span> <span class='ocrx_word' id='word_1_197' title='bbox 720 2802 762 2844; x_wconf 90' lang='lat' dir='ltr'>X</span> <span class='ocrx_word' id='word_1_198' title='bbox 780 2832 792 2855; x_wconf 84' lang='lat'><strong>,</strong></span> <span class='ocrx_word' id='word_1_199' title='bbox 824 2800 923 2859; x_wconf 79' lang='lat'><strong>169,</strong></span> <span class='ocrx_word' id='word_1_200' title='bbox 951 2801 1169 2856; x_wconf 76' lang='lat' dir='ltr'><strong>Coryte’que</strong></span> 
     </span>
     <span class='ocr_line' id='line_1_31' title="bbox 322 2865 1104 2921; baseline -0.004 -13"><span class='ocrx_word' id='word_1_201' title='bbox 322 2869 431 2910; x_wconf 66' lang='lat' dir='ltr'><strong>lenes</strong></span> <span class='ocrx_word' id='word_1_202' title='bbox 449 2868 627 2910; x_wconf 71' lang='lat' dir='ltr'><strong>humet-125</strong></span> <span class='ocrx_word' id='word_1_203' title='bbox 641 2898 651 2915; x_wconf 92' lang='lat'><strong>,</strong></span> <span class='ocrx_word' id='word_1_204' title='bbox 679 2875 723 2908; x_wconf 88' lang='lat' dir='ltr'><strong>et</strong></span> <span class='ocrx_word' id='word_1_205' title='bbox 739 2865 878 2921; x_wconf 73' lang='lat' dir='ltr'><strong>letifir</strong></span> <span class='ocrx_word' id='word_1_206' title='bbox 894 2879 1030 2907; x_wconf 85' lang='lat' dir='ltr'><strong>arcus.</strong></span> <span class='ocrx_word' id='word_1_207' title='bbox 1101 2893 1104 2896; x_wconf 61' lang='grc'><strong><em>«</em></strong></span> 
     </span>
    </p>

    <p class='ocr_par' dir='ltr' id='par_1_7' title="bbox 326 2929 1171 3169">
     <span class='ocr_line' id='line_1_32' title="bbox 382 2929 1168 2987; baseline -0.004 -14"><span class='ocrx_word' id='word_1_208' title='bbox 382 2946 444 2987; x_wconf 85' lang='lat'><strong>17.</strong></span> <span class='ocrx_word' id='word_1_209' title='bbox 473 2932 702 2975; x_wconf 63' lang='lat' dir='ltr'><strong>Venzesezwa</strong></span> <span class='ocrx_word' id='word_1_210' title='bbox 725 2933 868 2973; x_wconf 80' lang='lat' dir='ltr'><strong>mortis</strong></span> <span class='ocrx_word' id='word_1_211' title='bbox 888 2933 1037 2984; x_wconf 78' lang='lat' dir='ltr'><strong>imago.</strong></span> <span class='ocrx_word' id='word_1_212' title='bbox 1072 2929 1168 2971; x_wconf 90' lang='lat' dir='ltr'><strong>Le-</strong></span> 
     </span>
     <span class='ocr_line' id='line_1_33' title="bbox 326 2993 1169 3055; baseline -0.002 -15"><span class='ocrx_word' id='word_1_213' title='bbox 326 2993 404 3055; x_wconf 40' lang='lat' dir='ltr'><strong>ge&#39;,</strong></span> <span class='ocrx_word' id='word_1_214' title='bbox 424 2999 579 3040; x_wconf 68' lang='lat' dir='ltr'><strong>Marm-</strong></span> <span class='ocrx_word' id='word_1_215' title='bbox 591 3029 603 3052; x_wconf 90' lang='lat'><strong>,</strong></span> <span class='ocrx_word' id='word_1_216' title='bbox 619 2997 686 3041; x_wconf 84' lang='lat' dir='ltr'><strong>vel</strong></span> <span class='ocrx_word' id='word_1_217' title='bbox 700 3007 850 3042; x_wconf 86' lang='lat' dir='ltr'><strong>contra</strong></span> <span class='ocrx_word' id='word_1_218' title='bbox 868 2996 1169 3039; x_wconf 78' lang='lat' dir='ltr'><strong>auctoritatem</strong></span> 
     </span>
     <span class='ocr_line' id='line_1_34' title="bbox 329 3057 1171 3106; baseline -0.001 -2"><span class='ocrx_word' id='word_1_219' title='bbox 329 3061 684 3105; x_wconf 83' lang='lat' dir='ltr'><strong>membranarum</strong></span> <span class='ocrx_word' id='word_1_220' title='bbox 703 3063 783 3106; x_wconf 88' lang='lat' dir='ltr'><strong>:sic</strong></span> <span class='ocrx_word' id='word_1_221' title='bbox 795 3057 1063 3105; x_wconf 54' lang='lat' dir='ltr'><strong>Martii-olam</strong></span> <span class='ocrx_word' id='word_1_222' title='bbox 1084 3062 1171 3103; x_wconf 88' lang='lat' dir='ltr'><strong>Ge-</strong></span> 
     </span>
     <span class='ocr_line' id='line_1_35' title="bbox 328 3126 764 3169; baseline 0.005 -2"><span class='ocrx_word' id='word_1_223' title='bbox 328 3131 395 3167; x_wconf 78' lang='lat' dir='ltr'><strong>ten</strong></span> <span class='ocrx_word' id='word_1_224' title='bbox 419 3134 544 3168; x_wconf 82' lang='lat' dir='ltr'><strong>vocat</strong></span> <span class='ocrx_word' id='word_1_225' title='bbox 569 3126 679 3169; x_wconf 84' lang='lat' dir='ltr'><strong>alibi.</strong></span> <span class='ocrx_word' id='word_1_226' title='bbox 703 3127 764 3169; x_wconf 89' lang='lat' dir='ltr'><strong>H.</strong></span> 
     </span>
    </p>

    <p class='ocr_par' dir='ltr' id='par_1_8' title="bbox 331 3187 1173 3428">
     <span class='ocr_line' id='line_1_36' title="bbox 389 3187 1171 3246; baseline 0 -16"><span class='ocrx_word' id='word_1_227' title='bbox 389 3204 450 3246; x_wconf 79' lang='lat'><strong>¹9·</strong></span> <span class='ocrx_word' id='word_1_228' title='bbox 485 3191 635 3233; x_wconf 58' lang='lat' dir='ltr'><strong>struto</strong></span> <span class='ocrx_word' id='word_1_229' title='bbox 669 3193 812 3232; x_wconf 80' lang='lat' dir='ltr'><strong>cultro.</strong></span> <span class='ocrx_word' id='word_1_230' title='bbox 843 3191 951 3233; x_wconf 75' lang='lat' dir='ltr'><strong>Fixa</strong></span> <span class='ocrx_word' id='word_1_231' title='bbox 976 3187 1171 3245; x_wconf 85' lang='lat' dir='ltr'><strong>plerique</strong></span> 
     </span>
     <span class='ocr_line' id='line_1_37' title="bbox 331 3252 1172 3307; baseline 0 -10"><span class='ocrx_word' id='word_1_232' title='bbox 331 3261 523 3303; x_wconf 82' lang='lat' dir='ltr'><strong>veteres;</strong></span> <span class='ocrx_word' id='word_1_233' title='bbox 548 3261 596 3296; x_wconf 80' lang='lat' dir='ltr'><strong>ut</strong></span> <span class='ocrx_word' id='word_1_234' title='bbox 617 3253 782 3297; x_wconf 87' lang='lat' dir='ltr'><strong>Fastor.</strong></span> <span class='ocrx_word' id='word_1_235' title='bbox 805 3254 877 3307; x_wconf 92' lang='lat'><strong>11,</strong></span> <span class='ocrx_word' id='word_1_236' title='bbox 908 3253 983 3296; x_wconf 82' lang='grc' dir='ltr'><strong>83ι</strong></span> <span class='ocrx_word' id='word_1_237' title='bbox 1004 3266 1014 3293; x_wconf 89' lang='lat'>:</span> <span class='ocrx_word' id='word_1_238' title='bbox 1034 3269 1056 3289; x_wconf 73' lang='grc' dir='ltr'><strong>«ι</strong></span> <span class='ocrx_word' id='word_1_239' title='bbox 1080 3252 1172 3297; x_wconf 89' lang='lat' dir='ltr'><strong>Nec</strong></span> 
     </span>
     <span class='ocr_line' id='line_1_38' title="bbox 335 3316 1173 3375; baseline 0 -15"><span class='ocrx_word' id='word_1_240' title='bbox 335 3333 459 3361; x_wconf 87' lang='lat' dir='ltr'><strong>mora</strong></span> <span class='ocrx_word' id='word_1_241' title='bbox 474 3334 486 3370; x_wconf 85' lang='grc'>;</span> <span class='ocrx_word' id='word_1_242' title='bbox 507 3318 644 3361; x_wconf 83' lang='lat' dir='ltr'><strong>celato</strong></span> <span class='ocrx_word' id='word_1_243' title='bbox 661 3317 756 3375; x_wconf 81' lang='lat' dir='ltr'><strong>figit</strong></span> <span class='ocrx_word' id='word_1_244' title='bbox 772 3333 849 3363; x_wconf 82' lang='lat' dir='ltr'><strong>sua</strong></span> <span class='ocrx_word' id='word_1_245' title='bbox 867 3326 1043 3375; x_wconf 85' lang='lat' dir='ltr'><strong>pectora</strong></span> <span class='ocrx_word' id='word_1_246' title='bbox 1073 3316 1173 3362; x_wconf 89' lang='lat' dir='ltr'><strong>cul-</strong></span> 
     </span>
     <span class='ocr_line' id='line_1_39' title="bbox 337 3383 651 3428; baseline -0.003 0"><span class='ocrx_word' id='word_1_247' title='bbox 337 3393 419 3428; x_wconf 86' lang='lat' dir='ltr'><strong>tro.</strong></span> <span class='ocrx_word' id='word_1_248' title='bbox 445 3401 465 3421; x_wconf 90' lang='lat'>»</span> <span class='ocrx_word' id='word_1_249' title='bbox 486 3383 651 3427; x_wconf 64' lang='lat' dir='ltr'><strong>Hlmzs.</strong></span> 
     </span>
    </p>
   </div>
   <div class='ocr_carea' id='block_1_5' title="bbox 497 3467 645 3524">
    <p class='ocr_par' dir='ltr' id='par_1_9' title="bbox 497 3467 645 3524">
     <span class='ocr_line' id='line_1_40' title="bbox 497 3467 645 3524; baseline -0.027 0"><span class='ocrx_word' id='word_1_250' title='bbox 497 3467 645 3524; x_wconf 90' lang='lat' dir='ltr'><strong>VJJ.</strong></span> 
     </span>
    </p>
   </div>
   <div class='ocr_carea' id='block_1_6' title="bbox 1248 2343 2100 3441">
    <p class='ocr_par' dir='ltr' id='par_1_10' title="bbox 1251 2343 2093 2524">
     <span class='ocr_line' id='line_1_41' title="bbox 1308 2343 2092 2394; baseline 0.014 -14"><span class='ocrx_word' id='word_1_251' title='bbox 1308 2355 1373 2381; x_wconf 84' lang='lat'><strong>20.</strong></span> <span class='ocrx_word' id='word_1_252' title='bbox 1408 2343 1540 2394; x_wconf 79' lang='lat' dir='ltr'><strong>Quem</strong></span> <span class='ocrx_word' id='word_1_253' title='bbox 1563 2347 1747 2387; x_wconf 78' lang='lat' dir='ltr'><strong>vinctum</strong></span> <span class='ocrx_word' id='word_1_254' title='bbox 1778 2347 1910 2388; x_wconf 75' lang='lat' dir='ltr'><strong>lalen&#39;.</strong></span> <span class='ocrx_word' id='word_1_255' title='bbox 1931 2345 2092 2392; x_wconf 74' lang='lat' dir='ltr'><strong>Melius</strong></span> 
     </span>
     <span class='ocr_line' id='line_1_42' title="bbox 1251 2402 2093 2455; baseline 0.012 -10"><span class='ocrx_word' id='word_1_256' title='bbox 1251 2402 1432 2447; x_wconf 81' lang='lat' dir='ltr'><strong>sortasse</strong></span> <span class='ocrx_word' id='word_1_257' title='bbox 1457 2406 1677 2450; x_wconf 83' lang='lat' dir='ltr'><strong>Palatinus</strong></span> <span class='ocrx_word' id='word_1_258' title='bbox 1698 2416 1742 2451; x_wconf 87' lang='lat' dir='ltr'><strong>et</strong></span> <span class='ocrx_word' id='word_1_259' title='bbox 1767 2409 1937 2452; x_wconf 71' lang='lat' dir='ltr'><strong>Bemm.</strong></span> <span class='ocrx_word' id='word_1_260' title='bbox 1964 2411 2093 2455; x_wconf 88' lang='lat' dir='ltr'><strong>codd.</strong></span> 
     </span>
     <span class='ocr_line' id='line_1_43' title="bbox 1254 2470 1904 2524; baseline 0.012 -15"><span class='ocrx_word' id='word_1_261' title='bbox 1254 2470 1383 2520; x_wconf 78' lang='lat' dir='ltr'><strong>Quem</strong></span> <span class='ocrx_word' id='word_1_262' title='bbox 1394 2470 1589 2524; x_wconf 80' lang='lat' dir='ltr'><strong>junctum</strong></span> <span class='ocrx_word' id='word_1_263' title='bbox 1608 2474 1741 2515; x_wconf 78' lang='lat' dir='ltr'><strong>lateri.</strong></span> <span class='ocrx_word' id='word_1_264' title='bbox 1764 2472 1820 2516; x_wconf 93' lang='lat' dir='ltr'><strong>D.</strong></span> <span class='ocrx_word' id='word_1_265' title='bbox 1845 2475 1904 2517; x_wconf 73' lang='lat' dir='ltr'><strong>H.</strong></span> 
     </span>
    </p>

    <p class='ocr_par' dir='ltr' id='par_1_11' title="bbox 1248 2537 2098 3296">
     <span class='ocr_line' id='line_1_44' title="bbox 1306 2537 2094 2587; baseline 0.013 -12"><span class='ocrx_word' id='word_1_266' title='bbox 1306 2550 1370 2576; x_wconf 82' lang='lat'><strong>21.</strong></span> <span class='ocrx_word' id='word_1_267' title='bbox 1399 2537 1514 2578; x_wconf 67' lang='lat' dir='ltr'><em>Vivit</em></span> <span class='ocrx_word' id='word_1_268' title='bbox 1526 2540 1572 2578; x_wconf 77' lang='lat' dir='ltr'><strong>in</strong></span> <span class='ocrx_word' id='word_1_269' title='bbox 1588 2539 1675 2587; x_wconf 77' lang='lat' dir='ltr'><strong>his,</strong></span> <span class='ocrx_word' id='word_1_270' title='bbox 1697 2540 1774 2580; x_wconf 80' lang='lat' dir='ltr'><strong>beu</strong></span> <span class='ocrx_word' id='word_1_271' title='bbox 1789 2538 1802 2581; x_wconf 73' lang='grc' dir='ltr'><em>Ι</em></span> <span class='ocrx_word' id='word_1_272' title='bbox 1823 2556 1903 2582; x_wconf 83' lang='lat' dir='ltr'><strong>non</strong></span> <span class='ocrx_word' id='word_1_273' title='bbox 1924 2550 2094 2585; x_wconf 74' lang='lat' dir='ltr'><strong>veslm-</strong></span> 
     </span>
     <span class='ocr_line' id='line_1_45' title="bbox 1252 2603 2097 2651; baseline 0.012 -10"><span class='ocrx_word' id='word_1_274' title='bbox 1252 2615 1343 2642; x_wconf 80' lang='lat' dir='ltr'><strong>rum</strong></span> <span class='ocrx_word' id='word_1_275' title='bbox 1371 2603 1524 2643; x_wconf 83' lang='lat' dir='ltr'><strong>oblitus</strong></span> <span class='ocrx_word' id='word_1_276' title='bbox 1554 2618 1749 2645; x_wconf 77' lang='lat' dir='ltr'><strong>amorum.</strong></span> <span class='ocrx_word' id='word_1_277' title='bbox 1782 2605 1946 2649; x_wconf 83' lang='lat' dir='ltr'><strong>Versus</strong></span> <span class='ocrx_word' id='word_1_278' title='bbox 1976 2606 2097 2651; x_wconf 83' lang='lat' dir='ltr'><strong>haud</strong></span> 
     </span>
     <span class='ocr_line' id='line_1_46' title="bbox 1249 2663 2095 2727; baseline 0.009 -21"><span class='ocrx_word' id='word_1_279' title='bbox 1249 2663 1379 2708; x_wconf 84' lang='lat' dir='ltr'><strong>dubie</strong></span> <span class='ocrx_word' id='word_1_280' title='bbox 1402 2665 1639 2710; x_wconf 84' lang='lat' dir='ltr'><strong>mendosus</strong></span> <span class='ocrx_word' id='word_1_281' title='bbox 1669 2667 1796 2724; x_wconf 85' lang='lat' dir='ltr'><strong>prim.</strong></span> <span class='ocrx_word' id='word_1_282' title='bbox 1819 2669 1947 2713; x_wconf 89' lang='lat' dir='ltr'><strong>Polit.</strong></span> <span class='ocrx_word' id='word_1_283' title='bbox 1967 2680 2010 2714; x_wconf 88' lang='lat' dir='ltr'><strong>et</strong></span> <span class='ocrx_word' id='word_1_284' title='bbox 2030 2688 2095 2727; x_wconf 84' lang='lat' dir='ltr'><strong>pr.</strong></span> 
     </span>
     <span class='ocr_line' id='line_1_47' title="bbox 1248 2727 2095 2786; baseline 0.011 -16"><span class='ocrx_word' id='word_1_285' title='bbox 1248 2727 1383 2772; x_wconf 81' lang='lat' dir='ltr'><strong>Palat.</strong></span> <span class='ocrx_word' id='word_1_286' title='bbox 1399 2746 1421 2767; x_wconf 87' lang='lat'>«</span> <span class='ocrx_word' id='word_1_287' title='bbox 1438 2730 1619 2774; x_wconf 82' lang='lat' dir='ltr'><strong>Vivitin</strong></span> <span class='ocrx_word' id='word_1_288' title='bbox 1637 2731 1718 2786; x_wconf 80' lang='lat' dir='ltr'><strong>his,</strong></span> <span class='ocrx_word' id='word_1_289' title='bbox 1733 2732 1842 2776; x_wconf 83' lang='lat' dir='ltr'><strong>heu!</strong></span> <span class='ocrx_word' id='word_1_290' title='bbox 1860 2733 2002 2777; x_wconf 86' lang='lat' dir='ltr'><strong>nullus</strong></span> <span class='ocrx_word' id='word_1_291' title='bbox 2014 2736 2095 2778; x_wconf 86' lang='lat' dir='ltr'><strong>ob-</strong></span> 
     </span>
     <span class='ocr_line' id='line_1_48' title="bbox 1248 2791 2095 2852; baseline 0.012 -18"><span class='ocrx_word' id='word_1_292' title='bbox 1248 2791 1348 2836; x_wconf 86' lang='lat' dir='ltr'><strong>litus</strong></span> <span class='ocrx_word' id='word_1_293' title='bbox 1367 2809 1580 2838; x_wconf 83' lang='lat' dir='ltr'><strong>amorum.</strong></span> <span class='ocrx_word' id='word_1_294' title='bbox 1602 2814 1624 2833; x_wconf 77' lang='grc'><em>»</em></span> <span class='ocrx_word' id='word_1_295' title='bbox 1645 2797 1776 2852; x_wconf 75' lang='lat' dir='ltr'><strong>aiter,</strong></span> <span class='ocrx_word' id='word_1_296' title='bbox 1794 2817 1815 2835; x_wconf 75' lang='grc' dir='ltr'><strong>«ι</strong></span> <span class='ocrx_word' id='word_1_297' title='bbox 1832 2800 1950 2842; x_wconf 78' lang='lat' dir='ltr'><strong>Vivit</strong></span> <span class='ocrx_word' id='word_1_298' title='bbox 1963 2800 2009 2842; x_wconf 88' lang='lat' dir='ltr'><strong>in</strong></span> <span class='ocrx_word' id='word_1_299' title='bbox 2030 2800 2095 2844; x_wconf 78' lang='lat' dir='ltr'><strong>his</strong></span> 
     </span>
     <span class='ocr_line' id='line_1_49' title="bbox 1248 2858 2096 2915; baseline 0.009 -14"><span class='ocrx_word' id='word_1_300' title='bbox 1248 2858 1390 2903; x_wconf 86' lang='lat' dir='ltr'><strong>nullus</strong></span> <span class='ocrx_word' id='word_1_301' title='bbox 1418 2859 1575 2903; x_wconf 89' lang='lat' dir='ltr'><strong>horum</strong></span> <span class='ocrx_word' id='word_1_302' title='bbox 1593 2894 1605 2915; x_wconf 91' lang='lat'><strong>,</strong></span> <span class='ocrx_word' id='word_1_303' title='bbox 1637 2860 1749 2905; x_wconf 86' lang='lat' dir='ltr'><strong>heu!</strong></span> <span class='ocrx_word' id='word_1_304' title='bbox 1780 2862 1935 2907; x_wconf 83' lang='lat' dir='ltr'><strong>oblitus</strong></span> <span class='ocrx_word' id='word_1_305' title='bbox 1960 2881 2096 2909; x_wconf 84' lang='lat' dir='ltr'><strong>amo-</strong></span> 
     </span>
     <span class='ocr_line' id='line_1_50' title="bbox 1249 2923 2097 2981; baseline 0.008 -17"><span class='ocrx_word' id='word_1_306' title='bbox 1249 2938 1389 2977; x_wconf 79' lang='lat' dir='ltr'><strong>rum.»</strong></span> <span class='ocrx_word' id='word_1_307' title='bbox 1404 2923 1542 2967; x_wconf 85' lang='lat' dir='ltr'><strong>Prim.</strong></span> <span class='ocrx_word' id='word_1_308' title='bbox 1554 2924 1692 2967; x_wconf 80' lang='lat' dir='ltr'><strong>vatic.</strong></span> <span class='ocrx_word' id='word_1_309' title='bbox 1707 2933 1751 2968; x_wconf 77' lang='lat' dir='ltr'><strong>et</strong></span> <span class='ocrx_word' id='word_1_310' title='bbox 1764 2925 1960 2981; x_wconf 80' lang='lat' dir='ltr'><strong>Combii,</strong></span> <span class='ocrx_word' id='word_1_311' title='bbox 1981 2946 2005 2966; x_wconf 88' lang='lat'>«</span> <span class='ocrx_word' id='word_1_312' title='bbox 2020 2929 2097 2970; x_wconf 85' lang='lat' dir='ltr'><strong>Vi-</strong></span> 
     </span>
     <span class='ocr_line' id='line_1_51' title="bbox 1250 2988 2095 3037; baseline 0.008 -7"><span class='ocrx_word' id='word_1_313' title='bbox 1250 2988 1311 3031; x_wconf 84' lang='lat' dir='ltr'><strong>vit</strong></span> <span class='ocrx_word' id='word_1_314' title='bbox 1329 2988 1374 3030; x_wconf 91' lang='lat' dir='ltr'><strong>in</strong></span> <span class='ocrx_word' id='word_1_315' title='bbox 1396 2988 1460 3032; x_wconf 80' lang='lat' dir='ltr'><strong>his</strong></span> <span class='ocrx_word' id='word_1_316' title='bbox 1471 2988 1616 3033; x_wconf 74' lang='lat' dir='ltr'><strong>nulius</strong></span> <span class='ocrx_word' id='word_1_317' title='bbox 1636 3005 1790 3032; x_wconf 88' lang='lat' dir='ltr'><strong>eorum</strong></span> <span class='ocrx_word' id='word_1_318' title='bbox 1812 2992 1968 3036; x_wconf 85' lang='lat' dir='ltr'><strong>oblitus</strong></span> <span class='ocrx_word' id='word_1_319' title='bbox 1981 3009 2095 3037; x_wconf 86' lang='lat' dir='ltr'><strong>amo-</strong></span> 
     </span>
     <span class='ocr_line' id='line_1_52' title="bbox 1250 3053 2098 3115; baseline 0.008 -20"><span class='ocrx_word' id='word_1_320' title='bbox 1250 3069 1365 3096; x_wconf 91' lang='lat' dir='ltr'><strong>rum.</strong></span> <span class='ocrx_word' id='word_1_321' title='bbox 1393 3070 1416 3091; x_wconf 80' lang='lat'><strong>›»</strong></span> <span class='ocrx_word' id='word_1_322' title='bbox 1447 3053 1603 3108; x_wconf 77' lang='lat' dir='ltr'><strong>Multi,</strong></span> <span class='ocrx_word' id='word_1_323' title='bbox 1627 3072 1650 3092; x_wconf 89' lang='lat'>«</span> <span class='ocrx_word' id='word_1_324' title='bbox 1677 3054 1798 3098; x_wconf 87' lang='lat' dir='ltr'><strong>Vivit</strong></span> <span class='ocrx_word' id='word_1_325' title='bbox 1816 3055 1862 3097; x_wconf 89' lang='lat' dir='ltr'><strong>in</strong></span> <span class='ocrx_word' id='word_1_326' title='bbox 1882 3055 1946 3100; x_wconf 85' lang='lat' dir='ltr'><strong>his</strong></span> <span class='ocrx_word' id='word_1_327' title='bbox 1963 3058 2098 3115; x_wconf 81' lang='lat' dir='ltr'><strong>igitur</strong></span> 
     </span>
     <span class='ocr_line' id='line_1_53' title="bbox 1250 3119 2097 3168; baseline 0.007 -6"><span class='ocrx_word' id='word_1_328' title='bbox 1250 3128 1507 3162; x_wconf 80' lang='lat' dir='ltr'><strong>tenerorum</strong></span> <span class='ocrx_word' id='word_1_329' title='bbox 1532 3119 1688 3163; x_wconf 86' lang='lat' dir='ltr'><strong>oblitus</strong></span> <span class='ocrx_word' id='word_1_330' title='bbox 1720 3136 1934 3167; x_wconf 83' lang='lat' dir='ltr'><strong>amorum.</strong></span> <span class='ocrx_word' id='word_1_331' title='bbox 1956 3141 1979 3162; x_wconf 82' lang='lat'><strong>»</strong></span> <span class='ocrx_word' id='word_1_332' title='bbox 2008 3124 2097 3168; x_wconf 83' lang='lat' dir='ltr'><strong>Alii</strong></span> 
     </span>
     <span class='ocr_line' id='line_1_54' title="bbox 1253 3183 2097 3243; baseline 0.007 -16"><span class='ocrx_word' id='word_1_333' title='bbox 1253 3185 1387 3227; x_wconf 85' lang='lat' dir='ltr'><strong>aliter.</strong></span> <span class='ocrx_word' id='word_1_334' title='bbox 1408 3183 1549 3240; x_wconf 83' lang='lat' dir='ltr'><strong>Lego,</strong></span> <span class='ocrx_word' id='word_1_335' title='bbox 1574 3202 1595 3222; x_wconf 91' lang='lat'>«</span> <span class='ocrx_word' id='word_1_336' title='bbox 1621 3185 1742 3228; x_wconf 78' lang='lat' dir='ltr'><strong>Vivit</strong></span> <span class='ocrx_word' id='word_1_337' title='bbox 1766 3186 1813 3228; x_wconf 90' lang='lat' dir='ltr'><strong>in</strong></span> <span class='ocrx_word' id='word_1_338' title='bbox 1837 3186 1905 3230; x_wconf 81' lang='lat' dir='ltr'><strong>his</strong></span> <span class='ocrx_word' id='word_1_339' title='bbox 1920 3220 1932 3243; x_wconf 91' lang='lat'><strong>,</strong></span> <span class='ocrx_word' id='word_1_340' title='bbox 1955 3188 2097 3232; x_wconf 88' lang='lat' dir='ltr'><strong>eheu!</strong></span> 
     </span>
     <span class='ocr_line' id='line_1_55' title="bbox 1255 3248 2030 3296; baseline 0.008 -6"><span class='ocrx_word' id='word_1_341' title='bbox 1255 3257 1510 3291; x_wconf 85' lang='lat' dir='ltr'><strong>tenerorum</strong></span> <span class='ocrx_word' id='word_1_342' title='bbox 1522 3248 1678 3295; x_wconf 85' lang='lat' dir='ltr'><strong>oblitus</strong></span> <span class='ocrx_word' id='word_1_343' title='bbox 1694 3248 1906 3294; x_wconf 81' lang='lat' dir='ltr'><strong>amomui.</strong></span> <span class='ocrx_word' id='word_1_344' title='bbox 1926 3270 1949 3289; x_wconf 70' lang='grc' dir='ltr'><strong>ι»</strong></span> <span class='ocrx_word' id='word_1_345' title='bbox 1969 3253 2030 3296; x_wconf 88' lang='grc' dir='ltr'><strong>Η.</strong></span> 
     </span>
    </p>

    <p class='ocr_par' dir='ltr' id='par_1_12' title="bbox 1254 3307 2100 3441">
     <span class='ocr_line' id='line_1_56' title="bbox 1291 3307 2099 3371; baseline 0.007 -15"><span class='ocrx_word' id='word_1_346' title='bbox 1291 3314 1356 3356; x_wconf 84' lang='lat'><strong>23.</strong></span> <span class='ocrx_word' id='word_1_347' title='bbox 1370 3315 1510 3370; x_wconf 80' lang='lat' dir='ltr'><strong>Atque</strong></span> <span class='ocrx_word' id='word_1_348' title='bbox 1517 3319 1674 3358; x_wconf 79' lang='lat' dir='ltr'><strong>utinam</strong></span> <span class='ocrx_word' id='word_1_349' title='bbox 1686 3307 1911 3371; x_wconf 55' lang='lat' dir='ltr'><strong>m&#39;oat&#39;jsed</strong></span> <span class='ocrx_word' id='word_1_350' title='bbox 1919 3334 2002 3362; x_wconf 78' lang='lat' dir='ltr'><strong>non</strong></span> <span class='ocrx_word' id='word_1_351' title='bbox 2013 3335 2099 3362; x_wconf 84' lang='lat' dir='ltr'><strong>mo-</strong></span> 
     </span>
     <span class='ocr_line' id='line_1_57' title="bbox 1254 3381 2100 3441; baseline 0.008 -18"><span class='ocrx_word' id='word_1_352' title='bbox 1254 3386 1387 3425; x_wconf 80' lang='lat' dir='ltr'><strong>riatur</strong></span> <span class='ocrx_word' id='word_1_353' title='bbox 1405 3386 1448 3424; x_wconf 82' lang='lat' dir='ltr'><strong>iu</strong></span> <span class='ocrx_word' id='word_1_354' title='bbox 1469 3384 1571 3426; x_wconf 72' lang='lat' dir='ltr'><strong>illis.</strong></span> <span class='ocrx_word' id='word_1_355' title='bbox 1595 3381 1744 3426; x_wconf 85' lang='lat' dir='ltr'><strong>Scribe</strong></span> <span class='ocrx_word' id='word_1_356' title='bbox 1759 3388 1900 3441; x_wconf 67' lang='lat' dir='ltr'><strong>vivas,</strong></span> <span class='ocrx_word' id='word_1_357' title='bbox 1935 3394 1979 3430; x_wconf 86' lang='lat' dir='ltr'><strong>et</strong></span> <span class='ocrx_word' id='word_1_358' title='bbox 2002 3402 2100 3430; x_wconf 85' lang='lat' dir='ltr'><strong>mo·-</strong></span> 
     </span>
    </p>
   </div>
   <div class='ocr_carea' id='block_1_7' title="bbox 1802 3471 1861 3521">
    <p class='ocr_par' dir='ltr' id='par_1_13' title="bbox 1802 3471 1861 3521">
     <span class='ocr_line' id='line_1_58' title="bbox 1802 3471 1861 3521; baseline 0.034 -2"><span class='ocrx_word' id='word_1_359' title='bbox 1802 3471 1861 3521; x_wconf 87' lang='lat'><strong>15</strong></span> 
     </span>
    </p>
   </div>
  </div>
 </body>
</html>
