2280 3776
301 268 409 345 276

748 270 811 321 Ρ.
857 268 1151 324 OVIDII
1194 268 1561 325 NASONIS

380 386 471 446 Ad
499 410 584 446 me
611 385 886 468 pervenit,
918 385 1328 471 consuliturque
1355 387 1506 450 boni.

350 532 419 587 94.
453 530 531 571 Ad
552 544 616 570 me
636 530 846 581 pervenit,
878 532 1141 586 consulut'que

296 599 405 638 boni.
423 596 713 649 Cous-aluitque
731 596 836 635 bom·
847 592 1041 650 plerique
1062 610 1140 638 ve-

296 667 436 710 teres;
459 657 640 712 Argent.
666 665 709 699 et
731 655 799 698 alii
823 656 1024 700 nonnulli
1042 675 1139 701 con-

294 728 511 779 siliumque
523 725 655 774 dedit,·
671 721 758 764 duo
769 726 1063 779 consiliumque
1073 725 1138 765 bo-

298 796 370 834 ni:
385 797 594 846 praeterea
613 804 741 831 versu
759 788 1019 844 praecedenti
1040 789 1139 844 qui-

295 855 397 897 dam
410 887 422 907 ‚
446 855 504 895 Ut
512 860 647 896 tamen
659 855 745 895 hoec
757 856 820 895 ita
831 857 918 896 sint
928 886 938 904 ‚
954 868 1046 895 non
1058 855 1138 895 hoc

210 969 213 971 ,
293 926 356 964 ila
371 925 439 963 sit.
462 920 611 963 Scribe
633 936 644 963 ε
663 937 684 957 «
708 920 775 963 Ut
794 928 940 962 tamen
967 920 1057 964 haec
1075 920 1136 963 ita

293 986 380 1029 sint
391 1018 402 1039 ‚
418 1001 577 1028 munus
592 993 664 1028 tua
679 984 841 1042 grande
856 984 1053 1027 voluntas
1066 983 1136 1028 Ad

292 1067 363 1095 me
384 1051 609 1108 pervenit»,
631 1049 957 1107 consuliturque
979 1049 1098 1094 boni.
1111 1068 1133 1089 »

296 1205 529 1212 m,

1220 532 1388 576 Hnms.
1404 556 1459 565 —
1483 532 1544 575 Ut
1559 539 1694 576 tamen
1715 534 1795 576 hoc
1822 536 1969 578 sedeat
1984 536 2059 580 de—

1218 597 1283 641 dit
1302 599 1456 640 auctor'
1472 596 1658 640 Elector.
1680 597 1811 640 Eton.
1830 598 2056 645 arbitratus

1219 664 1427 721 glossema
1445 672 1511 708 τοῦ
1527 668 1590 707 ita
1608 668 1667 706 sit
1685 672 1832 707 ortum
1851 681 1875 707 a
1891 667 2054 710 rariore

1217 727 1339 770 verbi
1350 729 1494 771 sedeat
1505 743 1597 770 usu.
1610 728 1718 770 Mox
1732 728 1935 772 Barthius
1948 746 2058 773 con-—

1215 789 1388 845 jiciebat
1399 822 1411 843 ‚
1431 794 1712 847 consuluitque
1727 793 1828 835 bene
1842 825 1854 846 ,
1876 792 1973 848 quia
1986 792 2056 836 fri-

1217 855 1368 912 gidum
1391 840 1593 899 crldebat
1608 889 1620 911 ‚
1645 864 1873 914 postquam
1894 859 2055 915 grande

1217 936 1377 964 munus
1398 920 1625 977 adpellavit
1641 954 1653 976 ,
1678 931 1826 979 postea
1847 922 1990 967 dicere
2009 939 2055 967 se

1216 984 1321 1028 boni
1343 984 1581 1028 consulere.
1598 985 1693 1042 Ego
1708 982 1881 1029 lection.
1902 986 2055 1030 Heius.

1217 1049 1390 1108 recepi,
1416 1051 1628 1107 probante
1648 1053 1921 1096 Burmanno.

816 1303 1343 1374 EPISTOLA
1400 1303 1527 1373 IV.

1081 1445 1268 1465 W

1005 1596 1332 1656 UXORI.

812 1899 814 1902 -
877 1834 1470 1950 Anonmnnrnm.

293 1997 366 2041 Ad
384 2009 567 2039 uxorem
588 1993 778 2038 scribens
796 2000 924 2049 poeta
936 2024 948 2046 ,
971 2007 1128 2036 canum
1146 2008 1191 2035 se
1210 2001 1254 2036 et
1273 1989 1529 2047 languidum
1543 1989 1709 2033 factum
1725 2005 1814 2033 esse
1835 1988 2055 2046 designat;

342 2065 560 2123 hujusque
581 2064 645 2108 rei
665 2079 811 2107 causas
832 2062 937 2106 duas
960 2079 1048 2106 esse
1066 2062 1225 2119 colligit
1242 2069 1533 2106 :senectutem
1559 2059 1717 2102 scilicet
1731 2091 1743 2114 ,
1766 2067 1809 2102 et
1827 2057 2023 2101 dolorem
2039 2090 2052 2113 ,

342 2151 431 2193 quo
453 2134 629 2179 adsidue
659 2132 890 2177 conficitur
913 2148 922 2175 ε
940 2131 1098 2175 deinde
1123 2132 1236 2175 facta
1255 2129 1482 2174 collatione
1503 2129 1674 2172 ,Iasonis
1689 2161 1701 2183 ,
1734 2127 1807 2185 qui
1829 2128 1876 2171 in
1897 2143 1949 2171 ea
1965 2128 2055 2171 loca

342 2206 543 2265 pervenit
557 2239 569 2260 ,
599 2205 674 2249 ubi
694 2205 783 2262 ipse
806 2204 967 2247 exsulat
981 2235 994 2258 ,
1021 2203 1146 2246 docet
1161 2218 1291 2246 suum
1308 2201 1471 2245 malum
1490 2201 1630 2256 majus
1648 2199 1778 2244 fuisse
1798 2199 1908 2243 illius
1924 2214 2054 2255 opere

340 2285 385 2320 et
406 2274 769 2332 peregrinatione.
790 2273 1021 2315 Postremo
1038 2279 1182 2327 optat,
1203 2279 1252 2314 ut
1271 2270 1402 2327 possit
1421 2269 1467 2311 in
1485 2269 1669 2325 patriam
1691 2267 1833 2311 redire
1851 2299 1863 2320 ,
1878 2265 2053 2323 fruique

340 2344 593 2388 dulcissimae
615 2342 811 2398 conjugis
831 2339 1032 2397 amplexu
1053 2347 1097 2382 et
1115 2338 1328 2394 colloquio
1346 2370 1358 2392 ,
1390 2335 1717 2393 Caesaribusque
1737 2333 1989 2378 sacrificare.

288 2475 443 2560 JAM
473 2496 609 2555 mihi
638 2493 878 2554 deterior
906 2492 1052 2552 canis
1080 2489 1428 2574 adspergitur
1450 2502 1609 2560 aetaS,

366 2594 600 2673 Jamque
627 2612 780 2650 meos
809 2587 993 2648 vultus
1022 2610 1159 2664 ruga
1189 2582 1376 2660 senilis
1403 2598 1554 2643 arat:

287 2690 413 2750 Jam
438 2686 597 2764 vigor
614 2731 629 2758 ‚
662 2698 718 2743 et
747 2705 948 2765 quasso
979 2680 1242 2759 languent
1269 2680 1327 2739 in
1357 2701 1587 2763 corpore
1612 2677 1781 2750 vires;

365 2786 481 2843 Nec
499 2830 513 2856 ‚
543 2780 725 2862 juveni
749 2779 902 2839 lusus
936 2780 1031 2860 qui
1057 2777 1338 2861 placuere,
1366 2775 1583 2859 placent
1606 2799 1620 2834 ε

286 2881 428 2951 Nec,
453 2877 501 2937 si
528 2899 615 2935 me
642 2874 827 2935 subito
854 2873 1035 2933 videas
1051 2919 1065 2943 ‚
1092 2893 1384 2949 agnoscere
1412 2868 1621 2952 possis;
1828 2869 1834 2876 ’
2027 2882 2052 2924 5

371 2973 576 3036 AEtatis
604 2971 748 3031 facta
777 2984 861 3029 est
889 2984 1036 3028 tanta
1062 2968 1220 3027 ruina
1246 2966 1408 3025 meae!

286 3071 567 3132 Confiteor
593 3069 769 3130 facere
794 3067 911 3127 haec
938 3053 1114 3126 annos
1142 3090 1154 3124 ε
1181 3063 1275 3123 scd
1302 3078 1357 3122 et
1382 3061 1551 3122 altera
1579 3084 1739 3122 causa
1767 3075 1848 3121 est
1864 3107 1880 3133 ‚

336 3211 375 3263 4.
398 3211 486 3252 Nec
499 3242 510 3260 ,
526 3209 680 3262 juveni
694 3210 813 3249 lusus
826 3206 1122 3260 quipluuere,

275 3274 442 3329 juvant.
460 3274 547 3326 Qui
552 3276 755 3326 placuere,
770 3273 945 3332 placen!
959 3266 1128 3310 concin-

283 3339 383 3382 nius
392 3336 629 3380 Thuaneus
642 3351 767 3391 unus.
779 3334 984 3377 H.—Nec
998 3336 1125 3374 lusus.

283 3393 555 3456 ἐπιλελήσμεθ’
579 3403 707 3454 ἡδέων.
729 3398 880 3453 Eurip.
900 3398 948 3440 in
965 3395 1122 3439 Bacch.

1209 3217 1230 3236 «
1246 3198 1365 3243 Nihil
1384 3198 1558 3255 poliam
1580 3198 1694 3242 istaec
1711 3214 1779 3241 res
1798 3196 1906 3239 mihi
1926 3195 2051 3238 volu-

1206 3264 1334 3320 ptatis
1349 3263 1526 3306 ferunt:
1549 3262 1730 3306 Satietas
1747 3269 1870 3304 tenet
1886 3259 2050 3325 studio-

1205 3344 1305 3370 rum
1322 3328 1516 3371 istorum.
1534 3346 1554 3364 υ
1576 3327 1679 3370 Ter.
1699 3327 1861 3385 Hecyr.

1260 3395 1298 3439 6.
1319 3396 1478 3439 AEtaffs
1487 3392 1618 3447 facta
1635 3399 1711 3437 est.
1730 3391 1886 3435 Malim
1901 3391 2049 3433 AEtati.
