2268 3848
492 297 948 356 TRISTIUM
991 299 1152 354 Lm.
1203 300 1251 354 1.
1297 298 1547 356 ELEG.
1595 303 1681 358 11.
1907 323 1969 380 17

204 414 376 496 Quod
407 415 592 479 faciles
621 431 755 501 opto
779 433 998 490 ventoS‚
1029 417 1155 500 quis
1181 417 1397 479 credere
1424 419 1651 501 possit?

282 514 544 574 Sarmatis
567 529 647 575 est
677 513 864 587 tellu8‚
898 536 1060 596 quam
1089 537 1206 574 mea
1231 528 1360 574 vota
1386 529 1598 596 petunt.

203 606 478 687 Oblignr,
511 622 574 669 ut
604 622 820 688 tangam
851 607 968 669 laevi
1002 607 1114 669 fera
1140 606 1302 670 litora
1331 609 1529 682 Ponti;

285 704 566 787 Quodque
597 705 668 766 sit
697 730 726 765 a
753 704 929 789 patria
961 721 1068 766 tam
1097 705 1224 785 suga
1256 705 1438 778 tarda,
1473 728 1688 790 queror.

205 799 402 862 Nescio
430 824 542 884 quo
572 800 781 862 videam
810 801 1027 885 positos
1053 816 1117 862 ut
1146 802 1202 862 in
1230 803 1365 864 orbe
1391 804 1640 866 Tomitas
1658 850 1674 877 ‚
1920 822 1976 866 85

284 898 497 960 Exilem
527 899 665 960 facio
694 923 793 983 per
820 923 939 960 mea
968 913 1093 959 vota
1122 899 1279 960 viam.

202 994 312 1055 Seu
339 1017 425 1055 me
454 992 684 1072 diligitis
705 1040 720 1067 ,
750 1008 934 1055 tantos
964 995 1288 1078 compescite
1317 993 1550 1067 ssuctuS,

282 1091 576 1173 Pronaque
608 1089 717 1150 sint
748 1105 946 1150 nostrae
975 1091 1200 1151 numina
1228 1106 1401 1152 vestra
1428 1091 1529 1152 rati
1553 1117 1566 1153 :

201 1184 310 1247 Seu
341 1186 514 1264 magis
547 1186 774 1258 odistis,
802 1186 964 1267 jussae
993 1209 1080 1246 me
1109 1186 1371 1248 advertite
1402 1202 1587 1261 terrae3

280 1283 552 1369 Supplicii
579 1307 707 1369 pars
737 1298 820 1346 est
848 1284 905 1344 in
929 1284 1154 1363 regione
1183 1286 1303 1346 mei.
1922 1318 1980 1361 9⁰

199 1413 410 1472 quoniam
422 1411 593 1472 Canopi
608 1421 701 1457 erat
711 1412 930 1472 Serapidis
944 1421 1048 1457 tem-

201 1478 321 1538 plum
341 1513 352 1535 ,
383 1478 497 1538 quod
520 1479 572 1524 ab
595 1479 855 1523 Alexandria
881 1496 932 1523 ao
953 1487 1050 1524 sta-

202 1543 282 1590 diis
304 1544 500 1604 distabat.
523 1544 589 1589 Eo
610 1544 763 1602 ingens
785 1561 835 1589 ex
854 1544 1048 1589 Alexan-

199 1610 297 1656 dria
325 1610 452 1656 turha
482 1626 562 1668 per
592 1609 752 1654 fossam
779 1609 1049 1659 adsolennia

199 1674 502 1720 descendebat.
524 1675 637 1719 Nam
659 1674 728 1719 die
750 1691 798 1720 ac
818 1684 945 1720 nocte
967 1691 1050 1719 na·-

198 1739 351 1785 viculis
365 1739 491 1798 plena
505 1747 598 1783 erat
614 1739 810 1783 virorum
830 1756 876 1784 ac
891 1740 1051 1784 mulie-

199 1823 304 1853 rum
318 1839 330 1863 ,
346 1805 626 1864 impudenter
637 1806 889 1851 canentium
902 1822 948 1851 ac
966 1806 1051 1850 sal-

202 1873 390 1918 tantium
403 1905 415 1927 ,
436 1888 539 1917 cum
562 1872 685 1916 omni
705 1871 983 1915 dissolutione
997 1889 1008 1924 ;
1023 1888 1048 1916 a

200 1954 393 1998 quorum
414 1938 521 1994 iocis
541 1946 669 1996 poeta
695 1938 840 1981 Nilum
852 1937 1048 1994 jocosum

198 2003 428 2062 appellavit
456 2020 466 2048 z
492 2003 600 2060 quin
635 2010 772 2046 totam
803 2001 1047 2062 AEgyptum

199 2069 331 2114 fuisse
354 2069 419 2114 his
438 2068 654 2123 moribus,
676 2066 837 2111 indicat
857 2066 1047 2111 Martial.

199 2133 272 2179 lib.
289 2134 354 2180 lv
361 2166 374 2190 ‚
396 2147 471 2178 xu
482 2166 494 2189 ‚
515 2132 567 2178 6:
588 2134 808 2190 Nequitias
824 2135 948 2176 tellus
966 2136 1053 2177 scit

198 2202 301 2242 dare
313 2201 430 2242 mella
449 2202 597 2253 παρὰ,

256 2263 322 2307 81.
361 2265 486 2318 Quod
499 2261 642 2317 facile
671 2269 738 2305 est
765 2269 861 2317 opto
889 2270 1063 2304 ventos.-

201 2326 488 2386 Legeface‘les
501 2335 645 2370 ventos
663 2325 730 2369 vel
748 2326 840 2369 sine
862 2326 1049 2371 adsensu

201 2400 401 2436 veterum
418 2391 628 2435 librorum
644 2406 654 2433 z
666 2396 808 2447 possit
821 2408 900 2448 pro
905 2400 1054 2446 posset

200 2455 359 2512 scripti.
382 2456 599 2500 Praeterea
615 2454 727 2499 sorte
746 2455 1022 2500 scribendum
1034 2489 1046 2510 ,

208 2522 301 2575 Quo
305 2519 481 2575 faciles.
507 2520 660 2562 Amor.
686 2520 755 2562 lib.
774 2520 841 2562 Ill
858 2551 870 2573 ,
891 2519 956 2563 ΕΙ.
981 2534 1017 2562 11
1035 2552 1047 2574 ,

195 2601 312 2628 vers.
333 2585 384 2640 37
403 2599 416 2627 :
444 2586 524 2628 Vis
541 2592 679 2627 tamen
713 2587 868 2628 interea
886 2582 1049 2637 faciles

198 2665 406 2694 arcessere
426 2656 571 2692 ventos
587 2651 611 2693 Ρ
636 2650 680 2692 H
685 2662 802 2692 mus.

257 2717 323 2759 82.
345 2717 388 2758 T
380 2716 708 2759 ellusSarmatzk.
724 2713 960 2767 Sarmatia,
979 2730 1050 2758 re-

203 2781 274 2839 gio
285 2790 349 2825 est
361 2812 373 2836 ,
386 2780 509 2836 cujus
520 2796 616 2836 pars
626 2778 705 2821 sita
717 2787 780 2822 est
795 2779 839 2821 in
855 2779 1047 2835 Europa,

202 2862 301 2904 pars
320 2861 424 2891 vero
440 2846 485 2888 in
508 2845 623 2888 Asia.
642 2843 754 2888 Illud
775 2844 1045 2899 notandum,

199 2915 419 2957 Sarmatas
434 2928 458 2956 a
473 2911 683 2955 Romanis
695 2944 706 2960 ,
730 2927 754 2953 a
768 2910 929 2954 Graecis
944 2911 1049 2953 Sau-

202 2988 386 3023 maeatas
397 2977 614 3035 appellari.
629 2977 717 3020 Eos
728 2991 846 3020 nunc
858 2974 996 3020 Polon
1002 2992 1048 3020 os

205 3043 538 3101 appellaruus.—
547 3045 655 3086 Vota
666 3045 783 3094 ,·vela
793 3041 1046 3085 omnesfere

203 3108 373 3165 scripti,
396 3117 444 3152 et
471 3107 577 3151 editi
605 3106 807 3150 nonnulli
827 3122 837 3150 ε
862 3116 907 3150 et
930 3116 1046 3151 certe

204 3187 307 3214 mox
327 3180 423 3216 vota
438 3180 699 3228 sequuntur.

261 3236 330 3279 83.
345 3238 538 3291 0thqu
554 3239 750 3291 obloquor
765 3234 946 3279 Palatin.
961 3251 1049 3279 ma-

203 3303 257 3347 le.
274 3301 455 3359 Obligor
468 3302 677 3345 nimirum
700 3301 808 3345 votis
822 3333 835 3356 ,
856 3317 952 3358 quae
968 3317 1048 3359 pro

202 3368 317 3412 felici
340 3367 519 3423 adpulsu
542 3366 597 3414 ad
616 3366 863 3425 Scythicam
884 3376 1047 3413 terram

201 3434 399 3492 suscipio.
432 3433 504 3478 Sic
525 3437 752 3491 oblzjqalam
774 3436 921 3489 dapem
943 3437 1047 3477 red·

362 3517 514 3577 VII.

1131 1416 1246 1468 dere,
1269 1413 1424 1457 Horat.
1441 1414 1507 1469 11,
1525 1411 1613 1458 Od.
1626 1426 1694 1456 vn
1709 1445 1721 1467 ,
1739 1430 1802 1471 ¹7³
1823 1422 1865 1458 et
1878 1416 1980 1459 oble·-

1126 1497 1226 1536 ραν-ε
1243 1488 1371 1535 caput
1387 1485 1517 1532 νοω,
1542 1481 1584 1525 11
1599 1514 1611 1535 ,
1636 1480 1724 1525 Od.
1746 1495 1833 1524 νιιι
1852 1514 1864 1536 ,
1890 1499 1925 1538 7.

1185 1546 1253 1600 84.
1286 1546 1386 1588 lam
1404 1545 1519 1602 suga
1550 1548 1685 1588 tarda.
1724 1546 1766 1587 T
1759 1562 1829 1588 am
1858 1548 1981 1590 tarda

1129 1625 1229 1654 cum
1253 1610 1448 1668 quinque
1472 1611 1661 1668 scriptis,
1693 1618 1737 1654 et
1758 1627 1858 1654 mox
1879 1628 1982 1656 rum

1131 1674 1348 1732 plerisque
1362 1676 1531 1718 Ete'lem
1546 1679 1656 1719 viam
1670 1707 1682 1726 ,
1701 1690 1792 1718 non
1810 1677 1982 1719 Essils‘t.

1130 1742 1299 1784 Eaeilem
1319 1745 1430 1783 worn
1455 1756 1534 1797 pro
1555 1741 1677 1784 brevi
1697 1749 1741 1785 et
1761 1755 1983 1798 compen-

1130 1805 1250 1851 diosa
1272 1805 1390 1851 dixit.
1416 1807 1582 1852 Huius.

1185 1873 1252 1915 85.
1280 1873 1481 1916 Tomitas.
1499 1872 1667 1916 Tomos
1694 1873 1797 1917 urbs
1820 1871 1905 1917 suit
1935 1873 1981 1917 in

1129 1934 1287 1981 Getico
1317 1935 1442 1980 litore
1461 1953 1471 1980 :
1498 1936 1557 1981 sic
1588 1936 1703 1981 dicta
1723 1969 1736 1991 ,
1769 1937 1980 1994 quoniam

1128 2000 1213 2044 illic
1225 2000 1384 2044 Medea
1399 2001 1581 2045 fratrem
1596 2001 1838 2046 trucidavit.
1852 2003 1981 2046 Mun.

1184 2067 1251 2122 87.
1265 2067 1344 2110 Seu
1359 2081 1444 2119 me,·
1457 2071 1574 2110 sime
1584 2066 1723 2109 edidit
1734 2066 1980 2127 Gryphius,

1128 2128 1355 2189 Micyllus,
1379 2140 1425 2175 et
1446 2130 1625 2187 quidam
1646 2130 1730 2175 alii.

1182 2197 1248 2254 89.
1275 2197 1417 2238 lasse
1439 2213 1503 2240 me
1526 2198 1727 2239 advertite
1746 2204 1875 2239 terre.
1902 2196 1975 2242 Sic

1129 2260 1283 2318 Vin-gil.
1305 2261 1362 2315 V,
1382 2263 1437 2317 34
1457 2278 1468 2305 ε
1491 2264 1552 2304 Et
1567 2263 1735 2304 tandem
1762 2264 1853 2304 leti
1872 2271 1979 2305 nole

1125 2326 1398 2368 adunantur
1413 2342 1560 2368 arene.

1182 2406 1250 2448 90·
1282 2392 1491 2446 Supplice'i
1507 2407 1613 2446 pars
1642 2400 1709 2434 est
1739 2397 1785 2435 1·ae
1817 2397 1980 2448 aegeone

1128 2459 1244 2498 mori.
1270 2457 1369 2497 Hac
1394 2460 1556 2510 regione
1577 2456 1772 2513 quinque
1797 2466 1979 2501 veteres.

1128 2518 1390 2575 scripserat,
1403 2527 1522 2576 puto,
1538 2519 1748 2564 Ovidius:
1766 2539 1786 2558 κ
1805 2521 1975 2579 Suppli-

1126 2583 1181 2626 cii
1202 2599 1300 2639 pars
1315 2592 1383 2626 est
1399 2583 1443 2626 in
1465 2585 1643 2642 regione
1657 2585 1744 2628 mei
1761 2601 1771 2628 z
1788 2605 1808 2623 υ
1821 2586 1902 2629 hoc
1913 2597 1980 2630 est

1128 2647 1245 2704 quod
1275 2648 1345 2693 lib.
1369 2650 1438 2693 111
1458 2681 1470 2703 ,
1496 2649 1562 2692 El.
1580 2663 1632 2704 x,
1651 2666 1710 2693 vs.
1735 2667 1782 2707 77
1800 2683 1813 2704 ,
1836 2650 1972 2695 dicet:

1127 2730 1151 2752 α
1172 2711 1291 2769 Ergo
1305 2720 1395 2756 tam
1407 2712 1534 2770 longe
1553 2722 1696 2770 pateat
1714 2730 1853 2771 quum
1877 2731 1976 2758 ma·

1126 2778 1265 2822 ximus
1281 2779 1395 2823 orbis
1406 2813 1419 2835 ‚
1435 2780 1543 2823 Iiaec
1558 2781 1681 2824 estin
1699 2796 1873 2837 poenam
1889 2791 1975 2826 ter-

1125 2860 1174 2886 ra
1192 2853 1364 2900 reperta
1387 2844 1565 2888 meam?
1587 2865 1608 2884 ν
1637 2847 1726 2890 Pro
1744 2853 1850 2898 mci,
1874 2854 1980 2892 meri

1126 2924 1151 2951 a
1180 2907 1356 2952 librario
1390 2910 1619 2955 aberrante
1653 2920 1746 2955 erat
1777 2912 1970 2967 factum;

1125 2971 1227 3015 hinc
1238 2982 1389 3018 natum
1400 3007 1413 3029 ,
1427 2979 1687 3030 madmena
1696 2993 1779 3019 sue
1786 2981 1973 3021 tellurem

1125 3047 1250 3081 vocat
1261 3039 1390 3083 Trist.
1406 3040 1491 3095 111,
1507 3041 1573 3084 ΕΙ.
1593 3054 1647 3095 11,
1673 3043 1748 3085 18:
1769 3060 1791 3079 «
1805 3041 1865 3084 Et
1882 3059 1971 3099 poe·

1125 3120 1195 3148 nae
1213 3104 1338 3149 tellus
1351 3115 1416 3150 est
1433 3107 1541 3149 mihi
1566 3115 1676 3150 tacta
1692 3122 1814 3151 meae.
1831 3126 1852 3145 υ
1869 3109 1971 3152 Nou

1126 3169 1319 3213 dissimili
1329 3170 1461 3213 modo
1473 3170 1578 3214 dixit
1589 3171 1824 3227 Trist.111,
1847 3173 1970 3231 Eleg.

1124 3250 1229 3290 vul,
1242 3252 1281 3279 ν.
1300 3237 1371 3279 26:
1388 3254 1408 3273 α
1422 3236 1522 3280 Sive
1536 3235 1623 3280 mei
1637 3253 1762 3281 causa
1774 3241 1894 3283 estin
1910 3257 1974 3283 re·

1125 3303 1254 3360 gione
1275 3303 1377 3346 mali
1394 3320 1407 3356 ;
1430 3321 1452 3341 »υ
1470 3313 1513 3347 et
1530 3305 1659 3348 Pont.
1674 3306 1767 3360 111,
1791 3307 1910 3365 Eleg.
1927 3321 1969 3362 1,

1125 3385 1234 3416 vers.
1269 3386 1340 3424 ιο,
1364 3369 1419 3413 ad
1447 3371 1677 3416 Ponticam
1711 3373 1935 3429 regionem
1958 3390 1971 3417 :

1127 3454 1150 3472 «ι
1172 3434 1244 3478 Τιι
1272 3436 1454 3491 pessima
1474 3435 1584 3480 duro
1604 3437 1710 3480 Pars
1729 3454 1773 3481 es
1794 3438 1839 3480 in
1854 3439 1965 3480 exsi-

1678 3565 1703 3573 a.-
