2268 3848
274 265 344 316 88
730 267 792 320 P.

849 267 1141 322 OVIDII
1197 264 1572 323 NASONIS

351 378 458 438 Sed
488 377 727 458 linguam
751 382 921 441 nimio
951 406 1063 448 non
1097 383 1329 443 tenuisse
1359 407 1523 444 mere.

275 473 505 534 Credere
532 475 731 555 juranti
761 477 957 537 durum
983 493 1140 560 putat
1168 502 1284 539 esse
1306 479 1592 552 Tibullus,

353 567 442 627 Sic
472 569 627 628 etiam
662 569 728 629 de
758 595 812 631 se
839 572 989 654 quod
1015 587 1177 651 neget
1200 572 1292 633 illa
1316 574 1450 633 vire.

273 661 479 723 Fallere
508 664 788 724 custodem
822 666 1036 728 demum
1066 668 1314 730 docuisse
1342 670 1577 741 fatetur,

355 758 530 839 Seque
562 783 657 819 sua
685 783 939 821 mlserum
968 787 1113 824 nulle
1142 781 1216 825 alt
1245 780 1357 825 arte
1386 790 1592 848 ΡΓΕΠΠ.

1943 784 2024 839 450

273 853 431 936 Saepe
455 854 603 914 velut
630 879 893 933 gemmam
926 858 1157 920 dominae
1187 861 1466 939 signumve
1494 788 1783 952 probaret;

353 951 457 1009 Per
487 974 700 1015 causam
730 954 975 1013 meminit
1006 979 1061 1015 se
1094 956 1335 1033 tetigisse
1363 981 1597 1017 manum.

275 1047 460 1128 thue
487 1047 679 1119 refert,
711 1048 896 1127 digitis
927 1074 1065 1133 saepe
1096 1066 1179 1111 est
1203 1066 1453 1134 nutuque
1479 1050 1726 1126 locutuS‚

353 1146 425 1202 Et
456 1144 670 1204 tacitam
699 1170 894 1206 mensae
925 1146 1081 1206 duxit
1106 1147 1164 1205 in
1193 1145 1328 1206 orbe
1353 1161 1577 1208 notam:

271 1240 345 1298 Et
373 1239 572 1320 quibus
603 1265 630 1301 e
663 1242 839 1302 succis
868 1242 1025 1302 abeat
1051 1243 1116 1302 de
1144 1266 1374 1325 corpore
1399 1243 1565 1318 livor,

1945 1260 2025 1316 [¹:35

351 1335 625 1418 impresso
650 1334 762 1394 fieri
793 1337 885 1417 qui
914 1336 1054 1396 solet
1083 1361 1203 1409 ore,
1231 1337 1404 1398 docet.
1439 1395 1444 1400 ,

270 1428 524 1510 Denique
554 1431 621 1489 ab
651 1431 870 1490 incauto
899 1431 1126 1492 nimium
1156 1433 1296 1516 petit
1322 1433 1414 1493 ille
1439 1432 1632 1494 marito
1650 1481 1663 1507 ‚

352 1527 419 1586 Se
452 1551 670 1609 quoque
700 1528 784 1587 uti>
809 1543 1005 1600 servet,
1037 1545 1225 1612 peccet
1247 1545 1310 1590 ut
1336 1530 1428 1590 illa
1455 1531 1651 1591 minus.

269 1620 386 1680 Scit
411 1622 498 1681 cui
522 1620 775 1696 latretur,
808 1648 977 1706 quum
1005 1624 1153 1686 solus
1186 1625 1501 1687 obambulat
1526 1627 1672 1709 ipse,

266 1765 454 1811 perator,
468 1757 614 1800 stricto
628 1758 964 1813 incubuitferro,
976 1767 1024 1802 ut
1036 1759 1106 1803 do-

266 1828 333 1862 cet
351 1821 609 1864 Ammianus
623 1823 913 1867 Marcellinus.
931 1823 1105 1868 Servius

265 1884 410 1928 scribit
435 1886 554 1928 illum
582 1887 924 1943 Foroiuliensem
945 1888 1074 1932 fuisse
1090 1922 1102 1944 ,

265 1953 612 2008 transtulisseque
632 1954 677 1996 in
698 1953 904 1998 Latinum
925 1955 1106 2012 Eupho-

266 2017 437 2060 rionem
458 2034 471 2060 ·.
490 2027 532 2061 et
555 2019 606 2062 de
631 2018 856 2063 Citheride
880 2021 1104 2064 Volumnii

265 2081 415 2125 liberta
428 2115 439 2136 ‚
463 2091 504 2125 et
526 2099 549 2125 a
567 2099 615 2126 se·
630 2093 768 2127 amata
782 2117 797 2138 ,
815 2100 944 2140 quam
965 2085 1104 2144 Lyco-

263 2145 357 2188 rida
369 2147 592 2203 appellavit
608 2180 622 2201 ,
637 2147 846 2203 scripsisse
862 2148 989 2191 libros
1005 2165 1103 2203 qua-

264 2220 374 2254 tuor.
388 2235 442 2244 —-
454 2214 547 2256 Non
555 2212 651 2267 suit
665 2211 766 2255 editi
783 2221 826 2255 et
843 2213 988 2268 scripti
1007 2214 1104 2269 qui·-

264 2275 392 2326 dam,
383 2292 391 2302 ·
415 2279 665 2330 opprobrium
682 2277 879 2319 Francos.
895 2277 1103 2331 etmulti,

263 2309 449 2382 trustra:
465 2338 620 2394 Quint.
626 2340 694 2383 III
700 2356 783 2395 ,;7«
762 2341 901 2383 «Nam
915 2349 959 2384 et
972 2341 1102 2398 turpi-

264 2404 372 2447 tudo
387 2405 556 2462 generis
568 2407 799 2463 opprobrio
811 2407 958 2450 multis
969 2406 1064 2450 fuit.
1079 2424 1102 2445 ³»

317 2471 409 2524 447
429 2473 599 2513 Credere
604 2471 781 2525 lurtum
800 2471 936 2527 Quod
950 2471 1019 2514 hic
1035 2472 1103 2515 di-

262 2535 319 2578 cit
341 2534 551 2589 Ovidius,
575 2535 676 2579 facit
693 2536 918 2580 Tibullus
907 2553 952 2580 m
968 2537 1104 2594 elegia

262 2598 333 2640 lib.
364 2599 489 2655 prim.
521 2598 637 2642 Dicit
658 2600 778 2643 enim
796 2601 978 2645 amicam
1008 2602 1104 2645 De-

263 2662 364 2705 liam
397 2663 474 2706 sibi
502 2680 660 2719 negare
701 2680 801 2707 cum
833 2665 919 2707 ullo
949 2665 1030 2707 alio
1056 2681 1101 2708 se

263 2744 359 2771 rem
378 2728 535 2771 habere
557 2744 566 2771 :
586 2728 705 2786 quod-
730 2728 799 2772 ille
819 2729 981 2772 fatetur
1011 2747 1100 2774 esse

263 2791 510 2836 incredibile
529 2808 538 2834 :
555 2792 612 2836 ita
633 2793 751 2836 enim
771 2792 911 2849 inquit
930 2810 1037 2837 vers.
1059 2813 1099 2852 7,

263 2858 288 2900 8
312 2869 322 2896 :
345 2874 367 2893 α
391 2856 468 2899 Illa
484 2856 658 2913 quidem
678 2867 766 2901 tam
786 2858 920 2902 multa
941 2867 1099 2914 negat;

262 2920 335 2963 sed
348 2920 524 2964 credere
541 2921 700 2964 durum
711 2929 774 2965 est
789 2937 798 2964 :
814 2922 886 2965 Sic
900 2922 1029 2965 etiam
1045 2921 1099 2965 de

263 3001 334 3028 me
351 2995 557 3043 pernegat
577 3003 711 3043 usque
734 2987 839 3029 viro.
856 3004 879 3023 »

316 3054 408 3108 448.
421 3053 515 3094 Hoc
524 3055 648 3094 etiam
662 3055 714 3094 de
725 3067 782 3094 se.
796 3053 908 3094 Hinc
923 3051 1009 3093 duo
1023 3067 1099 3094 ve—

261 3123 375 3159 teres
393 3133 403 3167 ;
438 3114 708 3159 Combianus
724 3124 768 3158 et
788 3123 874 3158 tres
894 3113 961 3157 alii
980 3117 1094 3167 mc,-

262 3195 375 3222 unus
394 3182 521 3223 Hoec:
535 3179 671 3223 scribe
685 3181 766 3222 Sic.
789 3181 952 3223 HEms.

316 3245 407 3301 449.
426 3245 586 3287 Fallere
603 3248 822 3288 custodem.
843 3243 996 3288 Malim
1015 3261 1097 3288 cu-

263 3311 425 3362 stodes‚·
444 3308 560 3351 idem
577 3309 771 3353 Tibullus
792 3310 845 3353 ad
864 3310 1008 3353 locum
1028 3326 1098 3354 su-

263 3389 339 3430 pra
349 3372 548 3418 citatum:
563 3390 584 3411 «
599 3375 691 3429 Ipse
707 3373 839 3417 miser
853 3374 994 3431 docui,
1010 3390 1096 3432 quo

1185 1769 1325 1818 posset
1337 1760 1485 1804 ludere
1499 1768 1622 1818 pacto
1638 1759 1851 1804 Custodes
1864 1760 1998 1811 ;eheu
2016 1760 2024 1802 !

1186 1842 1304 1869 nunc
1317 1841 1492 1882 premor
1505 1834 1594 1868 arte
1610 1841 1719 1868 mea.
1737 1843 1757 1862 »
1778 1825 1943 1868 HEms.

1240 1892 1335 1945 451.
1363 1892 1476 1945 Soepe
1501 1893 1615 1933 velut
1635 1905 1848 1944 gemmam.
1884 1888 1934 1932 Id
1965 1888 2022 1931 ita

1186 1971 1274 1998 esse
1297 1954 1492 1997 Tibullus
1523 1953 1677 1998 cecinit
1709 1953 1811 1996 ibid.
1838 1970 1943 1996 vers.
1971 1958 2023 1998 25

1185 2036 1233 2075 sq
1255 2035 1264 2062 ε
1286 2037 1306 2056 «
1330 2019 1452 2076 Saepe
1475 2019 1591 2063 velut
1610 2034 1800 2076 gemmas
1817 2019 1910 2075 ejus
1925 2050 1936 2072 ‚
1958 2018 2026 2061 si-

1186 2101 1406 2141 gnumque
1440 2084 1669 2141 probarem
1686 2115 1698 2138 ‚
1733 2084 1819 2126 Per
1853 2098 2026 2126 causam

1185 2149 1367 2192 memini
1392 2165 1460 2192 me
1482 2149 1667 2205 tetigisse
1694 2163 1886 2190 manum.
1910 2166 1931 2185 »

1239 2212 1333 2265 453.
1361 2214 1519 2266 Digitis
1537 2226 1643 2264 soepe
1666 2216 1731 2252 est
1753 2217 1929 2265 nutuque
1951 2212 2024 2251 lo·-

1183 2284 1315 2319 culus.
1348 2276 1573 2328 Tibullus,
1604 2275 1704 2318 ibid.
1734 2290 1840 2318 vers.
1872 2291 1922 2333 19
1942 2291 2021 2330 sq:

1187 2358 1208 2378 «
1238 2341 1335 2384 Neu
1360 2349 1402 2383 te
1429 2339 1610 2395 decipiat
1638 2348 1775 2393 nutu,
1798 2338 2018 2394 digitoque

1182 2406 1395 2462 liquorem
1411 2407 1477 2450 Ne
1492 2406 1652 2460 trahat,
1666 2415 1709 2448 et
1721 2420 1881 2449 mensae
1897 2405 2023 2449 ducat

1183 2470 1229 2512 in
1245 2471 1347 2512 orbe
1366 2478 1526 2513 notasn

1238 2538 1330 2590 455.
1345 2537 1405 2578 Et
1417 2537 1752 2591 quz’busesuccis.
1767 2535 1895 2577 Facis
1909 2549 2020 2577 unus

1185 2599 1421 2643 Medieeus.
1441 2599 1616 2653 Scribe,
1639 2601 1698 2642 Et
1714 2602 1860 2654 quibus
1875 2602 1914 2640 is
1926 2613 2021 2639 suc-

1183 2668 1278 2716 ce‘s‚·
1307 2663 1465 2707 Tibull.
1486 2661 1587 2705 ibid.
1610 2678 1665 2704 vs.
1691 2661 1738 2703 13
1754 2675 1828 2716 sq:
1851 2677 1871 2696 «
1893 2659 2019 2702 Tunc

1183 2745 1328 2773 succos
1355 2728 1592 2783 herbasque
1620 2724 1747 2778 dedi,
1771 2723 1890 2781 queis
1912 2725 2020 2767 livor

1184 2793 1318 2836 abiret
1331 2825 1354 2847 ,.
1369 2794 1518 2848 Quem
1533 2789 1634 2834 facit
1646 2790 1853 2846 impresso
1866 2798 2018 2831 mutua

1185 2858 1315 2902 dente
1339 2858 1501 2899 Venus.
1523 2873 1548 2893 ν
1569 2855 1627 2897 H.

1236 2925 1328 2977 457.
1343 2923 1531 2976 Denique
1541 2923 1596 2962 ab
1608 2923 1786 2962 incauto.
1802 2917 2015 2972 Tibullus,

1180 2986 1281 3030 ibid.
1302 3001 1360 3027 vs.
1383 2989 1431 3027 15
1447 3000 1495 3039 sq
1513 2999 1523 3026 :
1548 3002 1570 3021 «
1588 2983 1647 3027 At
1665 2992 1712 3026 tu
1734 2981 1891 3025 fallacis
1910 2997 2018 3025 con-

1179 3053 1253 3108 jux
1264 3051 1432 3094 incaute
1449 3049 1598 3106 puellae
1614 3082 1626 3104 ,
1650 3050 1726 3092 Me
1742 3065 1913 3108 quoque
1930 3065 2019 3091 ser-

1179 3125 1278 3160 vato
1291 3149 1302 3170 ,
1322 3124 1467 3172 peccet
1484 3124 1532 3158 ut
1551 3115 1638 3171 ipsa
1658 3115 1779 3158 nihil.
1803 3132 1824 3152 »
1838 3137 1890 3146 -·
1911 3117 2026 3156 Petit

1179 3186 1256 3224 illa
1274 3185 1430 3224 marito.
1455 3181 1597 3223 Immo
1615 3184 1687 3224 ille
1697 3195 1796 3224 cum
1813 3195 1901 3222 uno
1915 3180 2015 3221 Va-

1180 3247 1335 3290 ticano,
1359 3247 1524 3289 Hssms.

1234 3313 1326 3368 459.
1342 3313 1433 3353 Scis
1448 3299 1519 3353 cue*
1530 3312 1713 3353 latretur.
1727 3307 1885 3352 Tibull.
1899 3307 1953 3350 ib.
1963 3308 2009 3349 31

1178 3391 1243 3432 sq:
1255 3393 1277 3413 «
1287 3374 1362 3421 Ille
1378 3390 1456 3431 ego
1469 3391 1582 3429 sum,
1596 3390 1676 3418 nec
1688 3373 1858 3429 mejam
1872 3371 2015 3414 dicere
