2280 3776
231 295 336 370 472

684 298 747 349 P.
794 296 1090 351 OVIDII
1135 296 1505 364 NASONIS

230 411 374 490 Quis
402 413 633 493 patriam
663 409 882 470 sollerte
914 411 1084 490 magis
1116 410 1306 472 dilexit
1337 412 1582 495 Ulysse?
1955 437 2006 478 35

314 507 435 565 Hoc
467 520 646 565 tamen
678 505 940 587 asperitas
969 506 1147 566 indice
1174 521 1310 566 nota
1338 505 1444 566 loci
1478 523 1572 569 est.

230 604 358 663 Non
386 602 529 673 loca,
558 602 653 663 sed
679 625 859 661 mores
891 601 1050 663 dictis
1078 605 1291 664 vexavit
1312 606 1506 666 amaris

312 698 569 780 Scepsius
598 699 909 772 AusoniOS‚
945 715 1170 783 actaque
1202 703 1380 762 Roma
1410 726 1499 762 rea
1527 718 1623 762 est.

230 794 389 855 Falsa
422 809 601 855 tamen
629 820 791 878 passa
819 807 902 856 eSt
932 820 1084 879 aequa
1112 798 1355 857 convicia
1385 813 1566 859 mente
1584 845 1599 871 ‚

313 893 514 953 Obfuit
540 895 752 954 auctori
781 918 879 954 nec
910 895 1023 954 fera
1050 894 1236 972 lingua
1267 920 1386 956 suo.
1955 916 2008 973 40

229 992 306 1048 At
337 989 513 1050 malus
542 991 843 1074 interpres,
870 991 1067 1075 populi
1097 992 1232 1052 mihi
1265 993 1504 1054 concitat
1530 993 1695 1067 iram,

313 1083 488 1169 Inque
518 1112 726 1148 novum
758 1089 962 1149 crimen
994 1089 1232 1149 carmina
1255 1104 1447 1150 nostra
1473 1105 1645 1150 vocat.

230 1187 279 1244 Γ
281 1210 365 1245 am
394 1185 523 1245 felix
555 1186 789 1259 utinam,
823 1212 984 1270 quam
1015 1202 1236 1270 pectore
1265 1187 1555 1261 candidus,
1583 1187 1785 1249 essem!

312 1282 509 1341 Exstat
534 1281 712 1342 adhuc
737 1306 900 1342 nemo
931 1282 1146 1343 saucius
1177 1306 1272 1342 ore
1298 1306 1439 1344 meo.

231 1377 421 1449 Adde,
458 1377 608 1460 quod
635 1377 853 1461 Illyrica
883 1377 930 1438 si
958 1379 1067 1459 jam
1098 1378 1217 1461 pice
1248 1379 1461 1458 nigrior
1488 1403 1689 1452 essem,
1955 1394 2010 1450 45

311 1477 440 1535 Non
466 1476 769 1537 mordenda
797 1477 933 1536 mihi
962 1476 1125 1537 turba
1152 1476 1328 1538 fidelis
1358 1493 1486 1538 erat.

231 1570 480 1632 Molliter
509 1597 537 1632 a
568 1573 727 1631 vobis
756 1597 874 1632 mea
899 1597 1020 1632 sors
1050 1587 1300 1655 excepta,
1332 1573 1594 1646 Tomitae‚

309 1670 447 1728 Tam
477 1668 636 1729 mites
670 1669 865 1729 Graios
892 1670 1100 1730 indicat
1127 1694 1242 1731 esse
1270 1669 1431 1731 viros.

284 1808 349 1851 35.
377 1810 483 1862 Quis
495 1813 696 1863 patriam.
719 1809 813 1864 Qui
837 1809 951 1866 apud
978 1810 1079 1852 Ho-

233 1888 405 1915 merum
424 1872 618 1917 Ithacam
633 1875 817 1930 patriam
832 1890 943 1931 saepe
958 1890 1081 1930 aspe—

233 1954 329 1980 ram
349 1938 628 1995 sterilemque
652 1949 789 1983 vocat.

288 2005 353 2048 36.
372 2008 518 2049 Indice
535 2010 652 2049 dicta
673 2011 764 2049 loci
775 2016 851 2049 est.
870 2010 985 2051 Nota
1003 2008 1083 2050 Ex-

236 2078 382 2126 cerpta
401 2070 608 2126 Scaligeri
626 2079 669 2114 et
689 2087 762 2114 sex
777 2070 845 2113 alii
862 2088 871 2122 ;
897 2071 1077 2114 rectius:

234 2138 322 2177 soli
346 2135 476 2177 etiam
511 2135 600 2178 duo
617 2169 628 2189 ‚
664 2151 802 2192 quum
828 2139 924 2178 loca
954 2152 1083 2178 versu

232 2199 431 2255 proximo
450 2209 686 2256 repetatur.
708 2201 877 2244 Hunis.

289 2267 354 2322 37.
368 2267 460 2308 Non
473 2269 582 2316 loca,
599 2269 678 2308 sed
686 2281 820 2308 mores
836 2267 976 2308 dictis.
992 2264 1082 2308 Do-

237 2341 304 2375 cet
322 2332 524 2386 Ovidius,
548 2333 775 2389 Scepsium
789 2341 964 2389 poetam
978 2332 1084 2375 olim

235 2408 395 2442 taxasse
420 2398 522 2441 vitia
549 2399 886 2452 Romanorum,
916 2408 960 2442 et
990 2414 1083 2441 non

235 2463 344 2516 loca,
361 2463 477 2520 quod
498 2464 633 2520 magis
652 2463 853 2507 odiosum
865 2463 950 2507 fuit
967 2480 977 2506 :
992 2481 1083 2507 non

236 2538 385 2571 tamen
417 2527 488 2571 ille
513 2529 568 2571 ob
596 2545 694 2571 eam
718 2546 892 2573 causam
917 2530 1083 2573 damno

236 2594 380 2649 aliquo
402 2593 593 2637 adfectus
619 2594 716 2637 fuit.
749 2595 837 2637 Alii
861 2612 953 2639 non
979 2613 1086 2652 poe-

234 2667 327 2700 tam
344 2692 355 2713 ,
388 2657 462 2701 sed
489 2658 791 2715 philosophum
812 2659 940 2703 fuisse
959 2660 1085 2704 adse-

238 2732 369 2774 runt;
397 2722 495 2766 vide
520 2723 632 2766 Ptin.
655 2723 727 2767 lib.
751 2725 972 2780 XXXIV,
992 2743 1026 2770 c.
1047 2745 1084 2783 7.

237 2787 476 2842 —Scr1pte2t
506 2792 678 2830 amaris.
714 2788 934 2833 Carminis
963 2807 1086 2834 acer·-

240 2853 372 2895 hitate
392 2886 403 2907 ‚
422 2858 470 2896 'et
488 2850 671 2912 satyrica
690 2855 1044 2911 reprehensione.

294 2920 359 2962 38.
380 2922 547 2963 Sextius
562 2922 789 2964 Ausonios.
807 2924 970 2976 Septius
983 2920 1087 2973 {Se-

231 2988 356 3037 psius
367 3018 377 3035 ‚
402 2986 585 3039 Sepia-ns,
603 2987 748 3039 Sepias
761 2995 804 3029 et
817 2986 971 3029 similia
988 2987 1086 3029 libri

240 3058 420 3091 veteres.
446 3048 738 3093 scribendum
771 3053 965 3105 Scepsius
985 3086 995 3103 ‚
1038 3061 1086 3096 ut

242 3115 433 3171 Scaliger
449 3117 580 3158 etiam
595 3117 702 3159 vidit
717 3127 759 3160 et
774 3119 1085 3162 Bersmannus.

242 3180 552 3224 Metrodorum
585 3182 812 3239 Scepsium
851 3183 1052 3241 intelligit
1073 3217 1085 3239 ,

243 3244 316 3298 qui
335 3256 594 3305 pzeopwpzoezag
614 3247 752 3291 dictus
770 3257 845 3291 est.
864 3249 1087 3292 Huius.—

185 3325 193 3331 ·
245 3308 434 3363 Actaque
447 3311 584 3351 Roma
602 3327 672 3353 rea
688 3319 762 3355 est.
790 3314 848 3356 Et
870 3314 1012 3357 Roma
1033 3314 1085 3356 ab

240 3389 292 3415 eo
317 3378 510 3416 accusata
530 3373 623 3415 suit.

294 3439 358 3492 4ο.
380 3439 660 3485 Auctore'suo.
682 3439 768 3496 Ipsi
786 3440 961 3498 Scepsio
978 3475 989 3497 ,
1012 3443 1086 3499 qui

1163 1827 1214 1853 ea
1231 1809 1652 1866 composuit—Feta
1664 1813 1823 1866 lingua.
1842 1809 2011 1867 Lingua

1164 1884 1304 1931 poetae
1330 1875 1439 1930 seri,
1473 1884 1561 1919 tam
1583 1876 1741 1919 acriter
1759 1875 2010 1919 invehendo

1164 1942 1210 1984 in
1233 1942 1473 1985 Romanos.

1221 2008 1287 2060 41.
1330 2007 1397 2049 At
1429 2009 1566 2049 malus
1595 2010 1806 2061 interpres.
1840 2006 1900 2049 At
1941 2006 2011 2049 ille

1167 2073 1239 2127 qui
1257 2071 1368 2114 male
1384 2072 1698 2127 interpretatur
1709 2087 1806 2114 mea
1821 2072 2015 2115 carmina

1165 2137 1418 2181 damnantia
1438 2137 1571 2181 situm
1595 2147 1638 2181 et
1661 2139 1887 2196 regionem
1910 2139 2012 2181 To-

1166 2203 1392 2246 mitanam.
1423 2225 1479 2235 -—
1509 2205 1667 2256 Populi
1693 2205 1801 2244 mila·
1830 2206 2018 2245 concitat

1165 2270 1285 2309 iram.
1321 2268 1375 2310 In
1408 2265 1560 2308 odium
1589 2275 1634 2309 et
1665 2266 2013 2323 indignationem

1167 2332 1313 2389 populi
1336 2332 1563 2376 Tomitani
1586 2349 1657 2376 me
1678 2332 1867 2376 adducit.

1220 2400 1287 2452 42.
1307 2399 1359 2446 In
1385 2415 1531 2442 novum
1561 2402 1726 2441 crimen.
1755 2398 1857 2441 Non
1892 2398 2012 2442 enim

1166 2462 1315 2505 solitus
1332 2462 1397 2516 fui
1421 2479 1619 2519 unquam
1635 2463 1828 2507 carmine
1855 2479 2013 2519 quem-

1168 2542 1300 2581 quam
1320 2525 1565 2572 offendere.

1221 2592 1288 2645 45.
1309 2594 1410 2635 Pice
1427 2595 1614 2650 Illyrica.
1634 2592 1737 2636 Pice
1757 2607 1854 2648 quae
1871 2592 1916 2634 in
1942 2593 2012 2636 Il-

1167 2657 1274 2717 lyria
1291 2653 1564 2711 nascebatur;
1578 2667 1757 2714 eratque
1773 2658 2010 2714 nigerrima

1168 2733 1213 2767 et
1230 2723 1534 2767 laudatissima.

1223 2790 1287 2843 46.
1310 2792 1405 2833 Non
1424 2799 1518 2833 erat
1532 2793 1757 2834 mordenda
1775 2793 1887 2833 mibi.
1908 2790 2011 2832 Non

1169 2864 1261 2898 erat
1281 2871 1304 2898 a
1323 2872 1395 2898 me
1413 2855 1790 2911 reprehendenda.
1802 2879 1858 2887 —
1874 2857 2011 2897 Turba

1150 2922 1312 2977 fidelis.
1355 2921 1579 2963 Tomitani
1622 2921 1734 2963 cives
1762 2953 1774 2974 ,
1821 2921 1894 2976 qui
1939 2935 2010 2961 me

1169 2994 1317 3028 amant
1335 2994 1378 3028 et
1393 2985 1558 3028 fovent.

1222 3053 1286 3106 47.
1299 3051 1683 3106 Molle'lerexcepta.
1697 3050 1871 3094 Placide
1885 3059 1930 3094 et
1944 3051 2013 3093 be-

1167 3114 1301 3170 nigne
1321 3123 1525 3170 suscepta·
1541 3138 1595 3147 —
1610 3116 1709 3158 Mica
1728 3131 1833 3158 sors.
1854 3114 2012 3157 Meum

1167 3178 1464 3222 infortunium
1482 3189 1525 3222 et
1543 3179 1762 3236 relegatio.

1222 3247 1286 3299 48.
1305 3247 1473 3292 Graios.
1489 3247 1588 3290 Hoc
1604 3256 1694 3300 est,
1717 3245 1795 3290 hos
1814 3261 1904 3289 non
1921 3261 2011 3288 esse

1166 3311 1400 3366 barbaros,
1441 3310 1517 3355 sed
1554 3311 1727 3355 Graecos
1747 3345 1758 3366 ‚
1798 3320 1842 3354 et
1867 3326 2012 3353 mores

1168 3376 1421 3420 Graecorum
1453 3394 1623 3421 servare
1645 3411 1657 3432 ,
1687 3377 1804 3420 unde
1836 3375 2012 3420 oriundi

1166 3451 1280 3486 sunt.
1304 3442 1369 3488 Illi
1391 3444 1511 3488 enim
1528 3444 1702 3488 Tomon
1722 3443 1970 3488 condidere.
