2280 3776
483 356 592 412 Px
633 354 937 410 PONTO
974 355 1138 410 1113.
1183 356 1230 410 I.
1277 356 1560 414 EPIST.
1604 360 1680 415 X.

1856 362 1964 439 307

292 470 543 551 Quorum
574 472 847 533 materiam
879 471 972 531 (lat
1000 470 1151 559 locus
1181 472 1296 555 ipse
1323 473 1474 535 mihi.

209 564 315 627 Vix
350 567 516 641 igitur
545 567 722 650 possis
753 566 895 627 visos
926 589 1215 643 agnoscere
1246 568 1427 630 vultus
1453 593 1466 640 ;
1915 588 1970 630 25

293 666 530 748 Quoque
562 666 706 736 ierit,
741 687 972 748 quaeras,
1006 664 1100 747 qui
1131 664 1234 726 suit
1262 682 1419 738 ante,
1452 666 1619 729 color.

210 760 418 823 Parvus
444 763 501 822 in
531 762 692 823 exiles
722 785 917 823 succus
946 761 1078 822 mihi
1112 762 1356 844 pervenit
1383 779 1566 839 artua,

292 858 649 941 Membraque
680 873 807 918 sunt
836 881 952 917 cera
987 856 1271 941 pallidiora
1298 882 1454 918 nova.

210 951 334 1012 Non
366 952 476 1012 haec
503 953 794 1013 immodico
820 952 1060 1012 contraxi
1091 951 1285 1013 damna
1315 955 1474 1035 Lyaeo
1500 977 1514 1013 ε

294 1047 412 1108 Scis
442 1048 575 1108 mihi
605 1073 764 1130 quam
795 1048 924 1109 solae
954 1072 1103 1131 paene
1130 1048 1391 1109 bibantur
1417 1073 1587 1132 aquae.
1925 1067 1981 1110 30

213 1146 344 1205 Non
374 1144 550 1227 epulis
583 1168 806 1214 oneror;
833 1168 1061 1227 quarum
1093 1144 1135 1205 si
1170 1159 1358 1223 tangar
1387 1167 1598 1219 amore,

296 1244 398 1301 Est
424 1256 600 1301 tamen
629 1242 684 1300 in
716 1241 921 1302 Geticis
950 1240 1107 1324 copia
1138 1239 1287 1300 nulla
1318 1241 1471 1301 locis.

213 1338 327 1398 Nec
354 1338 492 1397 vires
522 1337 711 1396 adimit
745 1336 969 1409 Veneris
996 1337 1254 1396 damnosa
1284 1336 1574 1419 voluptas:

293 1434 419 1494 Non
453 1433 594 1495 solet
622 1433 677 1492 in
709 1447 931 1493 moestos
960 1430 1051 1492 illa
1082 1433 1262 1492 venire
1293 1448 1459 1492 toros.

214 1530 376 1591 Unda
409 1529 673 1612 locusque
704 1543 930 1597 nocent;
960 1552 1229 1611 causaque
1259 1527 1547 1589 nocentior
1570 1529 1756 1600 omni,
1933 1543 1987 1587 35

297 1628 560 1690 Anxietas
583 1611 746 1687 animi
768 1673 782 1698 ‚
818 1651 935 1710 quae
964 1626 1097 1686 mihi
1132 1637 1347 1709 semper
1371 1626 1539 1687 adest.

217 1725 376 1785 Hanc
402 1726 506 1786 uisi
538 1739 593 1784 tu
627 1723 831 1806 pariter
862 1722 1023 1782 simili
1055 1746 1176 1783 cum
1205 1723 1370 1784 fratre
1401 1722 1640 1795 levarim,

300 1820 408 1880 Vix
437 1843 590 1880 mens
622 1817 855 1878 tristitiae
882 1833 1070 1879 moesta
1101 1818 1316 1880 tulisset
1347 1844 1506 1881 onus.

218 1919 339 1981 Vos
365 1918 498 1980 estis
528 1916 708 1996 fragili
742 1915 903 1977 tellus
932 1940 1045 1975 non
1076 1916 1206 1977 dura
1237 1917 1462 2001 phaselo
1489 1941 1504 1991 ;

275 2060 339 2113 24.
369 2059 548 2112 Quorum
571 2059 786 2100 maten'am
810 2058 896 2099 dat.
928 2054 1064 2098 [orus

219 2122 292 2168 ubi
318 2121 463 2167 exsulo
495 2130 558 2165 est
579 2136 702 2177 asper
718 2152 729 2172 ‚
754 2128 797 2163 ct
827 2118 925 2162 ideo
956 2118 1065 2162 mihi

220 2188 383 2246 prabet
409 2185 636 2229 materiam
657 2184 874 2227 dolorum.

277 2269 341 2309 ²7·
371 2254 530 2295 Parvus
558 2254 603 2292 in
630 2252 762 2293 exiles
789 2264 939 2292 succus
964 2250 1070 2291 mihi

213 2322 404 2375 perveni!
429 2322 559 2359 artus.
594 2313 750 2357 Malim
775 2316 963 2358 Parcus.
997 2312 1064 2355 vel

221 2384 364 2427 Rarus
384 2397 395 2423 .·
415 2379 572 2423 deinde
586 2385 800 2434 permane!
814 2379 938 2421 multi
954 2386 1067 2420 vete-

223 2464 307 2491 res.
324 2445 457 2488 Forte
473 2451 671 2500 permeat.
686 2443 960 2486 1·1.—Pan›us
972 2457 1068 2484 suc-

223 2528 310 2557 cus.
333 2510 534 2554 Modicus
558 2508 718 2552 humor
739 2516 783 2550 ct
800 2502 983 2564 sanguis.

281 2593 345 2636 ²9·
381 2579 477 2619 Non
510 2577 598 2618 haec
633 2577 852 2616 immodico
877 2575 1076 2614 contraxi

225 2645 380 2687 damna
403 2642 540 2698 Lyoeo.
563 2638 683 2694 Eleg.
709 2651 757 2679 vl
787 2636 916 2692 hujus
942 2636 1038 2679 libri
1058 2651 1067 2678 :

227 2725 250 2746 «
272 2707 364 2750 Nec.
387 2705 505 2761 juvat
527 2704 570 2746 in
602 2703 744 2746 lucem
774 2701 911 2743 nimio
941 2716 1068 2743 mar-

225 2787 394 2816 cescere
414 2771 530 2813 vino.
554 2786 575 2806 »

293 2838 359 2880 30.
390 2836 483 2878 Scis
520 2835 628 2876 mihi
655 2849 776 2889 quam
809 2845 923 2886 pure
954 2847 1072 2886 pene

228 2901 424 2943 bibantur
437 2915 564 2955 aque.
582 2898 633 2940 In
650 2896 822 2949 Maffei,
843 2897 948 2942 Scis,
970 2898 1079 2937 mihi

229 2982 350 3023 quam
360 2969 460 3009 sole
470 2975 550 3009 etc.
566 2965 613 3007 in
629 2964 837 3007 ambobus
855 2978 958 3005 vero
972 2962 1072 3004 Vat.

232 3040 276 3074 et
306 3029 457 3073 Ursini
473 3030 600 3084 ‚‘Sc1·s
628 3032 734 3072 mihi
751 3030 866 3085 quod
879 3030 982 3070 sola·
993 3041 1074 3081 ρο·

232 3113 284 3140 ne
303 3103 383 3138 etc.
403 3093 518 3151 quod
539 3094 674 3150 magis
693 3094 842 3150 placet.
865 3091 995 3137 CloP.
1021 3115 1075 3125 ·-

239 3165 374 3216 Quam
406 3162 518 3201 durae
548 3159 674 3202 Basil.
707 3168 757 3202 ut
787 3158 841 3201 ad
881 3157 1076 3216 glaciatas

234 3240 366 3283 aquas
387 3222 597 3279 respiciat.

286 3293 357 3335 35.
400 3292 525 3332 Unda
559 3293 752 3345 Iocusque
788 3297 948 3332 nocent.
976 3289 1078 3332 No-

236 3366 333 3410 cet,
370 3357 511 3413 inquit
529 3389 540 3410 ,
574 3371 684 3412 aqua
708 3364 750 3398 et
778 3371 850 3397 aer
867 3387 878 3407 ,
906 3354 974 3397 vel
996 3354 1078 3398 loci

238 3422 455 3479 asperitas.
469 3445 522 3454 ·-
539 3423 599 3464 Et
609 3433 741 3464 causa
758 3423 1078 3464 valenttbrelctfir.

247 3489 463 3531 Valentior
483 3490 599 3530 omna·
615 3485 703 3528 duo
730 3484 854 3528 libri:
873 3483 964 3539 lege
985 3500 1082 3527 cau-

1144 2071 1273 2111 saque
1292 2058 1498 2099 valentior
1513 2061 1631 2100 omni
1640 2070 1655 2109 ,·
1681 2072 1891 2114 causaque
1914 2074 1993 2102 no·

1144 2126 1304 2165 cente'or
1312 2127 1427 2164 omm'
1439 2120 1648 2179 Excerpta
1668 2124 1703 2162 V
1710 2123 1805 2166 ossii
1822 2142 1832 2175 ;
1857 2123 1990 2166 etiam

1146 2202 1235 2229 non
1257 2186 1381 2229 male.
1398 2186 1564 2230 Huius.

1200 2250 1265 2292 35.
1292 2251 1502 2293 Anaee'etas
1519 2253 1661 2292 animi.
1684 2250 1755 2293 Sir
1782 2266 1910 2305 supra
1935 2250 1989 2294 ad

1145 2329 1339 2356 uxorem.
1355 2337 1407 2345 ·-
1419 2316 1723 2368 Semperne-st.
1739 2314 1871 2358 MSS.
1887 2315 1993 2358 Bar-

1148 2380 1223 2424 thii
1248 2385 1387 2431 e‘nes!;
1421 2389 1546 2436 atque
1572 2381 1628 2424 ita
1654 2381 1778 2424 Basil.

1204 2446 1269 2499 37.
1291 2447 1430 2489 Simili
1442 2446 1681 2501 cums‘alre
1701 2456 1779 2490 etc.
1803 2447 1990 2492 Videtur

1147 2511 1182 2553 is
1202 2510 1428 2553 Graecinus
1453 2526 1541 2553 esse
1563 2543 1575 2563 ,
1605 2519 1652 2554 ut
1672 2510 1785 2554 infra
1808 2511 1877 2555 lib.
1901 2513 1988 2566 lV,

1150 2575 1272 2631 Eleg.
1295 2589 1355 2618 1x.
1375 2575 1547 2618 Micia..

1205 2640 1270 2682 38.
1301 2642 1383 2682 Ve't
1409 2656 1522 2682 mens
1547 2643 1723 2682 trtltlitt‘ae
1748 2649 1891 2684 nostra
1920 2647 1993 2684 lu-

1149 2711 1270 2751 lisset
1283 2725 1399 2751 onus.
1421 2708 1576 2751 Malim
1595 2725 1708 2751 mens
1727 2717 1870 2752 moesla
1888 2726 1991 2753 cum

1151 2773 1342 2828 quinque
1366 2772 1533 2828 scriptis
1548 2804 1560 2827 ,
1592 2782 1635 2816 et
1660 2773 1806 2830 priscis
1827 2774 1994 2819 editio-

1151 2837 1291 2880 nibus.
1314 2838 1480 2880 Hssms.

1207 2903 1272 2961 39.
1300 2904 1459 2946 Fracte
1475 2904 1665 2958 phaselo.
1691 2906 1856 2958 Fragai
1876 2904 1997 2947 Bar—

1152 2965 1291 3010 berin.
1318 2967 1430 3009 bene
1453 2983 1463 3009 :
1485 2966 1597 3023 apud
1622 2967 1779 3010 Horat.
1804 2968 1874 3010 lib.
1897 2969 1994 3025 Ill,

1156 3029 1242 3074 Od.
1266 3044 1302 3073 11
1319 3063 1331 3084 ‚
1355 3047 1415 3073 vs.
1436 3031 1487 3073 28
1509 3046 1520 3073 ε
1541 3049 1562 3068 «
1585 3030 1870 3088 fragilemque
1900 3050 1997 3077 me-

1155 3112 1255 3139 cum
1267 3095 1413 3138 Solvat
1423 3095 1669 3140 Phaselum.
1681 3115 1702 3133 »ι
1716 3097 1996 3155 Prudentius,

1155 3161 1228 3203 lib.
1254 3161 1324 3213 11,
1356 3170 1505 3204 contra
1532 3161 1781 3219 Symmach.
1808 3181 1830 3199 «ι
1856 3163 1999 3207 Instar

1157 3234 1282 3269 erant
1293 3225 1436 3269 tenuis
1445 3226 1609 3284 cymba:
1617 3258 1629 3280 ,
1644 3226 1887 3283 fragilisque
1901 3229 2000 3285 pha·

1157 3290 1233 3333 seli
1257 3307 1268 3341 ;
1297 3308 1318 3326 »
1349 3305 1478 3345 supra
1506 3289 1625 3347 Eleg.
1658 3291 1740 3343 lv,
1771 3307 1878 3334 vers.
1911 3293 1963 3335 35
1986 3308 1999 3335 :

1160 3372 1182 3391 «
1208 3355 1295 3397 Nos
1320 3352 1460 3409 fragili
1487 3354 1603 3409 ligno
1623 3362 1790 3397 vastum
1816 3355 1999 3398 sulcavi-

1159 3433 1256 3460 mus
1279 3432 1439 3473 aequor.
1462 3435 1485 3454 ι»
1510 3418 1671 3461 Statius
1688 3451 1699 3471 ‚
1726 3419 1999 3476 Propempti-

1160 3498 1243 3526 con
1259 3482 1400 3525 Metio
1425 3480 1570 3525 Celeri
1592 3498 1602 3525 :
1625 3501 1647 3521 «
1666 3483 1797 3539 Fugit
1815 3484 1911 3528 ecc'e
1934 3500 2001 3525 va-
