2280 3776
449 335 556 390 EX
597 331 891 387 PONTO
930 331 1092 386 LIB.
1135 328 1247 386 lv.
1290 328 1565 385 EPIST.
1610 330 1792 384 VIII.
1887 330 1993 400 443

234 454 363 512 Non
394 450 524 513 sinit
550 449 641 511 illa
669 448 754 510 sui
781 470 944 508 vanas
969 444 1230 507 antistitis
1257 466 1501 528 unquam
1949 465 1999 506 25

318 549 452 607 Esse
482 567 667 629 preces
692 569 704 604 ε
732 542 938 604 nostris
967 541 1097 602 hinc
1122 555 1249 624 pete
1275 542 1442 603 rebus
1467 563 1647 626 opem.

242 640 562 723 Quamlibet
590 640 782 719 exigua
809 637 854 700 si
882 659 987 698 nos
1016 660 1075 698 ea
1101 636 1300 719 juverit
1327 659 1485 711 aura,

283 807 285 809 ¹
326 738 546 799 Obruta
574 737 637 799 de
662 736 855 798 mediis
883 735 1078 820 cymba
1107 749 1355 814 resurget
1378 735 1552 818 aquis.

244 835 401 895 Tunc
430 859 534 913 ego
562 848 683 895 tura
708 834 875 895 feram
902 832 1111 917 rapidis
1141 831 1405 894 solemnia
1431 832 1693 905 flammis;

324 933 429 1003 Et,
463 930 672 995 valeant
701 945 964 1014 quan-tum
989 931 1244 1002 numina,
1279 930 1433 991 testis
1462 952 1574 990 ern.
1964 946 2014 985 30»

243 1030 359 1090 Nec
388 1029 489 1089 tibi
519 1028 583 1089 de
610 1029 769 1089 Pario
795 1043 1031 1089 statuam
1051 1075 1067 1102 ‚
1097 1028 1420 1089 Germanice
1439 1074 1454 1101 ,
1487 1025 1750 1111 templum

329 1125 606 1186 Marmore
634 1150 647 1185 z
678 1125 881 1207 carpsit
911 1148 1045 1209 opes
1074 1123 1169 1186 illa
1197 1124 1354 1184 ruina
1378 1145 1542 1184 meas.

248 1222 477 1306 Templa
508 1223 702 1284 domus
730 1223 890 1284 vobis
914 1222 1116 1284 faciant
1139 1222 1418 1305 urbesque
1444 1222 1617 1283 beatae
1642 1247 1653 1281 :

331 1321 480 1380 Naso
513 1319 627 1380 suis
656 1320 860 1404 opibus
879 1366 894 1393 ,
925 1319 1190 1392 carmine,
1221 1332 1408 1399 gratus
1435 1318 1552 1378 erit.

253 1413 425 1474 Parva
454 1414 672 1498 quidem
703 1414 880 1475 fateor
907 1438 1010 1499 pro
1037 1413 1251 1494 magnis
1278 1437 1504 1476 munera
1531 1413 1710 1487 reddi,
1978 1431 2028 1469 155.

339 1512 531 1591 Quum
560 1535 662 1594 pro
690 1534 949 1573 concessa
974 1513 1137 1573 verba
1165 1512 1338 1573 salute
1362 1514 1573 1574 damus.
1719 1582 1725 1588 ‚

260 1606 370 1668 Sed
397 1608 524 1690 qui,
556 1632 717 1691 quam
748 1608 964 1693 potuit,
998 1610 1092 1669 dat
1121 1610 1354 1671 maxima
1375 1658 1389 1683 ‚
1421 1624 1608 1690 gratus
1633 1607 1851 1670 abunde
1874 1622 1988 1669 est:

342 1703 418 1762 Et
445 1701 606 1763 finem
634 1703 806 1786 pietas
837 1704 1069 1784 contigit
1095 1703 1189 1765 illa
1221 1728 1396 1766 suum.

262 1800 378 1861 Nee
398 1847 412 1873 ,
447 1824 564 1883 quae
592 1801 659 1860 de
689 1826 850 1886 parva
881 1803 983 1862 Dis
1012 1823 1222 1886 pauper
1247 1802 1387 1863 libat
1420 1826 1599 1863 acerra
1617 1850 1631 1874 ,

344 1901 494 1960 Tura
524 1901 733 1973 minus,
769 1901 961 1979 grandi
991 1923 1155 1983 quarn
1182 1901 1308 1960 data
1339 1899 1518 1971 lance,
1547 1899 1760 1960 valent:
1987 1916 2039 1970 lp·

265 1999 534 2080 Agnaque
563 2012 672 2057 tam
696 1997 931 2070 lactem,
965 2021 1128 2080 quam
1159 1997 1399 2076 gramine
1425 2012 1583 2081 pasta
1609 1996 1823 2058 Falisco

347 2097 613 2170 Victima,
644 2097 910 2180 Tarpeios
939 2096 1115 2156 inficit
1143 2097 1249 2157 icta
1277 2096 1450 2156 focos.

253 2192 384 2252 -Nec
403 2202 590 2252 ¹'tamen
606 2238 620 2264 ,
654 2190 835 2252 officio
859 2206 1043 2252 vatum
1072 2215 1169 2273 per
1199 2192 1437 2251 carmina
1460 2190 1604 2251 facto
1623 2237 1637 2259 ,

354 2287 708 2370 Principibus
734 2312 823 2348 res
851 2303 932 2348 est
965 2289 1171 2366 gratior
1194 2287 1306 2347 ulla
1332 2287 1481 2347 viris.

279 2384 530 2446 Carmina
558 2399 859 2445 vestrarum
889 2399 1161 2468 peragunt
1190 2383 1463 2468 praeconia
1493 2381 1750 2444 laudum:
1996 2398 2049 2452 45

358 2479 509 2542 Neve
536 2481 610 2542 sit
635 2495 880 2541 actorum
906 2480 1049 2540 fama
1074 2480 1280 2541 ‘caduca
1309 2495 1511 2540 cavent.

283 2578 534 2653 Carmine
559 2578 625 2639 fit
651 2578 807 2639 vivax
831 2578 1036 2650 virtus;
1065 2601 1368 2661 expersque
1397 2577 1661 2662 sepulcri,

362 2669 631 2739 Notitiam
660 2700 790 2738 serae
816 2677 1157 2759 posteritatis
1185 2677 1367 2737 habet.

284 2771 498 2837 'rabida
527 2773 805 2834 consumit.
827 2771 1032 2833 serrum
1060 2772 1406 2857 lapidemque
1432 2789 1707 2846 vetustam,

367 2870 644 2954 Nullaque
674 2895 759 2931 res
786 2871 963 2952 majus
993 2885 1236 2954 tempore
1264 2872 1439 2932 robur
1454 2872 1639 2934 habet.

268 2960 718 3054 ¹Scripta-ferunt
748 2991 921 3029 annos
946 2993 958 3027 :
987 2967 1208 3051 scriptis
1231 2970 1647 3048 Agamemnona
1673 2970 1855 3039 nosti;

350 3137 415 3178 25.
433 3135 534 3177 1110.
547 3134 714 3179 Scilicet
726 3151 802 3179 ara
811 3134 1138 3178 Germanici.—-
1226 3139 1420 3181 Victima.
1441 3137 1675 3194 Quantum
1700 3136 1912 3189 iuvencus
1929 3135 2067 3178 nutri-

296 3199 602 3242 Suiantismeoe.
618 3197 696 3241 Sui
711 3199 966 3254 sacerdotis,
987 3209 1031 3243 et
1044 3201 1138 3257 ejus
1220 3203 1287 3236 tus
1305 3192 1440 3236 herba
1457 3226 1469 3248 ‚
1494 3208 1594 3249 (μω
1611 3193 1662 3235 in
1680 3191 1846 3236 Falisco
1866 3207 1969 3248 agro
1990 3207 2067 3233 na-

298 3263 371 3318 qui
391 3262 444 3306 ad
464 3261 582 3306 illam
603 3262 813 3319 confugi-t.
1222 3258 1431 3302 scebatur.

355 3328 422 3387 39.
435 3330 529 3372 Nec
543 3335 716 3383 qua-etc.
734 3329 821 3371 Nec
831 3329 944 3385 quod
950 3329 1141 3382 dapar-oa
1276 3325 1345 3378 42.
1372 3322 1716 3377 Tatpet'osfocos.
1737 3321 1875 3365 Focos
1892 3319 2067 3375 Capito-

301 3400 369 3437 lus
379 3409 541 3449 pauper
555 3393 740 3436 Medon.
1224 3389 1557 3446 linos—Inficit.
1570 3387 1722 3444 Tingit
1740 3401 1907 3430 cruore.

360 3461 422 3513 41.
458 3461 592 3513 Quam
617 3462 800 3514 gramm
822 3465 951 3514 pasta
976 3461 1142 3502 Falisco
1267 3458 1330 3513 49
1354 3457 1515 3498 ΤαΙιίιΙα
1526 3462 1729 3496 uetustas.
1744 3450 1999 3505 Longinqua
2015 3464 2073 3487 sc-
