2268 3848
430 316 889 373 TRISTIUM
928 316 1094 371 LIB.
1140 316 1187 370 Ι.
1233 316 1481 372 ELEG.
1526 318 1640 372 IX.
1862 319 1935 387 45

226 434 455 496 Pectora
484 459 745 520 processu
775 434 915 496 sacta
945 457 1133 495 serena
1167 448 1281 495 tuo.
1879 454 1936 511 40

145 535 271 595 Hoc
303 549 624 596 eventurum
650 534 756 615 jam
793 549 935 605 tum,
972 532 1247 594 carissime
1267 581 1280 606 ,
1308 531 1456 605 vidi,

230 631 421 692 Ferret
450 630 629 690 adhue
655 629 814 690 istam
849 652 1020 712 quum
1049 629 1234 689 minor
1260 651 1389 688 aura
1419 643 1605 690 ratem.

148 727 270 789 Sive
296 727 523 813 aliquod
553 750 798 799 morum,
834 750 929 787 seu
953 726 1076 788 vitae
1104 725 1227 788 labe
1255 726 1489 787 carentis

229 827 335 887 Est
361 825 625 910 pretium·,
655 848 816 885 nemo
849 823 1024 908 pluris
1053 822 1341 884 habendus
1365 823 1486 883 erit.

148 922 273 984 Sive
303 947 403 1007 per
430 922 695 1001 ingenuas
726 920 927 1004 aliquis
959 935 1127 1006 eaput
1155 919 1351 981 extulit
1378 935 1552 995 artes;
1886 941 1941 995 45

229 1017 509 1100 Quaelibet
539 1017 763 1101 eloquio
792 1017 854 1077 fit
884 1018 1031 1078 bona
1058 1042 1216 1079 causa
1251 1032 1365 1078 tuo,

145 1115 251 1177 His
280 1140 382 1196 ego
413 1131 751 1186 commotuS,
783 1114 895 1174 dixi
934 1114 1035 1175 tibi
1066 1116 1323 1199 protinus
1353 1115 1459 1199 ipsi
1487 1140 1501 1176 :
1593 1148 1661 1193 q,
1718 1118 1722 1122 ’

228 1213 395 1275 Scena
427 1226 614 1274 manet
642 1212 798 1272 dotes
827 1211 1079 1289 grandis,
1112 1211 1307 1282 amice,
1336 1225 1475 1271 tuas,
1634 1259 1637 1264 .
1671 1252 1692 1271 .

143 1309 277 1370 Haec
303 1306 582 1370 mihinon
614 1307 799 1367 ovium
827 1306 1004 1379 fibrae,
1034 1305 1337 1367 tonitrusve
1370 1304 1608 1379 sinistri,

146 1444 230 1499 IV,
247 1444 314 1489 ΕΙ.
327 1459 391 1500 v1,
406 1461 456 1488 αα
471 1459 481 1488 :
498 1463 519 1483 «
540 1444 758 1501 Mensque
776 1443 877 1487 mali
898 1460 1001 1488 sen-

145 1526 243 1554 sum
277 1518 424 1554 nostra
455 1509 642 1554 recentis
672 1509 814 1553 habet.
839 1527 860 1546 »
895 1508 1001 1566 Epi·

147 1575 256 1619 stola
287 1574 456 1620 Paridis
474 1607 486 1629 ,
517 1579 648 1619 sentis
677 1590 770 1619 mea
802 1577 998 1625 vulnera,

148 1645 293 1686 sentis.
308 1641 476 1685 Hnms.
496 1663 552 1673 —-
573 1640 730 1698 Incipit
749 1640 818 1683 hir.
841 1656 1001 1683 novam

150 1706 347 1765 Elegiam
358 1706 773 1751 Francof.Leidens.
788 1707 1002 1751 Bernens.

151 1782 195 1816 et
219 1772 396 1829 quidam
421 1773 504 1816 alii.
531 1772 759 1830 Crispinus
784 1789 888 1816 vero
918 1788 1001 1816 no-

149 1853 248 1881 vam
266 1837 462 1896 Elegiam
477 1838 653 1883 inchoat
670 1854 692 1881 a
708 1837 1004 1896 distichoprae·

148 1903 322 1948 cedenti
339 1937 350 1959 ,
380 1920 469 1962 quo
497 1913 672 1950 auctore
696 1937 706 1956 ,
742 1903 903 1948 nescio.
926 1904 1003 1948 llla

148 1979 294 2015 autem
313 1986 560 2028 prosumo,
601 1969 770 2013 nullum
801 1969 907 2013 mihi
938 1970 1003 2013 vi-

147 2033 314 2078 dentur
332 2033 490 2079 habere
513 2050 704 2078 sensum.
735 2034 909 2078 Merula
928 2051 1003 2078 ex-

147 2099 277 2156 plicat
295 2132 307 2154 ,
332 2115 412 2157 pro
442 2099 729 2157 intelligentia
755 2109 827 2144 tua
851 2108 894 2144 et
918 2099 1002 2144 do-

148 2163 318 2216 ctrina;
346 2163 560 2222 quosdam
590 2164 722 2209 etiam
748 2165 806 2208 ait
829 2165 1000 2222 legere,

141 2244 220 2284 pro
237 2244 364 2273 sensu
386 2233 472 2281 tui,
496 2239 545 2274 ut
566 2229 620 2274 sit
640 2246 720 2288 pro
747 2229 897 2274 auditu
920 2246 1005 2273 no-

149 2295 282 2340 minis
306 2296 382 2340 tui.
405 2296 572 2342 Omnia
595 2314 704 2341 vana
724 2330 735 2351 ,
760 2307 804 2341 et
824 2298 916 2341 sine
940 2298 1005 2341 le·-

150 2374 259 2415 pore
275 2368 320 2404 et
337 2362 498 2419 gratia:
518 2361 604 2419 agit
628 2362 748 2405 enim
773 2361 827 2405 de
850 2363 1003 2406 incre-

155 2419 310 2468 ment&
341 2427 468 2470 amici
498 2428 594 2481 sui,
629 2426 746 2484 quod
782 2427 887 2471 olim
913 2428 1004 2483 jam

156 2498 390 2546 auguratus
401 2500 516 2546 erat,
534 2501 576 2535 et
593 2508 712 2535 nune
724 2492 904 2548 obponit
917 2508 1005 2536 suae

155 2555 413 2612 calamitati,
445 2566 490 2600 et
511 2557 794 2601 decremento
820 2558 1005 2615 propriae

155 2620 348 2665 fortunae
363 2639 372 2666 :
388 2639 522 2679 quare
543 2623 734 2681 legerem
750 2640 760 2666 τ
777 2642 798 2661 «
822 2625 1006 2668 Pectora

155 2700 359 2741 processu
393 2687 506 2731 facta
540 2704 694 2731 serena
727 2698 816 2732 tuo.
848 2707 868 2726 »
889 2689 1006 2731 Pro-

155 2765 321 2802 cessus,
351 2759 415 2794 est
437 2751 762 2796 incrementum
776 2785 787 2807 ,
818 2752 976 2810 gradus
992 2785 1004 2808 ,

154 2815 223 2872 cuj
231 2832 278 2859 us
291 2815 427 2873 glossa
442 2826 506 2860 est
513 2827 744 2872 provectus,
756 2826 1006 2874 proventus,-

153 2879 356 2925 Juvenal.
390 2882 533 2942 Satyr.
555 2883 577 2926 Ι
599 2915 611 2937 ,
643 2899 753 2926 vers.
784 2884 876 2927 38:
900 2901 922 2921 «
951 2884 1005 2927 In

153 2945 306 2991 caelum
328 2963 436 3005 quos
456 2949 626 3005 evehit,
649 2950 813 3006 optima
842 2949 1006 2992 summi

155 3015 286 3058 Nunc
305 3016 372 3060 via
400 3033 622 3074 processus
640 3049 652 3072 ,
683 3016 840 3060 vetulae
865 3017 1005 3060 vesica

152 3080 304 3125 beatae.
325 3100 348 3120 ι»
368 3081 534 3127 Bunm.

209 3147 275 3200 4ι.
299 3148 394 3191 Hoc
411 3150 735 3191 tibiventurum.
768 3150 862 3192 Hoc
881 3163 1007 3192 even-

151 3218 287 3254 turum
299 3211 427 3269 prim.
444 3212 570 3256 Polit.
582 3213 711 3269 prim.
730 3213 871 3256 Vatic.
893 3229 1006 3256 unus

154 3276 382 3321 Mediceus
404 3310 416 3332 ,
452 3286 494 3322 et
519 3278 842 3336 Rottendorph.
865 3279 1004 3323 bene:

155 3341 223 3384 alii
236 3358 314 3397 ego
325 3351 537 3386 venturum
548 3378 558 3395 ,
578 3344 646 3388 vel
656 3347 978 3388 miht’venturum
991 3359 1006 3397 ,·

157 3408 289 3451 Pont.
312 3407 408 3462 III,
433 3407 554 3466 Eleg.
576 3423 622 3452 1v
639 3442 650 3463 ,
675 3427 733 3454 vs.
760 3410 835 3453 113
864 3426 874 3454 z
898 3429 919 3449 α
945 3410 1006 3454 Di

157 3490 347 3530 quorum
364 3476 533 3520 monitu
549 3493 699 3522 sumus
718 3487 929 3523 eventura
941 3479 1008 3522 lo—

1084 1443 1187 1487 cuti.
1212 1462 1232 1480 »
1276 1442 1486 1500 Epicedio
1519 1442 1689 1498 Drusi,
1731 1445 1942 1489 foemam

1077 1525 1237 1564 precor.
1270 1509 1377 1551 Mox
1411 1512 1547 1552 minor
1565 1525 1671 1552 aum
1700 1526 1780 1567 pro
1805 1515 1943 1556 minus

1085 1574 1299 1617 meliores.
1324 1573 1491 1617 limes.

1141 1640 1207 1693 4-ι.
1230 1641 1364 1681 Istam
1383 1647 1527 1683 ratem,
1553 1639 1617 1682 Te
1640 1638 1781 1696 ipsum
1805 1647 1849 1682 et
1867 1639 1939 1682 in-

1087 1704 1279 1762 genium.

1142 1772 1207 1825 44.
1232 1772 1360 1813 Nemo
1372 1773 1508 1825 pluris
1522 1772 1719 1814 emendus
1730 1778 1833 1814 erat.
1847 1772 1942 1813 Ha·

1083 1837 1241 1878 bcndus
1260 1842 1351 1880 cra!
1370 1835 1496 1893 prim.
1518 1837 1717 1879 vatican.
1746 1844 1788 1879 et
1810 1836 1941 1893 prim.

1086 1899 1221 1944 Palat.
1237 1903 1454 1945 habendus
1467 1905 1547 1944 erit
1558 1900 1666 1945 alter
1682 1900 1775 1946 Pon
1783 1911 1809 1946 t.
1828 1903 1941 1946 Rot-

1085 1965 1315 2023 tendorph.
1354 1975 1398 2011 et
1429 1966 1517 2010 duo
1545 1967 1611 2009 atii
1647 1983 1657 2010 :
1690 1968 1839 2025 probe.
1866 1969 1939 2012 Sic

1087 2030 1244 2075 Cicero
1261 2032 1498 2090 Philippica
1510 2032 1537 2075 6
1551 2049 1560 2076 :
1576 2034 1717 2076 Pluris
1731 2035 1801 2077 hic
1812 2036 1942 2077 habe·

1081 2105 1165 2146 tur,
1189 2115 1312 2155 quam
1329 2102 1460 2154 alt'bt',·
1477 2114 1556 2157 pro
1574 2099 1838 2151 estimatum
1862 2100 1940 2144 Ju-

1082 2165 1262 2219 venalis,
1280 2165 1435 2225 Satyra
1456 2182 1528 2220 10,
1552 2183 1602 2209 ex
1623 2166 1811 2222 antiquis
1826 2165 1940 2210 codi-

1083 2230 1202 2274 cibus
1217 2245 1227 2271 :
1244 2249 1263 2266 «
1277 2230 1412 2274 Visne
1425 2230 1598 2274 salutari
1611 2231 1719 2274 sicut
1732 2230 1934 2287 Sejanus,

1083 2294 1234 2339 haberi
1257 2295 1590 2345 'l'antumdem3
1622 2314 1643 2333 »
1666 2296 1740 2339 ubi
1770 2297 1814 2338 in
1846 2296 1941 2340 vul-

1085 2362 1191 2418 gatis
1213 2370 1276 2404 est
1297 2364 1455 2404 habere.
1483 2361 1651 2404 HEINS.

1141 2427 1206 2479 45.
1229 2426 1323 2467 Sive
1334 2442 1413 2480 per
1430 2430 1636 2481 ingenuas
1702 2434 1844 2479 artes5
1865 2442 1938 2470 ar-

1086 2499 1152 2534 tes
1175 2489 1372 2533 liberales
1389 2523 1399 2544 ,
1418 2490 1622 2548 ingenuis
1641 2491 1804 2548 dignas.

1141 2557 1206 2610 48.
1228 2553 1363 2598 Scena'
1381 2567 1523 2600 manet
1537 2560 1666 2600 dotes.
1692 2558 1827 2602 Dotes
1848 2559 1937 2603 istae

1085 2620 1490 2679 aliquandomagno
1501 2621 1672 2666 theatro
1682 2624 1938 2680 spectabun-

1085 2694 1171 2729 tur.
1194 2688 1375 2731 BERSM.

1140 2755 1204 2811 49.
1233 2755 1328 2796 Hoc
1353 2755 1467 2796 mihi.
1501 2754 1605 2796 Hoec
1631 2753 1846 2797 meliores.
1871 2755 1935 2798 H.

1084 2841 1138 2850 -
1159 2820 1253 2861 Hoc
1279 2821 1388 2861 mihi
1407 2835 1491 2861 non
1519 2822 1655 2862 ονίιιηι
1666 2821 1804 2875 fibrae.
1833 2820 1935 2863 Non

1085 2883 1275 2927 divinavi
1288 2884 1394 2938 haec,
1412 2894 1619 2943 tanquam
1634 2885 1848 2943 haruspex
1859 2921 1870 2939 ,
1886 2904 1938 2931 ex

1085 2949 1339 2993 animalium
1366 2953 1471 2994 extis
1502 2968 1512 2994 :
1542 2951 1645 2994 inde
1677 2952 1900 3008 extispices
1921 2986 1933 3007 ‚

1084 3017 1366 3073 extispicium.
1388 3020 1631 3060 Tonitmsoe
1643 3022 1819 3061 simittri.
1844 3018 1936 3061 Di-

1083 3082 1292 3126 vinabant
1319 3083 1450 3126 etiarn
1488 3099 1566 3139 per
1595 3082 1769 3139 fulgura
1790 3115 1803 3136 ,
1840 3100 1938 3140 quae

1084 3147 1385 3191 observabant.
1407 3147 1528 3191 Laeva
1545 3148 1562 3201 (
1578 3156 1753 3191 auctore
1772 3149 1935 3203 Plinio)

1084 3229 1288 3270 prospera
1310 3212 1669 3256 existimabantur
1685 3246 1697 3266 ,
1726 3216 1937 3270 quoniam

1083 3280 1188 3324 laeva
1216 3288 1337 3336 parte
1366 3279 1522 3322 mundi
1558 3288 1680 3323 ortus
1705 3290 1769 3324 est
1799 3298 1809 3324 ε
1838 3290 1936 3326 tum

1085 3363 1181 3404 quae
1201 3346 1325 3389 nobis
1348 3346 1519 3389 sinistra
1532 3355 1638 3389 >sunt
1654 3380 1666 3400 ,
1687 3363 1737 3390 ea
1758 3347 1937 3405 Superis

1084 3412 1234 3455 dextra
1253 3410 1426 3455 demitti
1439 3411 1683 3455 creduntur
1698 3431 1708 3463 ;
1726 3412 1822 3456 vide
1837 3414 1937 3457 Plu-

1085 3478 1222 3522 tarch.
1242 3477 1411 3535 Quaest.
1434 3493 1546 3522 rom.
1566 3480 1630 3535 78.
1652 3479 1798 3523 Pon-r.
