2280 3776
524 348 635 402 EX
674 344 967 402 PONTO
1007 344 1164 399 LIB.
1208 345 1256 397 1.
1298 341 1563 399 EPIST.
1608 343 1719 397 lv.

1898 363 2004 419 277

332 465 592 528 Anxietas
619 461 816 535 animi,
844 460 1242 543 continuusque
1270 459 1444 520 labor.

250 565 392 625 Nam
418 586 536 624 mea
559 585 659 646 per
683 559 884 637 longos
914 557 960 619 si
989 556 1113 643 quis
1139 557 1279 618 mala
1309 558 1517 637 digerat
1546 578 1749 626 annos,

336 658 510 719 Crede
534 655 669 717 mihi
686 702 700 728 ,
729 653 888 738 Pylio
913 655 1144 714 Nestore
1173 652 1344 734 major
1368 677 1480 712 ero.
1965 678 2013 707 ιο

252 756 477 829 Cernis,
506 769 569 816 ut
590 754 648 814 in
674 753 856 827 duriS,
882 766 937 814 et
965 751 1098 835 quid
1125 750 1266 811 bove
1293 750 1502 811 firmius
1525 751 1549 810 ?
1578 748 1718 810 arvis

332 853 518 915 Fortia
547 867 827 913 taurorum
843 867 1083 934 ‘corpora
1110 850 1326 928 frangat
1351 872 1510 933 opus,

252 951 395 1031 Quae
422 972 702 1031 nunquam
729 971 900 1009 vacuo
931 946 1092 1008 solita
1120 960 1202 1006 est
1228 968 1435 1006 cessare
1463 943 1668 1015 novali,

333 1045 630 1107 Fructibus
657 1044 902 1106 adsiduis
926 1044 1065 1106 lassa
1095 1043 1323 1105 senescit
1350 1042 1552 1103 humus
1576 1067 1589 1102 :

255 1143 518 1215 Occidet,
550 1141 619 1202 ad
648 1142 791 1203 Circi
823 1142 868 1203 si
899 1140 1022 1225 quis
1050 1141 1338 1201 certamina
1368 1163 1582 1222 semper
1966 1153 2013 1193 15

331 1239 459 1299 Non
485 1238 811 1300 intermissis
835 1236 1089 1299 cursibus
1117 1237 1223 1297 ibit
1254 1259 1426 1319 equus
1452 1261 1465 1297 ε

252 1333 433 1394 Firma
463 1333 535 1394 sit
562 1331 656 1394 illa
683 1331 809 1394 licet
827 1380 842 1406 ,
873 1330 1115 1393 solvetur
1139 1330 1197 1390 in
1225 1354 1442 1414 aequore
1472 1330 1650 1402 navis,

333 1432 474 1512 Quae
501 1455 785 1515 nunquam
813 1429 1039 1514 liquidis
1071 1429 1211 1491 sicca
1241 1428 1444 1490 carebit
1469 1430 1642 1513 aquis.

257 1528 351 1589 Me
383 1549 602 1612 quoque
631 1526 880 1588 debilitat
906 1526 1069 1588 series
1096 1526 1356 1587 immensa
1382 1524 1679 1598 malorum,

339 1623 485 1684 Ante
514 1646 694 1684 meum
724 1638 938 1706 tempus
969 1621 1118 1701 cogit
1142 1636 1197 1682 et
1218 1645 1335 1683 esse
1367 1646 1567 1683 senem.
1968 1649 2022 1677 20

263 1720 394 1782 Otia
423 1745 624 1805 corpus
654 1720 837 1792 alunt;
867 1720 1083 1781 animus
1114 1741 1333 1803 quoque
1359 1720 1605 1802 pascitur
1633 1717 1742 1779 illis
1766 1742 1778 1779 ε

338 1816 672 1878 Immodicus
703 1831 891 1878 contra
920 1815 1096 1898 carpit
1120 1830 1416 1898 utrumque
1444 1813 1618 1876 labor.

259 1913 522 1998 Adspice,
554 1914 612 1974 in
641 1914 739 1975 has
770 1928 951 1997 partes
982 1912 1132 1996 quod
1161 1911 1367 1974 venerit
1394 1912 1599 1973 AEsone
1628 1926 1819 1983 natuS,

311 2052 351 2096 8.
366 2052 668 2108 Conte'reuusque
679 2053 807 2095 labor.
826 2051 885 2095 Et
898 2047 1101 2094 adsiduus

259 2130 308 2158 ac
334 2114 609 2172 quotidianus
633 2116 824 2173 corporis
855 2113 1068 2159 cruciatus
1083 2147 1095 2170 ‚

258 2179 565 2225 sollicitudines
580 2213 592 2236 ,
617 2196 812 2237 angores.

313 2262 352 2305 9.
365 2246 488 2289 Malu
501 2249 663 2302 digerat
671 2262 819 2290 anuos.
833 2248 1017 2288 Duxerit
1025 2260 1099 2287 an-

259 2325 337 2353 nos
365 2309 479 2362 duo;
509 2310 627 2368 quod
660 2325 752 2354 non
778 2309 1096 2365 spernendum:

261 2376 407 2418 ducere
417 2375 537 2419 enim
549 2375 730 2420 verbum
747 2374 1042 2428 arithmetice,
1057 2381 1101 2416 et

262 2438 487 2484 ratiocinio
501 2441 723 2497 proprium
736 2456 825 2484 esse
838 2439 985 2483 docuit
992 2438 1101 2483 Gro-

264 2504 419 2549 novius
440 2537 453 2560 ,
488 2504 673 2549 Observ.
702 2506 770 2560 11,
799 2520 860 2547 10.
891 2504 1011 2549 Nihil
1036 2513 1103 2547 ta-

266 2586 368 2614 men
389 2579 556 2614 temere
577 2579 758 2614 mutem.
778 2571 940 2614 Bmuu.

325 2650 387 2679 10.
404 2635 528 2694 Pylio
547 2637 730 2678 Nestore.
743 2635 904 2679 Nestor
915 2651 964 2678 ex
978 2634 1102 2694 Pylo,

265 2699 372 2744 urbe
395 2700 605 2744 Laconiae.
622 2700 782 2743 Nestor
801 2708 948 2743 autem
962 2715 986 2741 a
999 2714 1106 2755 poe-

267 2765 321 2810 tis
336 2766 510 2810 tertiam
526 2765 758 2809 hominum
773 2773 944 2808 aetatem
958 2764 1106 2808 vixisse

268 2828 411 2874 fertur
431 2863 444 2886 ,
473 2830 518 2874 id
549 2838 613 2874 est
631 2863 643 2883 ,
678 2838 924 2874 tercentum
957 2844 1107 2871 annos.

271 2893 436 2940 Plinius
454 2905 602 2940 tamen
624 2895 694 2939 lib.
724 2896 816 2939 Vll
834 2895 980 2939 scribit
1004 2910 1107 2938 eum

271 2961 514 3016 pervenisse
543 2962 597 3005 ad
627 2979 681 3021 99
705 2972 872 3006 annum
899 2978 910 3004 ε
933 2961 1109 3018 triginta

275 3023 470 3069 videlicet
481 3028 626 3082 annis,
641 3043 722 3084 pro
742 3044 830 3071 una
842 3036 964 3072 aetate
986 3043 1110 3071 com-

274 3087 445 3143 putatis.

335 3170 396 3196 12.
417 3155 544 3208 Opus.
568 3157 685 3199 Onus
703 3165 889 3212 quatuor
905 3157 1015 3201 libri.

333 3219 396 3262 ιδ.
432 3222 577 3264 Vacuo
596 3225 745 3266 novali.
779 3222 898 3279 Agro
919 3223 1014 3268 sine
1038 3240 1110 3268 se-

277 3299 408 3328 mine.

346 3350 409 3403 14.
439 3349 654 3393 Fructibus
687 3353 889 3396 adsiduis.
925 3353 1080 3397 Malim
1097 3388 1110 3409 ,

277 3415 498 3470 Frugibus,
519 3430 620 3458 cum
645 3415 895 3462 Twisdenio
914 3428 958 3463 et
978 3419 1112 3464 altero

281 3477 506 3523 Thuaneo.
528 3480 693 3526 Hssms.

1243 2053 1305 2094 15.
1335 2052 1415 2094 Ad
1429 2055 1659 2095 certamin
1686 2052 1809 2095 Circi.
1836 2051 1904 2095 Ad
1929 2069 2021 2111 pu-

1182 2132 1312 2173 gnam
1327 2115 1533 2159 ludorum
1552 2115 1847 2171 Circensium,
1870 2119 1913 2160 in
1931 2119 2024 2175 qui-

1181 2181 1262 2223 bus
1279 2180 1512 2235 aliquando
1529 2189 1571 2223 et
1590 2182 1713 2237 pueri
1726 2182 1891 2226 nobiles
1903 2184 2025 2242 equis

1181 2244 1399 2288 ludicrum
1414 2246 1561 2301 Trojae
1574 2247 1685 2291 inire
1706 2249 1923 2303 solebant,
1946 2267 2027 2294 au-

1181 2318 1300 2353 ctore
1313 2308 2026 2359 ConTacitoMnm—Cmamhae.

1183 2374 1236 2418 In
1260 2390 1419 2431 genere
1447 2375 1501 2418 de
1525 2376 1728 2420 omnibus
1754 2380 2024 2433 equestribus

1182 2439 1490 2484 certaminibus
1513 2474 1524 2494 ,
1562 2457 1661 2497 quae
1687 2441 1731 2484 in
1767 2442 1899 2487 Circo
1926 2445 2024 2491 fieri

1181 2504 1401 2558 solebant,
1423 2504 1766 2563 intelligendum.
1789 2508 1956 2553 Mlcn..

1245 2588 1260 2613 1
1268 2572 1305 2613 8.
1330 2573 1431 2625 Quae
1443 2587 1649 2627 nunquam
1662 2576 1846 2629 liquide).
1861 2575 1939 2619 Est
1952 2594 2027 2621 au-

1184 2643 1275 2679 tem
1285 2635 1394 2678 ordo
1401 2636 1636 2680 verborum
1649 2653 1659 2680 :
1670 2639 1789 2683 navis
1798 2638 1883 2695 illa,
1893 2658 2026 2698 quan·

1185 2701 1344 2745 tumvis
1364 2701 1491 2744 firma
1505 2733 1518 2756 ,
1540 2701 1732 2747 solvetur
1755 2704 1802 2748 in
1826 2722 2040 2767 sequor-e,>

1187 2782 1283 2822 quae
1308 2782 1536 2824 nunquam
1557 2769 1720 2812 carebit
1746 2771 1892 2827 aquis,
1918 2773 2028 2819 sicoe

1185 2831 1274 2888 ipsa
1290 2865 1302 2886 ,
1325 2832 1415 2876 sive
1434 2832 1480 2876 in
1494 2834 1604 2878 sicco
1619 2835 1834 2881 exsistens.
1855 2837 2028 2883 Μιοη.

1247 2914 1308 2957 19.
1327 2898 1461 2941 Senes
1479 2905 1680 2944 bremense
1697 2905 1894 2946 laborum.
1922 2907 2025 2949 Ma-

1187 2964 1315 3005 lorum
1335 2961 1507 3007 San-rav.
1534 2965 1717 3023 Argent.
1738 2967 1940 3026 scaligeri
1953 3003 1965 3024 ,
1986 2979 2032 3015 et

1189 3026 1278 3070 duo
1291 3026 1360 3070 alii
1381 3039 1391 3066 :
1411 3027 1456 3071 in
1474 3029 1689 3075 Tristibus
1704 3065 1716 3086 ,
1733 3049 1755 3069 n
1772 3033 1821 3078 Si
1836 3034 1944 3079 tanti
1960 3052 2032 3080 se-

1189 3091 1273 3135 ries
1289 3092 1343 3135 sit
1363 3092 1442 3136 tibi
1459 3102 1565 3137 nota
1579 3095 1695 3138 mali.
1711 3114 1733 3133 »
1754 3096 1813 3140 H.

1245 3173 1310 3198 21.
1337 3158 1449 3200 Otia.
1475 3157 1689 3214 Quietem
1710 3169 1764 3203 et·
1780 3162 2033 3219 tranquilli-

1191 3229 1326 3265 tatem
1361 3224 1522 3267 mentis
1555 3223 1746 3282 intellige
1771 3241 1782 3268 ε
1809 3227 1876 3269 vel
1911 3227 2033 3283 quies

1191 3296 1415 3330 conservat
1435 3288 1628 3344 corporis
1650 3289 1957 3334 valetudinem.

1247 3351 1311 3393 23.
1330 3354 1442 3406 Quia
1454 3357 1619 3397 venerit.
1638 3355 1764 3408 Quod
1771 3361 1930 3399 venerit
1940 3372 2030 3400 me·

1190 3418 1318 3463 liores
1338 3434 1349 3462 ε
1373 3419 1569 3476 proximo
1587 3436 1714 3464 versu
1739 3425 1780 3466 τὲ
1803 3439 1832 3465 a
1858 3422 2049 3471 Sarrav„

1193 3484 1322 3528 polit,
1342 3485 1497 3542 aliique
1515 3486 1736 3530 omittunt.
1755 3486 1814 3530 H.
