<?xml version="1.0" encoding="UTF-8"?>
<!DOCTYPE html PUBLIC "-//W3C//DTD XHTML 1.0 Transitional//EN"
    "http://www.w3.org/TR/xhtml1/DTD/xhtml1-transitional.dtd">
<html xmlns="http://www.w3.org/1999/xhtml" xml:lang="en" lang="en">
 <head>
  <title>
</title>
<meta http-equiv="Content-Type" content="text/html;charset=utf-8" />
  <meta name='ocr-system' content='tesseract 3.04.00' />
  <meta name='ocr-capabilities' content='ocr_page ocr_carea ocr_par ocr_line ocrx_word'/>
</head>
<body>
  <div class='ocr_page' id='page_1' title='image "./quaeextantomniao07oviduoft_0336.png"; bbox 0 0 2280 3776; ppageno 0'>
   <div class='ocr_carea' id='block_1_1' title="bbox 295 313 399 364">
    <p class='ocr_par' dir='ltr' id='par_1_1' title="bbox 295 313 399 364">
     <span class='ocr_line' id='line_1_1' title="bbox 295 313 399 364; baseline -0.01 0"><span class='ocrx_word' id='word_1_1' title='bbox 295 313 399 364; x_wconf 80' lang='lat'>322</span> 
     </span>
    </p>
   </div>
   <div class='ocr_carea' id='block_1_2' title="bbox 771 308 1592 366">
    <p class='ocr_par' dir='ltr' id='par_1_2' title="bbox 771 308 1592 366">
     <span class='ocr_line' id='line_1_2' title="bbox 771 308 1592 366; baseline 0.004 -4"><span class='ocrx_word' id='word_1_2' title='bbox 771 310 833 362; x_wconf 88' lang='lat' dir='ltr'>P.</span> <span class='ocrx_word' id='word_1_3' title='bbox 880 308 1180 363; x_wconf 91' lang='lat' dir='ltr'>OVIDII</span> <span class='ocrx_word' id='word_1_4' title='bbox 1220 308 1592 366; x_wconf 90' lang='lat' dir='ltr'><strong>NASONIS</strong></span> 
     </span>
    </p>
   </div>
   <div class='ocr_carea' id='block_1_3' title="bbox 293 426 2059 896">
    <p class='ocr_par' dir='ltr' id='par_1_3' title="bbox 293 426 2059 896">
     <span class='ocr_line' id='line_1_3' title="bbox 293 426 1633 512; baseline 0.002 -25"><span class='ocrx_word' id='word_1_5' title='bbox 293 431 418 512; x_wconf 87' lang='lat' dir='ltr'>Ipse</span> <span class='ocrx_word' id='word_1_6' title='bbox 445 452 610 510; x_wconf 89' lang='lat' dir='ltr'>super</span> <span class='ocrx_word' id='word_1_7' title='bbox 638 451 885 498; x_wconf 87' lang='lat' dir='ltr'>currum,</span> <span class='ocrx_word' id='word_1_8' title='bbox 918 426 1134 509; x_wconf 89' lang='lat' dir='ltr'>placido</span> <span class='ocrx_word' id='word_1_9' title='bbox 1166 429 1482 511; x_wconf 86' lang='lat' dir='ltr'>spectabilis</span> <span class='ocrx_word' id='word_1_10' title='bbox 1508 433 1633 503; x_wconf 85' lang='lat' dir='ltr'>ore,</span> 
     </span>
     <span class='ocr_line' id='line_1_4' title="bbox 375 523 1509 608; baseline 0.002 -22"><span class='ocrx_word' id='word_1_11' title='bbox 375 529 647 608; x_wconf 84' lang='lat' dir='ltr'>Tempora</span> <span class='ocrx_word' id='word_1_12' title='bbox 677 523 913 585; x_wconf 81' lang='lat' dir='ltr'>Phoebea</span> <span class='ocrx_word' id='word_1_13' title='bbox 945 524 1151 602; x_wconf 85' lang='lat' dir='ltr'>virgine</span> <span class='ocrx_word' id='word_1_14' title='bbox 1182 550 1316 587; x_wconf 85' lang='lat' dir='ltr'>nexa</span> <span class='ocrx_word' id='word_1_15' title='bbox 1348 527 1509 588; x_wconf 90' lang='lat' dir='ltr'>tulit:</span> 
     </span>
     <span class='ocr_line' id='line_1_5' title="bbox 295 619 1695 702; baseline 0.001 -20"><span class='ocrx_word' id='word_1_16' title='bbox 295 624 475 701; x_wconf 80' lang='lat' dir='ltr'>Quem</span> <span class='ocrx_word' id='word_1_17' title='bbox 507 622 596 702; x_wconf 90' lang='lat' dir='ltr'>pia</span> <span class='ocrx_word' id='word_1_18' title='bbox 628 619 912 686; x_wconf 85' lang='lat' dir='ltr'>vobiscum</span> <span class='ocrx_word' id='word_1_19' title='bbox 941 619 1121 702; x_wconf 88' lang='lat' dir='ltr'>proles</span> <span class='ocrx_word' id='word_1_20' title='bbox 1148 621 1420 682; x_wconf 81' lang='lat' dir='ltr'>comitavit</span> <span class='ocrx_word' id='word_1_21' title='bbox 1451 638 1695 695; x_wconf 87' lang='lat' dir='ltr'>euntem,</span> 
     </span>
     <span class='ocr_line' id='line_1_6' title="bbox 376 716 1630 799; baseline 0.002 -23"><span class='ocrx_word' id='word_1_22' title='bbox 376 718 555 795; x_wconf 82' lang='lat' dir='ltr'>Digna</span> <span class='ocrx_word' id='word_1_23' title='bbox 588 731 812 799; x_wconf 89' lang='lat' dir='ltr'>parente</span> <span class='ocrx_word' id='word_1_24' title='bbox 842 741 972 787; x_wconf 86' lang='lat' dir='ltr'>su0,</span> <span class='ocrx_word' id='word_1_25' title='bbox 1003 716 1430 799; x_wconf 77' lang='lat' dir='ltr'>nominibusque</span> <span class='ocrx_word' id='word_1_26' title='bbox 1459 718 1630 789; x_wconf 81' lang='lat' dir='ltr'>datis3</span> 
     </span>
     <span class='ocr_line' id='line_1_7' title="bbox 299 811 2059 896; baseline 0.001 -23"><span class='ocrx_word' id='word_1_27' title='bbox 299 814 587 884; x_wconf 78' lang='lat' dir='ltr'><strong>Fratribus</strong></span> <span class='ocrx_word' id='word_1_28' title='bbox 617 811 878 872; x_wconf 79' lang='lat' dir='ltr'>adsimilis</span> <span class='ocrx_word' id='word_1_29' title='bbox 897 859 911 885; x_wconf 93' lang='lat'>,</span> <span class='ocrx_word' id='word_1_30' title='bbox 946 836 1085 894; x_wconf 91' lang='lat' dir='ltr'>quos</span> <span class='ocrx_word' id='word_1_31' title='bbox 1115 811 1364 894; x_wconf 79' lang='lat' dir='ltr'>proxima</span> <span class='ocrx_word' id='word_1_32' title='bbox 1391 813 1590 896; x_wconf 89' lang='lat' dir='ltr'>templa</span> <span class='ocrx_word' id='word_1_33' title='bbox 1620 830 1865 875; x_wconf 87' lang='lat' dir='ltr'>tenentes</span> <span class='ocrx_word' id='word_1_34' title='bbox 2005 834 2059 877; x_wconf 82' lang='lat'>85</span> 
     </span>
    </p>
   </div>
   <div class='ocr_carea' id='block_1_4' title="bbox 344 949 1136 1004">
    <p class='ocr_par' dir='ltr' id='par_1_4' title="bbox 344 949 1136 1004">
     <span class='ocr_line' id='line_1_8' title="bbox 344 949 1136 1004; baseline -0.005 -12"><span class='ocrx_word' id='word_1_35' title='bbox 344 952 368 992; x_wconf 88' lang='grc'>8</span> <span class='ocrx_word' id='word_1_36' title='bbox 378 968 391 992; x_wconf 87' lang='grc' dir='ltr'>ι</span> <span class='ocrx_word' id='word_1_37' title='bbox 401 982 409 990; x_wconf 93' lang='grc'>.</span> <span class='ocrx_word' id='word_1_38' title='bbox 419 951 514 1004; x_wconf 80' lang='lat' dir='ltr'>Ipse</span> <span class='ocrx_word' id='word_1_39' title='bbox 525 964 648 1003; x_wconf 80' lang='lat' dir='ltr'>saper</span> <span class='ocrx_word' id='word_1_40' title='bbox 658 964 827 990; x_wconf 82' lang='lat' dir='ltr'>currum.</span> <span class='ocrx_word' id='word_1_41' title='bbox 843 949 922 989; x_wconf 85' lang='lat' dir='ltr'>Ille</span> <span class='ocrx_word' id='word_1_42' title='bbox 936 981 944 998; x_wconf 93' lang='lat'>‚</span> <span class='ocrx_word' id='word_1_43' title='bbox 963 955 1007 990; x_wconf 89' lang='lat' dir='ltr'>et</span> <span class='ocrx_word' id='word_1_44' title='bbox 1018 963 1136 990; x_wconf 80' lang='lat' dir='ltr'>curru</span> 
     </span>
    </p>
   </div>
   <div class='ocr_carea' id='block_1_5' title="bbox 281 1012 1141 3351">
    <p class='ocr_par' dir='ltr' id='par_1_5' title="bbox 293 1012 673 1057">
     <span class='ocr_line' id='line_1_9' title="bbox 293 1012 673 1057; baseline -0.013 1"><span class='ocrx_word' id='word_1_45' title='bbox 293 1015 378 1057; x_wconf 85' lang='lat' dir='ltr'>MS</span> <span class='ocrx_word' id='word_1_46' title='bbox 400 1012 673 1057; x_wconf 88' lang='lat' dir='ltr'>Bersmanni.</span> 
     </span>
    </p>

    <p class='ocr_par' dir='ltr' id='par_1_6' title="bbox 281 1079 1137 1392">
     <span class='ocr_line' id='line_1_10' title="bbox 346 1079 1137 1133; baseline -0.006 -10"><span class='ocrx_word' id='word_1_47' title='bbox 346 1082 410 1123; x_wconf 83' lang='lat'>82.</span> <span class='ocrx_word' id='word_1_48' title='bbox 440 1080 639 1133; x_wconf 82' lang='lat' dir='ltr'><em>Tempora</em></span> <span class='ocrx_word' id='word_1_49' title='bbox 653 1079 831 1119; x_wconf 79' lang='lat' dir='ltr'>Pha-bea</span> <span class='ocrx_word' id='word_1_50' title='bbox 853 1080 1011 1131; x_wconf 70' lang='lat' dir='ltr'>virgine</span> <span class='ocrx_word' id='word_1_51' title='bbox 1028 1092 1137 1118; x_wconf 73' lang='lat' dir='ltr'>nexa</span> 
     </span>
     <span class='ocr_line' id='line_1_11' title="bbox 281 1141 1135 1197; baseline -0.006 -10"><span class='ocrx_word' id='word_1_52' title='bbox 281 1149 396 1197; x_wconf 60' lang='lat' dir='ltr'>tulit.</span> <span class='ocrx_word' id='word_1_53' title='bbox 434 1141 726 1187; x_wconf 85' lang='lat' dir='ltr'>Scribendum</span> <span class='ocrx_word' id='word_1_54' title='bbox 767 1150 828 1184; x_wconf 88' lang='lat' dir='ltr'>est</span> <span class='ocrx_word' id='word_1_55' title='bbox 855 1174 866 1194; x_wconf 92' lang='lat'>,</span> <span class='ocrx_word' id='word_1_56' title='bbox 914 1149 1135 1196; x_wconf 85' lang='lat' dir='ltr'>utcunque</span> 
     </span>
     <span class='ocr_line' id='line_1_12' title="bbox 289 1206 1137 1259; baseline -0.007 -6"><span class='ocrx_word' id='word_1_57' title='bbox 289 1209 556 1253; x_wconf 81' lang='lat' dir='ltr'>membranis</span> <span class='ocrx_word' id='word_1_58' title='bbox 579 1206 930 1250; x_wconf 81' lang='lat' dir='ltr'>dissentientibus</span> <span class='ocrx_word' id='word_1_59' title='bbox 952 1238 964 1259; x_wconf 90' lang='lat'>,</span> <span class='ocrx_word' id='word_1_60' title='bbox 997 1208 1137 1248; x_wconf 79' lang='lat' dir='ltr'>Penea</span> 
     </span>
     <span class='ocr_line' id='line_1_13' title="bbox 287 1271 1137 1333; baseline -0.009 -13"><span class='ocrx_word' id='word_1_61' title='bbox 287 1282 461 1333; x_wconf 73' lang='lat' dir='ltr'>virgine.</span> <span class='ocrx_word' id='word_1_62' title='bbox 484 1277 597 1320; x_wconf 87' lang='lat' dir='ltr'>Nam</span> <span class='ocrx_word' id='word_1_63' title='bbox 620 1274 807 1330; x_wconf 86' lang='lat' dir='ltr'>Daphne</span> <span class='ocrx_word' id='word_1_64' title='bbox 829 1272 966 1315; x_wconf 89' lang='lat' dir='ltr'>Penei</span> <span class='ocrx_word' id='word_1_65' title='bbox 986 1271 1137 1314; x_wconf 88' lang='lat' dir='ltr'>flumi-</span> 
     </span>
     <span class='ocr_line' id='line_1_14' title="bbox 289 1339 1132 1394; baseline -0.008 -7"><span class='ocrx_word' id='word_1_66' title='bbox 289 1345 356 1388; x_wconf 88' lang='lat' dir='ltr'>nis</span> <span class='ocrx_word' id='word_1_67' title='bbox 385 1343 498 1394; x_wconf 81' lang='lat' dir='ltr'>filia3</span> <span class='ocrx_word' id='word_1_68' title='bbox 523 1350 671 1384; x_wconf 88' lang='lat' dir='ltr'>noster</span> <span class='ocrx_word' id='word_1_69' title='bbox 692 1340 801 1383; x_wconf 87' lang='lat' dir='ltr'>Met.</span> <span class='ocrx_word' id='word_1_70' title='bbox 823 1339 871 1392; x_wconf 86' lang='grc' dir='ltr'>Ι,</span> <span class='ocrx_word' id='word_1_71' title='bbox 895 1355 1004 1381; x_wconf 88' lang='lat' dir='ltr'>vers.</span> <span class='ocrx_word' id='word_1_72' title='bbox 1030 1339 1132 1391; x_wconf 72' lang='lat'>504:</span> 
     </span>
    </p>

    <p class='ocr_par' dir='ltr' id='par_1_7' title="bbox 285 1406 1140 2425">
     <span class='ocr_line' id='line_1_15' title="bbox 293 1406 1133 1469; baseline -0.01 -15.631"><span class='ocrx_word' id='word_1_73' title='bbox 293 1407 560 1469; x_wconf 88' lang='lat' dir='ltr'>‹Nympha,</span> <span class='ocrx_word' id='word_1_74' title='bbox 587 1422 765 1464; x_wconf 83' lang='lat' dir='ltr'>precor,</span> <span class='ocrx_word' id='word_1_75' title='bbox 794 1406 963 1458; x_wconf 88' lang='lat' dir='ltr'>Penea,</span> <span class='ocrx_word' id='word_1_76' title='bbox 980 1420 1133 1447; x_wconf 87' lang='lat' dir='ltr'>mane:</span> 
     </span>
     <span class='ocr_line' id='line_1_16' title="bbox 285 1469 1135 1540; baseline -0.009 -22"><span class='ocrx_word' id='word_1_77' title='bbox 285 1491 376 1518; x_wconf 91' lang='lat' dir='ltr'>non</span> <span class='ocrx_word' id='word_1_78' title='bbox 399 1474 605 1540; x_wconf 83' lang='lat' dir='ltr'>insequor</span> <span class='ocrx_word' id='word_1_79' title='bbox 626 1470 812 1513; x_wconf 88' lang='lat' dir='ltr'>hostis.›</span> <span class='ocrx_word' id='word_1_80' title='bbox 813 1469 1135 1512; x_wconf 80' lang='lat' dir='ltr'>›Doctissimus</span> 
     </span>
     <span class='ocr_line' id='line_1_17' title="bbox 289 1489 1138 1584; baseline -0.009 0"><span class='ocrx_word' id='word_1_81' title='bbox 289 1529 540 1584; x_wconf 81' lang='lat' dir='ltr'>Gronovius</span> <span class='ocrx_word' id='word_1_82' title='bbox 563 1535 615 1578; x_wconf 84' lang='lat' dir='ltr'>ad</span> <span class='ocrx_word' id='word_1_83' title='bbox 638 1489 826 1578; x_wconf 79' lang='lat' dir='ltr'>Statium</span> <span class='ocrx_word' id='word_1_84' title='bbox 851 1551 901 1577; x_wconf 86' lang='lat' dir='ltr'>ex</span> <span class='ocrx_word' id='word_1_85' title='bbox 919 1534 1138 1577; x_wconf 86' lang='lat' dir='ltr'>Pirckhei-</span> 
     </span>
     <span class='ocr_line' id='line_1_18' title="bbox 288 1599 1136 1652; baseline -0.011 -4"><span class='ocrx_word' id='word_1_86' title='bbox 288 1604 487 1647; x_wconf 88' lang='lat' dir='ltr'>meriano</span> <span class='ocrx_word' id='word_1_87' title='bbox 514 1599 660 1644; x_wconf 82' lang='lat' dir='ltr'>codice</span> <span class='ocrx_word' id='word_1_88' title='bbox 687 1632 698 1652; x_wconf 89' lang='lat'>,</span> <span class='ocrx_word' id='word_1_89' title='bbox 731 1600 909 1640; x_wconf 68' lang='lat' dir='ltr'>Plzoebea</span> <span class='ocrx_word' id='word_1_90' title='bbox 935 1614 1136 1652; x_wconf 71' lang='lat' dir='ltr'>conjuge:</span> 
     </span>
     <span class='ocr_line' id='line_1_19' title="bbox 287 1661 1135 1719; baseline -0.012 -7"><span class='ocrx_word' id='word_1_91' title='bbox 287 1678 329 1712; x_wconf 85' lang='lat' dir='ltr'>at</span> <span class='ocrx_word' id='word_1_92' title='bbox 345 1667 534 1710; x_wconf 89' lang='lat' dir='ltr'>Phoebus</span> <span class='ocrx_word' id='word_1_93' title='bbox 553 1665 639 1719; x_wconf 86' lang='lat' dir='ltr'>ipse</span> <span class='ocrx_word' id='word_1_94' title='bbox 658 1662 768 1704; x_wconf 82' lang='lat' dir='ltr'>Met.</span> <span class='ocrx_word' id='word_1_95' title='bbox 786 1662 802 1704; x_wconf 86' lang='lat' dir='ltr'>I</span> <span class='ocrx_word' id='word_1_96' title='bbox 822 1661 874 1704; x_wconf 90' lang='lat' dir='ltr'>ad</span> <span class='ocrx_word' id='word_1_97' title='bbox 892 1661 1111 1717; x_wconf 83' lang='lat' dir='ltr'>Daphnen</span> <span class='ocrx_word' id='word_1_98' title='bbox 1125 1694 1135 1714; x_wconf 96' lang='lat'>,</span> 
     </span>
     <span class='ocr_line' id='line_1_20' title="bbox 287 1730 1136 1791; baseline -0.006 -16"><span class='ocrx_word' id='word_1_99' title='bbox 287 1752 347 1778; x_wconf 87' lang='lat' dir='ltr'>vs.</span> <span class='ocrx_word' id='word_1_100' title='bbox 366 1737 496 1791; x_wconf 88' lang='lat'><strong>557·‹</strong></span> <span class='ocrx_word' id='word_1_101' title='bbox 498 1730 734 1787; x_wconf 87' lang='lat' dir='ltr'>‹quoniam</span> <span class='ocrx_word' id='word_1_102' title='bbox 755 1730 912 1787; x_wconf 83' lang='lat' dir='ltr'>conjux</span> <span class='ocrx_word' id='word_1_103' title='bbox 931 1744 1027 1771; x_wconf 88' lang='lat' dir='ltr'>mea</span> <span class='ocrx_word' id='word_1_104' title='bbox 1045 1744 1136 1770; x_wconf 91' lang='lat' dir='ltr'>non</span> 
     </span>
     <span class='ocr_line' id='line_1_21' title="bbox 288 1793 1137 1856; baseline -0.006 -14"><span class='ocrx_word' id='word_1_105' title='bbox 288 1808 410 1856; x_wconf 88' lang='lat' dir='ltr'>potes</span> <span class='ocrx_word' id='word_1_106' title='bbox 434 1813 548 1850; x_wconf 85' lang='lat' dir='ltr'>esse,</span> <span class='ocrx_word' id='word_1_107' title='bbox 574 1796 717 1838; x_wconf 83' lang='lat' dir='ltr'>Arbor</span> <span class='ocrx_word' id='word_1_108' title='bbox 737 1795 821 1837; x_wconf 84' lang='lat' dir='ltr'>eris</span> <span class='ocrx_word' id='word_1_109' title='bbox 839 1803 977 1846; x_wconf 85' lang='lat' dir='ltr'>certe,</span> <span class='ocrx_word' id='word_1_110' title='bbox 1005 1793 1137 1848; x_wconf 70' lang='lat' dir='ltr'>dixit,</span> 
     </span>
     <span class='ocr_line' id='line_1_22' title="bbox 287 1826 1139 1920; baseline -0.006 -16"><span class='ocrx_word' id='word_1_111' title='bbox 287 1879 398 1904; x_wconf 88' lang='lat' dir='ltr'>mea.</span> <span class='ocrx_word' id='word_1_112' title='bbox 413 1826 1035 1920; x_wconf 79' lang='lat' dir='ltr'>»MartialisadApollineniz«</span> <span class='ocrx_word' id='word_1_113' title='bbox 1015 1859 1139 1900; x_wconf 79' lang='lat' dir='ltr'>«Fer</span> 
     </span>
     <span class='ocr_line' id='line_1_23' title="bbox 287 1922 1139 1982; baseline -0.007 -12"><span class='ocrx_word' id='word_1_114' title='bbox 287 1937 380 1971; x_wconf 86' lang='lat' dir='ltr'>rata</span> <span class='ocrx_word' id='word_1_115' title='bbox 398 1936 499 1969; x_wconf 83' lang='lat' dir='ltr'>vota</span> <span class='ocrx_word' id='word_1_116' title='bbox 518 1925 654 1982; x_wconf 89' lang='lat' dir='ltr'>patri:</span> <span class='ocrx_word' id='word_1_117' title='bbox 671 1925 729 1967; x_wconf 89' lang='lat' dir='ltr'>sic</span> <span class='ocrx_word' id='word_1_118' title='bbox 745 1932 786 1967; x_wconf 84' lang='lat' dir='ltr'>te</span> <span class='ocrx_word' id='word_1_119' title='bbox 805 1934 877 1974; x_wconf 84' lang='lat' dir='ltr'>tua</span> <span class='ocrx_word' id='word_1_120' title='bbox 899 1922 1044 1982; x_wconf 85' lang='lat' dir='ltr'>diligat</span> <span class='ocrx_word' id='word_1_121' title='bbox 1062 1939 1139 1965; x_wconf 87' lang='lat' dir='ltr'>ar-</span> 
     </span>
     <span class='ocr_line' id='line_1_24' title="bbox 287 1982 1138 2048; baseline -0.007 -12"><span class='ocrx_word' id='word_1_122' title='bbox 287 1995 394 2043; x_wconf 88' lang='lat' dir='ltr'>b0r;</span> <span class='ocrx_word' id='word_1_123' title='bbox 410 1982 1138 2048; x_wconf 85' lang='lat' dir='ltr'>»siclegendumexoptimismem-</span> 
     </span>
     <span class='ocr_line' id='line_1_25' title="bbox 285 2043 1139 2112; baseline -0.009 -9"><span class='ocrx_word' id='word_1_124' title='bbox 285 2059 465 2112; x_wconf 86' lang='lat' dir='ltr'>branis,</span> <span class='ocrx_word' id='word_1_125' title='bbox 500 2073 589 2100; x_wconf 91' lang='lat' dir='ltr'>non</span> <span class='ocrx_word' id='word_1_126' title='bbox 624 2073 740 2099; x_wconf 71' lang='lat' dir='ltr'>uxor.</span> <span class='ocrx_word' id='word_1_127' title='bbox 773 2043 832 2097; x_wconf 73' lang='grc' dir='ltr'>Η.</span> <span class='ocrx_word' id='word_1_128' title='bbox 853 2078 908 2086; x_wconf 90' lang='grc'>-</span> <span class='ocrx_word' id='word_1_129' title='bbox 941 2056 1139 2108; x_wconf 77' lang='lat' dir='ltr'>Tempora</span> 
     </span>
     <span class='ocr_line' id='line_1_26' title="bbox 288 2119 1139 2178; baseline -0.006 -12"><span class='ocrx_word' id='word_1_130' title='bbox 288 2141 413 2167; x_wconf 71' lang='lat' dir='ltr'>nexa.</span> <span class='ocrx_word' id='word_1_131' title='bbox 436 2121 582 2178; x_wconf 89' lang='lat' dir='ltr'>Caput</span> <span class='ocrx_word' id='word_1_132' title='bbox 602 2119 935 2178; x_wconf 83' lang='lat' dir='ltr'>circumdatum.</span> <span class='ocrx_word' id='word_1_133' title='bbox 948 2121 1139 2162; x_wconf 76' lang='lat' dir='ltr'><em>—Phoe-</em></span> 
     </span>
     <span class='ocr_line' id='line_1_27' title="bbox 290 2173 1138 2253; baseline -0.007 -22"><span class='ocrx_word' id='word_1_134' title='bbox 290 2193 366 2232; x_wconf 78' lang='lat' dir='ltr'>bea</span> <span class='ocrx_word' id='word_1_135' title='bbox 387 2190 554 2242; x_wconf 73' lang='lat' dir='ltr'>virgine.</span> <span class='ocrx_word' id='word_1_136' title='bbox 577 2173 819 2253; x_wconf 85' lang='lat' dir='ltr'>Laurigera</span> <span class='ocrx_word' id='word_1_137' title='bbox 834 2200 1008 2233; x_wconf 81' lang='lat' dir='ltr'>corona.</span> <span class='ocrx_word' id='word_1_138' title='bbox 1037 2183 1138 2226; x_wconf 82' lang='lat' dir='ltr'>Ad·-</span> 
     </span>
     <span class='ocr_line' id='line_1_28' title="bbox 291 2238 1139 2304; baseline -0.006 -10"><span class='ocrx_word' id='word_1_139' title='bbox 291 2252 402 2296; x_wconf 86' lang='lat' dir='ltr'>ludit</span> <span class='ocrx_word' id='word_1_140' title='bbox 419 2260 564 2294; x_wconf 89' lang='lat' dir='ltr'>autem</span> <span class='ocrx_word' id='word_1_141' title='bbox 585 2249 635 2292; x_wconf 87' lang='lat' dir='ltr'>ad</span> <span class='ocrx_word' id='word_1_142' title='bbox 658 2238 890 2304; x_wconf 84' lang='lat' dir='ltr'>Daphnem</span> <span class='ocrx_word' id='word_1_143' title='bbox 907 2240 1139 2304; x_wconf 80' lang='lat' dir='ltr'>virginem,</span> 
     </span>
     <span class='ocr_line' id='line_1_29' title="bbox 291 2309 1140 2381; baseline -0.007 -22"><span class='ocrx_word' id='word_1_144' title='bbox 291 2333 408 2359; x_wconf 87' lang='lat' dir='ltr'>ama</span> <span class='ocrx_word' id='word_1_145' title='bbox 393 2325 481 2357; x_wconf 77' lang='lat' dir='ltr'>*am</span> <span class='ocrx_word' id='word_1_146' title='bbox 503 2332 525 2357; x_wconf 93' lang='lat' dir='ltr'>a</span> <span class='ocrx_word' id='word_1_147' title='bbox 546 2309 735 2367; x_wconf 78' lang='lat' dir='ltr'>P&#39;hoebo,</span> <span class='ocrx_word' id='word_1_148' title='bbox 761 2329 857 2369; x_wconf 86' lang='lat' dir='ltr'>quae</span> <span class='ocrx_word' id='word_1_149' title='bbox 878 2321 1026 2369; x_wconf 86' lang='lat' dir='ltr'>postea</span> <span class='ocrx_word' id='word_1_150' title='bbox 1039 2328 1140 2381; x_wconf 77' lang='lat' dir='ltr'>mu—</span> 
     </span>
     <span class='ocr_line' id='line_1_30' title="bbox 292 2379 761 2425; baseline -0.009 0"><span class='ocrx_word' id='word_1_151' title='bbox 292 2392 378 2425; x_wconf 81' lang='lat' dir='ltr'>tata</span> <span class='ocrx_word' id='word_1_152' title='bbox 401 2380 518 2425; x_wconf 83' lang='lat' dir='ltr'>fuit</span> <span class='ocrx_word' id='word_1_153' title='bbox 506 2397 552 2422; x_wconf 86' lang='lat'>111</span> <span class='ocrx_word' id='word_1_154' title='bbox 573 2379 761 2422; x_wconf 90' lang='lat' dir='ltr'>laurum.</span> 
     </span>
    </p>

    <p class='ocr_par' dir='ltr' id='par_1_8' title="bbox 288 2443 1141 3351">
     <span class='ocr_line' id='line_1_31' title="bbox 346 2443 1138 2500; baseline -0.006 -10"><span class='ocrx_word' id='word_1_155' title='bbox 346 2448 411 2490; x_wconf 87' lang='lat'>83.</span> <span class='ocrx_word' id='word_1_156' title='bbox 441 2451 567 2500; x_wconf 75' lang='lat' dir='ltr'>(luem</span> <span class='ocrx_word' id='word_1_157' title='bbox 595 2454 768 2488; x_wconf 79' lang='lat' dir='ltr'>euntem.</span> <span class='ocrx_word' id='word_1_158' title='bbox 798 2443 948 2500; x_wconf 86' lang='lat' dir='ltr'>Quem</span> <span class='ocrx_word' id='word_1_159' title='bbox 976 2444 1138 2500; x_wconf 89' lang='lat' dir='ltr'>Augu-</span> 
     </span>
     <span class='ocr_line' id='line_1_32' title="bbox 288 2511 1139 2568; baseline -0.005 -11"><span class='ocrx_word' id='word_1_160' title='bbox 288 2524 406 2557; x_wconf 87' lang='lat' dir='ltr'>stum</span> <span class='ocrx_word' id='word_1_161' title='bbox 423 2511 769 2568; x_wconf 78' lang='lat' dir='ltr'>triumphantem</span> <span class='ocrx_word' id='word_1_162' title='bbox 786 2545 796 2565; x_wconf 93' lang='lat'>,</span> <span class='ocrx_word' id='word_1_163' title='bbox 814 2520 855 2554; x_wconf 90' lang='lat' dir='ltr'>et</span> <span class='ocrx_word' id='word_1_164' title='bbox 872 2511 1139 2567; x_wconf 83' lang='lat' dir='ltr'>proficiscen·</span> 
     </span>
     <span class='ocr_line' id='line_1_33' title="bbox 290 2576 1138 2633; baseline -0.006 -11"><span class='ocrx_word' id='word_1_165' title='bbox 290 2589 381 2622; x_wconf 88' lang='lat' dir='ltr'>tem</span> <span class='ocrx_word' id='word_1_166' title='bbox 417 2577 469 2619; x_wconf 89' lang='lat' dir='ltr'>ad</span> <span class='ocrx_word' id='word_1_167' title='bbox 504 2576 786 2633; x_wconf 79' lang='lat' dir='ltr'>Capitolium.</span> <span class='ocrx_word' id='word_1_168' title='bbox 817 2599 872 2608; x_wconf 89' lang='lat'>-—</span> <span class='ocrx_word' id='word_1_169' title='bbox 904 2579 1138 2618; x_wconf 72' lang='lat' dir='ltr'>Vobiscum.</span> 
     </span>
     <span class='ocr_line' id='line_1_34' title="bbox 293 2640 1138 2698; baseline -0.006 -11"><span class='ocrx_word' id='word_1_170' title='bbox 293 2644 412 2687; x_wconf 90' lang='lat' dir='ltr'>Cum</span> <span class='ocrx_word' id='word_1_171' title='bbox 432 2659 507 2685; x_wconf 91' lang='lat' dir='ltr'>sua</span> <span class='ocrx_word' id='word_1_172' title='bbox 532 2642 652 2698; x_wconf 83' lang='lat' dir='ltr'>prole</span> <span class='ocrx_word' id='word_1_173' title='bbox 672 2674 683 2694; x_wconf 96' lang='lat'>,</span> <span class='ocrx_word' id='word_1_174' title='bbox 717 2650 759 2683; x_wconf 92' lang='lat' dir='ltr'>et</span> <span class='ocrx_word' id='word_1_175' title='bbox 786 2650 825 2682; x_wconf 86' lang='lat' dir='ltr'>te</span> <span class='ocrx_word' id='word_1_176' title='bbox 857 2640 1108 2690; x_wconf 87' lang='lat' dir='ltr'>Messallino</span> <span class='ocrx_word' id='word_1_177' title='bbox 1129 2658 1138 2692; x_wconf 93' lang='lat'>;</span> 
     </span>
     <span class='ocr_line' id='line_1_35' title="bbox 291 2707 1138 2767; baseline -0.004 -14"><span class='ocrx_word' id='word_1_178' title='bbox 291 2726 423 2767; x_wconf 86' lang='lat' dir='ltr'>quem</span> <span class='ocrx_word' id='word_1_179' title='bbox 458 2719 668 2764; x_wconf 84' lang='lat' dir='ltr'>tanquam</span> <span class='ocrx_word' id='word_1_180' title='bbox 701 2723 841 2749; x_wconf 90' lang='lat' dir='ltr'>unum</span> <span class='ocrx_word' id='word_1_181' title='bbox 877 2724 928 2749; x_wconf 84' lang='lat' dir='ltr'>ex</span> <span class='ocrx_word' id='word_1_182' title='bbox 958 2707 1138 2751; x_wconf 83' lang='lat' dir='ltr'>ducibus</span> 
     </span>
     <span class='ocr_line' id='line_1_36' title="bbox 294 2770 1141 2830; baseline -0.005 -13"><span class='ocrx_word' id='word_1_183' title='bbox 294 2774 504 2830; x_wconf 87' lang='lat' dir='ltr'>Augusti,</span> <span class='ocrx_word' id='word_1_184' title='bbox 522 2773 589 2815; x_wconf 83' lang='lat' dir='ltr'>hic.</span> <span class='ocrx_word' id='word_1_185' title='bbox 609 2780 736 2829; x_wconf 89' lang='lat' dir='ltr'>poeta</span> <span class='ocrx_word' id='word_1_186' title='bbox 755 2770 900 2813; x_wconf 88' lang='lat' dir='ltr'>innuit</span> <span class='ocrx_word' id='word_1_187' title='bbox 914 2780 1019 2814; x_wconf 90' lang='lat' dir='ltr'>tunc</span> <span class='ocrx_word' id='word_1_188' title='bbox 1034 2787 1141 2827; x_wconf 90' lang='lat' dir='ltr'>pro-</span> 
     </span>
     <span class='ocr_line' id='line_1_37' title="bbox 292 2839 1138 2896; baseline -0.006 -10"><span class='ocrx_word' id='word_1_189' title='bbox 292 2852 488 2886; x_wconf 88' lang='lat' dir='ltr'>secutum</span> <span class='ocrx_word' id='word_1_190' title='bbox 522 2841 652 2883; x_wconf 84' lang='lat' dir='ltr'>fuisse</span> <span class='ocrx_word' id='word_1_191' title='bbox 685 2839 1029 2896; x_wconf 87' lang='lat' dir='ltr'>triumphantem</span> <span class='ocrx_word' id='word_1_192' title='bbox 1054 2840 1138 2882; x_wconf 87' lang='lat' dir='ltr'>irn-</span> 
     </span>
     <span class='ocr_line' id='line_1_38' title="bbox 291 2906 1137 2965; baseline -0.004 -15"><span class='ocrx_word' id='word_1_193' title='bbox 291 2917 554 2965; x_wconf 84' lang='lat' dir='ltr'>peratorem.</span> <span class='ocrx_word' id='word_1_194' title='bbox 580 2906 708 2948; x_wconf 77' lang='lat' dir='ltr'>MER.</span> <span class='ocrx_word' id='word_1_195' title='bbox 727 2928 782 2937; x_wconf 88' lang='lat'>—-</span> <span class='ocrx_word' id='word_1_196' title='bbox 809 2908 936 2959; x_wconf 75' lang='lat' dir='ltr'>Quem</span> <span class='ocrx_word' id='word_1_197' title='bbox 952 2909 1031 2959; x_wconf 80' lang='lat' dir='ltr'>pia</span> <span class='ocrx_word' id='word_1_198' title='bbox 1052 2922 1137 2947; x_wconf 84' lang='lat' dir='ltr'>vo—</span> 
     </span>
     <span class='ocr_line' id='line_1_39' title="bbox 292 2969 1135 3027; baseline -0.005 -12"><span class='ocrx_word' id='word_1_199' title='bbox 292 2975 464 3016; x_wconf 71' lang='lat' dir='ltr'>hiscum.</span> <span class='ocrx_word' id='word_1_200' title='bbox 487 2973 574 3015; x_wconf 83' lang='lat' dir='ltr'>Per</span> <span class='ocrx_word' id='word_1_201' title='bbox 594 2971 760 3027; x_wconf 90' lang='lat' dir='ltr'>prolem</span> <span class='ocrx_word' id='word_1_202' title='bbox 777 3002 789 3025; x_wconf 87' lang='lat'>,</span> <span class='ocrx_word' id='word_1_203' title='bbox 815 2970 979 3013; x_wconf 88' lang='lat' dir='ltr'>Tiberii</span> <span class='ocrx_word' id='word_1_204' title='bbox 998 2969 1135 3012; x_wconf 85' lang='lat' dir='ltr'>filium</span> 
     </span>
     <span class='ocr_line' id='line_1_40' title="bbox 292 3034 1137 3093; baseline -0.005 -13"><span class='ocrx_word' id='word_1_205' title='bbox 292 3038 452 3093; x_wconf 88' lang='lat' dir='ltr'>accipio</span> <span class='ocrx_word' id='word_1_206' title='bbox 464 3070 476 3090; x_wconf 89' lang='lat'>,</span> <span class='ocrx_word' id='word_1_207' title='bbox 494 3036 713 3089; x_wconf 86' lang='lat' dir='ltr'>Drusum,</span> <span class='ocrx_word' id='word_1_208' title='bbox 730 3035 802 3091; x_wconf 88' lang='lat' dir='ltr'>qui</span> <span class='ocrx_word' id='word_1_209' title='bbox 817 3046 993 3077; x_wconf 86' lang='lat' dir='ltr'>currum</span> <span class='ocrx_word' id='word_1_210' title='bbox 1005 3034 1137 3090; x_wconf 81' lang='lat' dir='ltr'>&#39;patris</span> 
     </span>
     <span class='ocr_line' id='line_1_41' title="bbox 290 3100 1138 3156; baseline -0.004 -11"><span class='ocrx_word' id='word_1_211' title='bbox 290 3105 521 3146; x_wconf 83' lang='lat' dir='ltr'>comitatus</span> <span class='ocrx_word' id='word_1_212' title='bbox 545 3102 702 3156; x_wconf 86' lang='lat' dir='ltr'>fuerit,</span> <span class='ocrx_word' id='word_1_213' title='bbox 734 3118 834 3143; x_wconf 84' lang='lat' dir='ltr'>cum</span> <span class='ocrx_word' id='word_1_214' title='bbox 860 3102 1024 3144; x_wconf 86' lang='lat' dir='ltr'>caeteris</span> <span class='ocrx_word' id='word_1_215' title='bbox 1053 3100 1138 3142; x_wconf 88' lang='lat' dir='ltr'>du·-</span> 
     </span>
     <span class='ocr_line' id='line_1_42' title="bbox 292 3168 1136 3224; baseline -0.004 -14"><span class='ocrx_word' id='word_1_216' title='bbox 292 3168 430 3220; x_wconf 88' lang='lat' dir='ltr'>cibus,</span> <span class='ocrx_word' id='word_1_217' title='bbox 460 3185 565 3224; x_wconf 84' lang='lat' dir='ltr'>quos</span> <span class='ocrx_word' id='word_1_218' title='bbox 593 3168 661 3211; x_wconf 92' lang='lat' dir='ltr'>hic</span> <span class='ocrx_word' id='word_1_219' title='bbox 684 3168 763 3210; x_wconf 83' lang='lat' dir='ltr'>sub</span> <span class='ocrx_word' id='word_1_220' title='bbox 786 3182 890 3211; x_wconf 82' lang='lat' dir='ltr'>voce</span> <span class='ocrx_word' id='word_1_221' title='bbox 924 3171 1136 3210; x_wconf 71' lang='lat' dir='ltr'>vobiscum</span> 
     </span>
     <span class='ocr_line' id='line_1_43' title="bbox 291 3232 1136 3294; baseline -0.001 -20"><span class='ocrx_word' id='word_1_222' title='bbox 291 3232 503 3294; x_wconf 86' lang='lat' dir='ltr'>intelligit.</span> <span class='ocrx_word' id='word_1_223' title='bbox 545 3234 657 3274; x_wconf 89' lang='lat' dir='ltr'>Nam</span> <span class='ocrx_word' id='word_1_224' title='bbox 696 3241 743 3275; x_wconf 90' lang='lat' dir='ltr'>ut</span> <span class='ocrx_word' id='word_1_225' title='bbox 781 3232 834 3274; x_wconf 88' lang='lat' dir='ltr'>de</span> <span class='ocrx_word' id='word_1_226' title='bbox 877 3232 1053 3275; x_wconf 88' lang='lat' dir='ltr'>Tiberio</span> <span class='ocrx_word' id='word_1_227' title='bbox 1092 3239 1136 3273; x_wconf 81' lang='lat' dir='ltr'>et</span> 
     </span>
     <span class='ocr_line' id='line_1_44' title="bbox 295 3295 1136 3351; baseline -0.001 -13"><span class='ocrx_word' id='word_1_228' title='bbox 295 3295 471 3338; x_wconf 84' lang='lat' dir='ltr'>Actiaco</span> <span class='ocrx_word' id='word_1_229' title='bbox 495 3295 718 3350; x_wconf 88' lang='lat' dir='ltr'>triumpho</span> <span class='ocrx_word' id='word_1_230' title='bbox 742 3296 1023 3351; x_wconf 84' lang='lat' dir='ltr'>accipiamus,</span> <span class='ocrx_word' id='word_1_231' title='bbox 1057 3310 1136 3338; x_wconf 83' lang='lat' dir='ltr'>re-</span> 
     </span>
    </p>
   </div>
   <div class='ocr_carea' id='block_1_6' title="bbox 292 3357 1173 3423">
    <p class='ocr_par' dir='ltr' id='par_1_9' title="bbox 292 3357 1173 3423">
     <span class='ocr_line' id='line_1_45' title="bbox 292 3357 1173 3423; baseline -0.001 -23"><span class='ocrx_word' id='word_1_232' title='bbox 292 3367 456 3423; x_wconf 84' lang='lat' dir='ltr'>pugnat</span> <span class='ocrx_word' id='word_1_233' title='bbox 489 3368 737 3413; x_wconf 86' lang='lat' dir='ltr'>temporum</span> <span class='ocrx_word' id='word_1_234' title='bbox 769 3360 909 3412; x_wconf 91' lang='lat' dir='ltr'>ratio,</span> <span class='ocrx_word' id='word_1_235' title='bbox 944 3359 987 3400; x_wconf 93' lang='lat' dir='ltr'>id</span> <span class='ocrx_word' id='word_1_236' title='bbox 1019 3357 1133 3414; x_wconf 84' lang='lat' dir='ltr'>quod</span> <span class='ocrx_word' id='word_1_237' title='bbox 1169 3366 1173 3369; x_wconf 85' lang='grc'><em>’</em></span> 
     </span>
    </p>
   </div>
   <div class='ocr_carea' id='block_1_7' title="bbox 288 3393 1134 3476">
    <p class='ocr_par' dir='ltr' id='par_1_10' title="bbox 288 3393 1134 3476">
     <span class='ocr_line' id='line_1_46' title="bbox 288 3393 1134 3476; baseline 0.001 -15.001"><span class='ocrx_word' id='word_1_238' title='bbox 288 3437 415 3476; x_wconf 78' lang='lat' dir='ltr'>supra</span> <span class='ocrx_word' id='word_1_239' title='bbox 439 3438 608 3476; x_wconf 84' lang='lat' dir='ltr'>quoque</span> <span class='ocrx_word' id='word_1_240' title='bbox 628 3421 811 3464; x_wconf 81' lang='lat' dir='ltr'>monui</span> <span class='ocrx_word' id='word_1_241' title='bbox 836 3433 878 3464; x_wconf 78' lang='lat' dir='ltr'>et</span> <span class='ocrx_word' id='word_1_242' title='bbox 898 3393 1000 3464; x_wconf 83' lang='lat' dir='ltr'>item</span> <span class='ocrx_word' id='word_1_243' title='bbox 1019 3421 1134 3475; x_wconf 84' lang='lat' dir='ltr'>quod</span> 
     </span>
    </p>
   </div>
   <div class='ocr_carea' id='block_1_8' title="bbox 1215 948 2065 3477">
    <p class='ocr_par' dir='ltr' id='par_1_11' title="bbox 1215 948 2064 2632">
     <span class='ocr_line' id='line_1_47' title="bbox 1216 948 2059 1006; baseline 0.004 -14"><span class='ocrx_word' id='word_1_244' title='bbox 1216 948 1412 1005; x_wconf 88' lang='lat' dir='ltr'>sequitur</span> <span class='ocrx_word' id='word_1_245' title='bbox 1427 983 1438 1003; x_wconf 92' lang='lat'>,</span> <span class='ocrx_word' id='word_1_246' title='bbox 1459 953 1605 1006; x_wconf 58' lang='lat' dir='ltr'>Dtgma</span> <span class='ocrx_word' id='word_1_247' title='bbox 1615 960 1787 1005; x_wconf 77' lang='lat' dir='ltr'>parente</span> <span class='ocrx_word' id='word_1_248' title='bbox 1804 969 1879 995; x_wconf 87' lang='lat' dir='ltr'>suo</span> <span class='ocrx_word' id='word_1_249' title='bbox 1892 986 1901 1001; x_wconf 89' lang='lat'><em>‚</em></span> <span class='ocrx_word' id='word_1_250' title='bbox 1925 957 2059 995; x_wconf 80' lang='lat' dir='ltr'>nomi-</span> 
     </span>
     <span class='ocr_line' id='line_1_48' title="bbox 1217 1017 2058 1072; baseline 0.004 -14"><span class='ocrx_word' id='word_1_251' title='bbox 1217 1018 1417 1070; x_wconf 81' lang='lat' dir='ltr'>nibusque</span> <span class='ocrx_word' id='word_1_252' title='bbox 1437 1018 1563 1058; x_wconf 67' lang='lat' dir='ltr'>datllr.</span> <span class='ocrx_word' id='word_1_253' title='bbox 1593 1017 1743 1072; x_wconf 88' lang='lat' dir='ltr'>Neque</span> <span class='ocrx_word' id='word_1_254' title='bbox 1777 1017 1894 1059; x_wconf 91' lang='lat' dir='ltr'>enim</span> <span class='ocrx_word' id='word_1_255' title='bbox 1917 1017 2058 1061; x_wconf 87' lang='lat' dir='ltr'>adhuc</span> 
     </span>
     <span class='ocr_line' id='line_1_49' title="bbox 1218 1079 2058 1138; baseline 0.004 -15"><span class='ocrx_word' id='word_1_256' title='bbox 1218 1080 1398 1123; x_wconf 88' lang='lat' dir='ltr'>nomina</span> <span class='ocrx_word' id='word_1_257' title='bbox 1420 1079 1623 1134; x_wconf 86' lang='lat' dir='ltr'>Caesaris,</span> <span class='ocrx_word' id='word_1_258' title='bbox 1642 1090 1715 1124; x_wconf 87' lang='lat' dir='ltr'>aut</span> <span class='ocrx_word' id='word_1_259' title='bbox 1732 1081 1916 1138; x_wconf 79' lang='lat' dir='ltr'>Augusti</span> <span class='ocrx_word' id='word_1_260' title='bbox 1938 1099 2058 1126; x_wconf 86' lang='lat' dir='ltr'>acce-</span> 
     </span>
     <span class='ocr_line' id='line_1_50' title="bbox 1217 1145 2059 1202; baseline 0.002 -15"><span class='ocrx_word' id='word_1_261' title='bbox 1217 1154 1339 1201; x_wconf 90' lang='lat' dir='ltr'>perat</span> <span class='ocrx_word' id='word_1_262' title='bbox 1377 1145 1552 1188; x_wconf 74' lang='lat' dir='ltr'>Actiaco</span> <span class='ocrx_word' id='word_1_263' title='bbox 1588 1145 1811 1202; x_wconf 88' lang='lat' dir='ltr'>triumpho</span> <span class='ocrx_word' id='word_1_264' title='bbox 1845 1146 2059 1191; x_wconf 81' lang='lat' dir='ltr'>Tiberius.</span> 
     </span>
     <span class='ocr_line' id='line_1_51' title="bbox 1218 1209 2058 1268; baseline 0.005 -16"><span class='ocrx_word' id='word_1_265' title='bbox 1218 1212 1274 1254; x_wconf 87' lang='lat' dir='ltr'>At</span> <span class='ocrx_word' id='word_1_266' title='bbox 1286 1210 1318 1253; x_wconf 87' lang='lat' dir='ltr'>si</span> <span class='ocrx_word' id='word_1_267' title='bbox 1336 1209 1387 1253; x_wconf 90' lang='lat' dir='ltr'>de</span> <span class='ocrx_word' id='word_1_268' title='bbox 1403 1210 1550 1254; x_wconf 85' lang='lat' dir='ltr'>Druso</span> <span class='ocrx_word' id='word_1_269' title='bbox 1564 1211 1851 1268; x_wconf 85' lang='lat' dir='ltr'>intelligamus</span> <span class='ocrx_word' id='word_1_270' title='bbox 1867 1245 1878 1264; x_wconf 94' lang='lat'>,</span> <span class='ocrx_word' id='word_1_271' title='bbox 1902 1220 1991 1255; x_wconf 84' lang='lat' dir='ltr'>tam</span> <span class='ocrx_word' id='word_1_272' title='bbox 2004 1213 2058 1256; x_wconf 90' lang='lat' dir='ltr'>de</span> 
     </span>
     <span class='ocr_line' id='line_1_52' title="bbox 1221 1272 2061 1335; baseline 0.001 -18"><span class='ocrx_word' id='word_1_273' title='bbox 1221 1273 1403 1318; x_wconf 85' lang='lat' dir='ltr'>Caesaris</span> <span class='ocrx_word' id='word_1_274' title='bbox 1417 1274 1704 1335; x_wconf 76' lang='lat' dir='ltr'>adpellatione</span> <span class='ocrx_word' id='word_1_275' title='bbox 1718 1309 1729 1330; x_wconf 91' lang='lat'>,</span> <span class='ocrx_word' id='word_1_276' title='bbox 1752 1272 1882 1332; x_wconf 85' lang='lat' dir='ltr'>quam</span> <span class='ocrx_word' id='word_1_277' title='bbox 1896 1276 1948 1320; x_wconf 89' lang='lat' dir='ltr'>de</span> <span class='ocrx_word' id='word_1_278' title='bbox 1963 1293 2061 1333; x_wconf 88' lang='lat' dir='ltr'>pro-</span> 
     </span>
     <span class='ocr_line' id='line_1_53' title="bbox 1218 1340 2062 1399; baseline 0.004 -17"><span class='ocrx_word' id='word_1_279' title='bbox 1218 1340 1313 1397; x_wconf 90' lang='lat' dir='ltr'>prio</span> <span class='ocrx_word' id='word_1_280' title='bbox 1333 1342 1511 1383; x_wconf 85' lang='lat' dir='ltr'>nomine</span> <span class='ocrx_word' id='word_1_281' title='bbox 1532 1340 1772 1398; x_wconf 84' lang='lat' dir='ltr'>intelligere</span> <span class='ocrx_word' id='word_1_282' title='bbox 1795 1343 1889 1386; x_wconf 89' lang='lat' dir='ltr'>licet</span> <span class='ocrx_word' id='word_1_283' title='bbox 1907 1376 1918 1397; x_wconf 91' lang='lat'>,</span> <span class='ocrx_word' id='word_1_284' title='bbox 1942 1344 2062 1399; x_wconf 87' lang='lat' dir='ltr'>quasi</span> 
     </span>
     <span class='ocr_line' id='line_1_54' title="bbox 1219 1405 2061 1464; baseline 0.004 -16"><span class='ocrx_word' id='word_1_285' title='bbox 1219 1406 1291 1462; x_wconf 87' lang='lat' dir='ltr'>qui</span> <span class='ocrx_word' id='word_1_286' title='bbox 1325 1423 1369 1449; x_wconf 88' lang='lat' dir='ltr'>se</span> <span class='ocrx_word' id='word_1_287' title='bbox 1402 1405 1584 1461; x_wconf 82' lang='lat' dir='ltr'>dignum</span> <span class='ocrx_word' id='word_1_288' title='bbox 1617 1406 1762 1450; x_wconf 88' lang='lat' dir='ltr'>Druso</span> <span class='ocrx_word' id='word_1_289' title='bbox 1798 1417 1954 1464; x_wconf 86' lang='lat' dir='ltr'>patruo</span> <span class='ocrx_word' id='word_1_290' title='bbox 1974 1441 1985 1462; x_wconf 95' lang='lat'>,</span> <span class='ocrx_word' id='word_1_291' title='bbox 2016 1417 2061 1451; x_wconf 85' lang='lat' dir='ltr'>et</span> 
     </span>
     <span class='ocr_line' id='line_1_55' title="bbox 1217 1471 2058 1530; baseline 0.004 -16"><span class='ocrx_word' id='word_1_292' title='bbox 1217 1472 1323 1515; x_wconf 88' lang='lat' dir='ltr'>item</span> <span class='ocrx_word' id='word_1_293' title='bbox 1338 1471 1562 1515; x_wconf 86' lang='lat' dir='ltr'>Caesarum</span> <span class='ocrx_word' id='word_1_294' title='bbox 1573 1482 1699 1529; x_wconf 83' lang='lat' dir='ltr'>gente</span> <span class='ocrx_word' id='word_1_295' title='bbox 1713 1482 1896 1530; x_wconf 82' lang='lat' dir='ltr'>gereret.</span> <span class='ocrx_word' id='word_1_296' title='bbox 1907 1474 2058 1529; x_wconf 88' lang='lat' dir='ltr'>Quare</span> 
     </span>
     <span class='ocr_line' id='line_1_56' title="bbox 1217 1535 2060 1592; baseline 0.002 -13"><span class='ocrx_word' id='word_1_297' title='bbox 1217 1545 1260 1579; x_wconf 85' lang='lat' dir='ltr'>et</span> <span class='ocrx_word' id='word_1_298' title='bbox 1283 1535 1479 1592; x_wconf 89' lang='lat' dir='ltr'>superius</span> <span class='ocrx_word' id='word_1_299' title='bbox 1506 1538 1734 1580; x_wconf 84' lang='lat' dir='ltr'>Coesareum</span> <span class='ocrx_word' id='word_1_300' title='bbox 1748 1541 1895 1592; x_wconf 76' lang='lat' dir='ltr'>pedem</span> <span class='ocrx_word' id='word_1_301' title='bbox 1915 1571 1926 1588; x_wconf 92' lang='lat'>‚</span> <span class='ocrx_word' id='word_1_302' title='bbox 1967 1554 2060 1581; x_wconf 91' lang='lat' dir='ltr'>non</span> 
     </span>
     <span class='ocr_line' id='line_1_57' title="bbox 1219 1599 2061 1660; baseline 0.008 -20"><span class='ocrx_word' id='word_1_303' title='bbox 1219 1599 1403 1656; x_wconf 86' lang='lat' dir='ltr'>Augusti</span> <span class='ocrx_word' id='word_1_304' title='bbox 1429 1600 1586 1655; x_wconf 89' lang='lat' dir='ltr'>pedem</span> <span class='ocrx_word' id='word_1_305' title='bbox 1602 1633 1613 1655; x_wconf 90' lang='lat'>,</span> <span class='ocrx_word' id='word_1_306' title='bbox 1644 1602 1719 1645; x_wconf 81' lang='lat' dir='ltr'>sed</span> <span class='ocrx_word' id='word_1_307' title='bbox 1742 1602 1907 1646; x_wconf 89' lang='lat' dir='ltr'>Tiberii</span> <span class='ocrx_word' id='word_1_308' title='bbox 1928 1619 2061 1660; x_wconf 85' lang='lat' dir='ltr'>expo-</span> 
     </span>
     <span class='ocr_line' id='line_1_58' title="bbox 1220 1664 2059 1722; baseline 0.007 -16"><span class='ocrx_word' id='word_1_309' title='bbox 1220 1680 1306 1718; x_wconf 91' lang='lat' dir='ltr'>no,</span> <span class='ocrx_word' id='word_1_310' title='bbox 1340 1665 1413 1720; x_wconf 92' lang='lat' dir='ltr'>qui</span> <span class='ocrx_word' id='word_1_311' title='bbox 1439 1673 1533 1708; x_wconf 84' lang='lat' dir='ltr'>tum</span> <span class='ocrx_word' id='word_1_312' title='bbox 1569 1664 1749 1710; x_wconf 83' lang='lat' dir='ltr'>Caesaris</span> <span class='ocrx_word' id='word_1_313' title='bbox 1779 1684 1941 1711; x_wconf 89' lang='lat' dir='ltr'>nomen</span> <span class='ocrx_word' id='word_1_314' title='bbox 1965 1701 1977 1722; x_wconf 93' lang='lat'>,</span> <span class='ocrx_word' id='word_1_315' title='bbox 2008 1669 2059 1712; x_wconf 88' lang='lat' dir='ltr'>ab</span> 
     </span>
     <span class='ocr_line' id='line_1_59' title="bbox 1216 1729 2058 1789; baseline 0.005 -17"><span class='ocrx_word' id='word_1_316' title='bbox 1216 1729 1416 1785; x_wconf 84' lang='lat' dir='ltr'>Augusto</span> <span class='ocrx_word' id='word_1_317' title='bbox 1456 1730 1544 1785; x_wconf 81' lang='lat' dir='ltr'>jam</span> <span class='ocrx_word' id='word_1_318' title='bbox 1587 1731 1757 1787; x_wconf 88' lang='lat' dir='ltr'>pridem</span> <span class='ocrx_word' id='word_1_319' title='bbox 1793 1732 2019 1789; x_wconf 86' lang='lat' dir='ltr'>adoptatus</span> <span class='ocrx_word' id='word_1_320' title='bbox 2046 1766 2058 1788; x_wconf 90' lang='lat'>,</span> 
     </span>
     <span class='ocr_line' id='line_1_60' title="bbox 1215 1795 2060 1850; baseline 0.005 -14"><span class='ocrx_word' id='word_1_321' title='bbox 1215 1795 1404 1850; x_wconf 72' lang='lat' dir='ltr'>gerebat.</span> <span class='ocrx_word' id='word_1_322' title='bbox 1414 1819 1468 1828; x_wconf 91' lang='lat'>--</span> <span class='ocrx_word' id='word_1_323' title='bbox 1481 1797 1706 1841; x_wconf 60' lang='lat' dir='ltr'>cameravit</span> <span class='ocrx_word' id='word_1_324' title='bbox 1716 1805 1888 1840; x_wconf 81' lang='lat' dir='ltr'>euntem.</span> <span class='ocrx_word' id='word_1_325' title='bbox 1905 1797 2060 1840; x_wconf 89' lang='lat' dir='ltr'>Malim</span> 
     </span>
     <span class='ocr_line' id='line_1_61' title="bbox 1216 1859 2060 1905; baseline 0.005 -5"><span class='ocrx_word' id='word_1_326' title='bbox 1216 1868 1416 1905; x_wconf 62' lang='lat' dir='ltr'>opuntem.</span> <span class='ocrx_word' id='word_1_327' title='bbox 1430 1859 1614 1903; x_wconf 80' lang='lat' dir='ltr'>sueton.</span> <span class='ocrx_word' id='word_1_328' title='bbox 1630 1861 1673 1903; x_wconf 90' lang='lat' dir='ltr'>in</span> <span class='ocrx_word' id='word_1_329' title='bbox 1685 1861 1886 1903; x_wconf 87' lang='lat' dir='ltr'>Tiberio:</span> <span class='ocrx_word' id='word_1_330' title='bbox 1902 1879 1921 1898; x_wconf 89' lang='lat'>«</span> <span class='ocrx_word' id='word_1_331' title='bbox 1937 1862 2060 1904; x_wconf 84' lang='lat' dir='ltr'>Rhae-</span> 
     </span>
     <span class='ocr_line' id='line_1_62' title="bbox 1217 1923 2062 1982; baseline 0.005 -17"><span class='ocrx_word' id='word_1_332' title='bbox 1217 1923 1300 1966; x_wconf 86' lang='lat' dir='ltr'>tico</span> <span class='ocrx_word' id='word_1_333' title='bbox 1315 1932 1443 1980; x_wconf 89' lang='lat' dir='ltr'>atque</span> <span class='ocrx_word' id='word_1_334' title='bbox 1454 1924 1685 1968; x_wconf 86' lang='lat' dir='ltr'>Vindelico</span> <span class='ocrx_word' id='word_1_335' title='bbox 1699 1925 1812 1968; x_wconf 85' lang='lat' dir='ltr'>betto</span> <span class='ocrx_word' id='word_1_336' title='bbox 1827 1934 1976 1982; x_wconf 84' lang='lat' dir='ltr'>gentes</span> <span class='ocrx_word' id='word_1_337' title='bbox 1991 1927 2062 1969; x_wconf 86' lang='lat' dir='ltr'>Al-</span> 
     </span>
     <span class='ocr_line' id='line_1_63' title="bbox 1216 1988 2061 2042; baseline 0.005 -13"><span class='ocrx_word' id='word_1_338' title='bbox 1216 1988 1362 2042; x_wconf 90' lang='lat' dir='ltr'>pinas,</span> <span class='ocrx_word' id='word_1_339' title='bbox 1394 1989 1651 2032; x_wconf 80' lang='lat' dir='ltr'>Pannonico</span> <span class='ocrx_word' id='word_1_340' title='bbox 1673 1989 1864 2032; x_wconf 87' lang='lat' dir='ltr'>Breucos</span> <span class='ocrx_word' id='word_1_341' title='bbox 1887 1998 1930 2032; x_wconf 92' lang='lat' dir='ltr'>et</span> <span class='ocrx_word' id='word_1_342' title='bbox 1954 1989 2061 2032; x_wconf 87' lang='lat' dir='ltr'>Dal-</span> 
     </span>
     <span class='ocr_line' id='line_1_64' title="bbox 1217 2053 2063 2109; baseline 0.002 -15"><span class='ocrx_word' id='word_1_343' title='bbox 1217 2061 1353 2095; x_wconf 86' lang='lat' dir='ltr'>matas</span> <span class='ocrx_word' id='word_1_344' title='bbox 1380 2053 1561 2109; x_wconf 81' lang='lat' dir='ltr'>subegit.</span> <span class='ocrx_word' id='word_1_345' title='bbox 1586 2053 1853 2096; x_wconf 88' lang='lat' dir='ltr'>Germanico</span> <span class='ocrx_word' id='word_1_346' title='bbox 1873 2054 2063 2109; x_wconf 87' lang='lat' dir='ltr'>quadra-</span> 
     </span>
     <span class='ocr_line' id='line_1_65' title="bbox 1216 2117 2061 2174; baseline 0.004 -16"><span class='ocrx_word' id='word_1_347' title='bbox 1216 2118 1332 2172; x_wconf 87' lang='lat' dir='ltr'>ginta</span> <span class='ocrx_word' id='word_1_348' title='bbox 1352 2117 1485 2160; x_wconf 83' lang='lat' dir='ltr'>millia</span> <span class='ocrx_word' id='word_1_349' title='bbox 1505 2117 1806 2161; x_wconf 84' lang='lat' dir='ltr'>dedititiorum</span> <span class='ocrx_word' id='word_1_350' title='bbox 1830 2119 1998 2174; x_wconf 88' lang='lat' dir='ltr'>trajecit</span> <span class='ocrx_word' id='word_1_351' title='bbox 2014 2119 2061 2161; x_wconf 87' lang='lat' dir='ltr'>in</span> 
     </span>
     <span class='ocr_line' id='line_1_66' title="bbox 1218 2181 2062 2238; baseline 0.004 -15"><span class='ocrx_word' id='word_1_352' title='bbox 1218 2181 1402 2235; x_wconf 82' lang='lat' dir='ltr'>Galliam</span> <span class='ocrx_word' id='word_1_353' title='bbox 1430 2198 1440 2224; x_wconf 77' lang='lat' dir='ltr'><em>z</em></span> <span class='ocrx_word' id='word_1_354' title='bbox 1464 2198 1568 2238; x_wconf 88' lang='lat' dir='ltr'>quas</span> <span class='ocrx_word' id='word_1_355' title='bbox 1597 2182 1653 2225; x_wconf 89' lang='lat' dir='ltr'>ob</span> <span class='ocrx_word' id='word_1_356' title='bbox 1686 2199 1754 2225; x_wconf 90' lang='lat' dir='ltr'>res</span> <span class='ocrx_word' id='word_1_357' title='bbox 1786 2192 1828 2226; x_wconf 88' lang='lat' dir='ltr'>et</span> <span class='ocrx_word' id='word_1_358' title='bbox 1856 2199 1989 2226; x_wconf 84' lang='lat' dir='ltr'>ovans</span> <span class='ocrx_word' id='word_1_359' title='bbox 2017 2193 2062 2226; x_wconf 84' lang='lat' dir='ltr'>et</span> 
     </span>
     <span class='ocr_line' id='line_1_67' title="bbox 1216 2248 2063 2304; baseline 0.005 -15"><span class='ocrx_word' id='word_1_360' title='bbox 1216 2263 1348 2290; x_wconf 90' lang='lat' dir='ltr'>curru</span> <span class='ocrx_word' id='word_1_361' title='bbox 1369 2248 1523 2292; x_wconf 88' lang='lat' dir='ltr'>urbem</span> <span class='ocrx_word' id='word_1_362' title='bbox 1551 2248 1767 2304; x_wconf 84' lang='lat' dir='ltr'>ingressus</span> <span class='ocrx_word' id='word_1_363' title='bbox 1788 2258 1864 2292; x_wconf 88' lang='lat' dir='ltr'>est.</span> <span class='ocrx_word' id='word_1_364' title='bbox 1884 2268 1904 2286; x_wconf 76' lang='grc' dir='ltr'>υ</span> <span class='ocrx_word' id='word_1_365' title='bbox 1936 2250 2063 2293; x_wconf 86' lang='lat' dir='ltr'>Paria</span> 
     </span>
     <span class='ocr_line' id='line_1_68' title="bbox 1217 2312 2063 2369; baseline 0.002 -14"><span class='ocrx_word' id='word_1_366' title='bbox 1217 2312 1348 2356; x_wconf 88' lang='lat' dir='ltr'>habes</span> <span class='ocrx_word' id='word_1_367' title='bbox 1366 2312 1479 2369; x_wconf 86' lang='lat' dir='ltr'>apud</span> <span class='ocrx_word' id='word_1_368' title='bbox 1497 2313 1687 2355; x_wconf 89' lang='lat' dir='ltr'>Dionem</span> <span class='ocrx_word' id='word_1_369' title='bbox 1705 2346 1715 2365; x_wconf 92' lang='lat'>,</span> <span class='ocrx_word' id='word_1_370' title='bbox 1738 2314 1806 2357; x_wconf 90' lang='lat' dir='ltr'>lib.</span> <span class='ocrx_word' id='word_1_371' title='bbox 1831 2313 1914 2356; x_wconf 90' lang='lat' dir='ltr'>IV.</span> <span class='ocrx_word' id='word_1_372' title='bbox 1935 2314 1993 2357; x_wconf 89' lang='lat' dir='ltr'>H.</span> <span class='ocrx_word' id='word_1_373' title='bbox 2009 2337 2063 2348; x_wconf 88' lang='lat'>—-</span> 
     </span>
     <span class='ocr_line' id='line_1_69' title="bbox 1218 2375 2061 2434; baseline 0.002 -15"><span class='ocrx_word' id='word_1_374' title='bbox 1218 2375 1419 2420; x_wconf 85' lang='lat' dir='ltr'>Suetonii</span> <span class='ocrx_word' id='word_1_375' title='bbox 1452 2377 1568 2420; x_wconf 88' lang='lat' dir='ltr'>locus</span> <span class='ocrx_word' id='word_1_376' title='bbox 1588 2388 1655 2422; x_wconf 76' lang='lat' dir='ltr'>est</span> <span class='ocrx_word' id='word_1_377' title='bbox 1687 2378 1740 2420; x_wconf 88' lang='lat' dir='ltr'>de</span> <span class='ocrx_word' id='word_1_378' title='bbox 1771 2379 1912 2434; x_wconf 91' lang='lat' dir='ltr'>priore</span> <span class='ocrx_word' id='word_1_379' title='bbox 1937 2378 2061 2422; x_wconf 91' lang='lat' dir='ltr'>bello.</span> 
     </span>
     <span class='ocr_line' id='line_1_70' title="bbox 1217 2444 2064 2502; baseline 0 -14"><span class='ocrx_word' id='word_1_380' title='bbox 1217 2444 1454 2488; x_wconf 87' lang='lat' dir='ltr'>Suetonius</span> <span class='ocrx_word' id='word_1_381' title='bbox 1474 2445 1563 2502; x_wconf 90' lang='lat' dir='ltr'>ipse</span> <span class='ocrx_word' id='word_1_382' title='bbox 1580 2478 1591 2499; x_wconf 92' lang='lat'>,</span> <span class='ocrx_word' id='word_1_383' title='bbox 1617 2444 1810 2487; x_wconf 89' lang='lat' dir='ltr'>Velleius</span> <span class='ocrx_word' id='word_1_384' title='bbox 1828 2453 1871 2487; x_wconf 91' lang='lat' dir='ltr'>et</span> <span class='ocrx_word' id='word_1_385' title='bbox 1889 2445 1976 2488; x_wconf 90' lang='lat' dir='ltr'>Dio</span> <span class='ocrx_word' id='word_1_386' title='bbox 1992 2461 2064 2489; x_wconf 90' lang='lat' dir='ltr'>os·—</span> 
     </span>
     <span class='ocr_line' id='line_1_71' title="bbox 1217 2509 2062 2564; baseline 0.001 -12"><span class='ocrx_word' id='word_1_387' title='bbox 1217 2509 1431 2563; x_wconf 81' lang='lat' dir='ltr'>tendunt,</span> <span class='ocrx_word' id='word_1_388' title='bbox 1449 2509 1567 2553; x_wconf 91' lang='lat' dir='ltr'>hunc</span> <span class='ocrx_word' id='word_1_389' title='bbox 1580 2510 1746 2564; x_wconf 86' lang='lat' dir='ltr'>justum</span> <span class='ocrx_word' id='word_1_390' title='bbox 1762 2509 1892 2553; x_wconf 83' lang='lat' dir='ltr'>fuisse</span> <span class='ocrx_word' id='word_1_391' title='bbox 1907 2510 2062 2553; x_wconf 84' lang='lat' dir='ltr'>trium-</span> 
     </span>
     <span class='ocr_line' id='line_1_72' title="bbox 1217 2574 1788 2632; baseline -0.004 -14"><span class='ocrx_word' id='word_1_392' title='bbox 1217 2574 1353 2632; x_wconf 88' lang='lat' dir='ltr'>phum</span> <span class='ocrx_word' id='word_1_393' title='bbox 1371 2607 1382 2628; x_wconf 90' lang='lat'>,</span> <span class='ocrx_word' id='word_1_394' title='bbox 1410 2591 1502 2617; x_wconf 90' lang='lat' dir='ltr'>non</span> <span class='ocrx_word' id='word_1_395' title='bbox 1525 2576 1788 2628; x_wconf 84' lang='lat' dir='ltr'>ovationem.</span> 
     </span>
    </p>

    <p class='ocr_par' dir='ltr' id='par_1_12' title="bbox 1215 2637 2065 3347">
     <span class='ocr_line' id='line_1_73' title="bbox 1272 2637 2062 2695; baseline -0.005 -13"><span class='ocrx_word' id='word_1_396' title='bbox 1272 2641 1336 2693; x_wconf 78' lang='grc'>84.</span> <span class='ocrx_word' id='word_1_397' title='bbox 1355 2641 1675 2695; x_wconf 68' lang='lat' dir='ltr'>Nomzfnz&#39;busque</span> <span class='ocrx_word' id='word_1_398' title='bbox 1687 2643 1811 2682; x_wconf 66' lang='lat' dir='ltr'>dattlr.</span> <span class='ocrx_word' id='word_1_399' title='bbox 1831 2637 1985 2680; x_wconf 88' lang='lat' dir='ltr'>Malim</span> <span class='ocrx_word' id='word_1_400' title='bbox 1998 2653 2062 2678; x_wconf 84' lang='lat' dir='ltr'>ra-</span> 
     </span>
     <span class='ocr_line' id='line_1_74' title="bbox 1217 2704 2062 2747; baseline -0.004 0"><span class='ocrx_word' id='word_1_401' title='bbox 1217 2709 1286 2747; x_wconf 74' lang='lat' dir='ltr'>tis.</span> <span class='ocrx_word' id='word_1_402' title='bbox 1308 2704 1596 2747; x_wconf 86' lang='lat' dir='ltr'>Germanicus</span> <span class='ocrx_word' id='word_1_403' title='bbox 1622 2720 1786 2746; x_wconf 84' lang='lat' dir='ltr'>nomen</span> <span class='ocrx_word' id='word_1_404' title='bbox 1815 2718 1943 2746; x_wconf 88' lang='lat' dir='ltr'>suum</span> <span class='ocrx_word' id='word_1_405' title='bbox 1969 2717 2062 2744; x_wconf 89' lang='lat' dir='ltr'>non</span> 
     </span>
     <span class='ocr_line' id='line_1_75' title="bbox 1218 2765 2065 2811; baseline -0.004 -2"><span class='ocrx_word' id='word_1_406' title='bbox 1218 2783 1306 2810; x_wconf 90' lang='lat' dir='ltr'>una</span> <span class='ocrx_word' id='word_1_407' title='bbox 1324 2768 1375 2810; x_wconf 88' lang='lat' dir='ltr'>de</span> <span class='ocrx_word' id='word_1_408' title='bbox 1393 2767 1626 2811; x_wconf 82' lang='lat' dir='ltr'>Germanis</span> <span class='ocrx_word' id='word_1_409' title='bbox 1646 2767 1822 2810; x_wconf 87' lang='lat' dir='ltr'>victoria</span> <span class='ocrx_word' id='word_1_410' title='bbox 1839 2775 1982 2808; x_wconf 88' lang='lat' dir='ltr'>ratum</span> <span class='ocrx_word' id='word_1_411' title='bbox 2000 2765 2065 2807; x_wconf 88' lang='lat' dir='ltr'>fe-</span> 
     </span>
     <span class='ocr_line' id='line_1_76' title="bbox 1218 2832 2062 2888; baseline -0.004 -13"><span class='ocrx_word' id='word_1_412' title='bbox 1218 2833 1274 2875; x_wconf 83' lang='lat' dir='ltr'>cit</span> <span class='ocrx_word' id='word_1_413' title='bbox 1297 2849 1306 2875; x_wconf 94' lang='lat'><strong>:</strong></span> <span class='ocrx_word' id='word_1_414' title='bbox 1330 2833 1447 2875; x_wconf 82' lang='lat' dir='ltr'>hune</span> <span class='ocrx_word' id='word_1_415' title='bbox 1467 2841 1594 2888; x_wconf 88' lang='lat' dir='ltr'>atque</span> <span class='ocrx_word' id='word_1_416' title='bbox 1618 2832 1816 2874; x_wconf 90' lang='lat' dir='ltr'>Drusum</span> <span class='ocrx_word' id='word_1_417' title='bbox 1843 2847 1930 2873; x_wconf 91' lang='lat' dir='ltr'>una</span> <span class='ocrx_word' id='word_1_418' title='bbox 1960 2846 2062 2873; x_wconf 88' lang='lat' dir='ltr'>cum</span> 
     </span>
     <span class='ocr_line' id='line_1_77' title="bbox 1219 2895 2063 2952; baseline -0.004 -12"><span class='ocrx_word' id='word_1_419' title='bbox 1219 2898 1397 2940; x_wconf 81' lang='lat' dir='ltr'>Tiberio</span> <span class='ocrx_word' id='word_1_420' title='bbox 1439 2896 1723 2952; x_wconf 83' lang='lat' dir='ltr'>triumphasse</span> <span class='ocrx_word' id='word_1_421' title='bbox 1763 2904 1860 2951; x_wconf 86' lang='lat' dir='ltr'>post</span> <span class='ocrx_word' id='word_1_422' title='bbox 1897 2895 2063 2938; x_wconf 87' lang='lat' dir='ltr'>bellum</span> 
     </span>
     <span class='ocr_line' id='line_1_78' title="bbox 1217 2961 2062 3005; baseline -0.001 0"><span class='ocrx_word' id='word_1_423' title='bbox 1217 2964 1522 3005; x_wconf 84' lang='lat' dir='ltr'>Pannonicum</span> <span class='ocrx_word' id='word_1_424' title='bbox 1553 2962 1803 3005; x_wconf 82' lang='lat' dir='ltr'>confectum</span> <span class='ocrx_word' id='word_1_425' title='bbox 1837 2979 1887 3005; x_wconf 82' lang='lat' dir='ltr'>ex</span> <span class='ocrx_word' id='word_1_426' title='bbox 1916 2961 2062 3004; x_wconf 86' lang='lat' dir='ltr'>Dione</span> 
     </span>
     <span class='ocr_line' id='line_1_79' title="bbox 1217 3027 2062 3082; baseline -0.001 -13"><span class='ocrx_word' id='word_1_427' title='bbox 1217 3027 1420 3070; x_wconf 84' lang='lat' dir='ltr'>discimus</span> <span class='ocrx_word' id='word_1_428' title='bbox 1434 3060 1444 3080; x_wconf 93' lang='lat'>,</span> <span class='ocrx_word' id='word_1_429' title='bbox 1464 3028 1541 3070; x_wconf 88' lang='lat' dir='ltr'>etsi</span> <span class='ocrx_word' id='word_1_430' title='bbox 1561 3027 1731 3069; x_wconf 85' lang='lat' dir='ltr'>Drusus</span> <span class='ocrx_word' id='word_1_431' title='bbox 1748 3028 1822 3082; x_wconf 78' lang='lat' dir='ltr'>ipsi</span> <span class='ocrx_word' id='word_1_432' title='bbox 1844 3027 1957 3070; x_wconf 87' lang='lat' dir='ltr'>bello</span> <span class='ocrx_word' id='word_1_433' title='bbox 1972 3042 2062 3068; x_wconf 87' lang='lat' dir='ltr'>non</span> 
     </span>
     <span class='ocr_line' id='line_1_80' title="bbox 1215 3093 2062 3151; baseline -0.001 -15"><span class='ocrx_word' id='word_1_434' title='bbox 1215 3095 1497 3137; x_wconf 80' lang='lat' dir='ltr'>interfuisset.</span> <span class='ocrx_word' id='word_1_435' title='bbox 1519 3095 1578 3136; x_wconf 88' lang='lat' dir='ltr'>H.</span> <span class='ocrx_word' id='word_1_436' title='bbox 1598 3118 1652 3126; x_wconf 90' lang='lat'>—</span> <span class='ocrx_word' id='word_1_437' title='bbox 1674 3095 1730 3137; x_wconf 89' lang='lat' dir='ltr'>Et</span> <span class='ocrx_word' id='word_1_438' title='bbox 1753 3095 1884 3151; x_wconf 85' lang='lat' dir='ltr'>digna</span> <span class='ocrx_word' id='word_1_439' title='bbox 1907 3093 2062 3136; x_wconf 87' lang='lat' dir='ltr'>nomi-</span> 
     </span>
     <span class='ocr_line' id='line_1_81' title="bbox 1217 3159 2060 3217; baseline -0.004 -14"><span class='ocrx_word' id='word_1_440' title='bbox 1217 3161 1343 3204; x_wconf 90' lang='lat' dir='ltr'>nibus</span> <span class='ocrx_word' id='word_1_441' title='bbox 1381 3163 1433 3204; x_wconf 89' lang='lat' dir='ltr'>ab</span> <span class='ocrx_word' id='word_1_442' title='bbox 1466 3162 1664 3217; x_wconf 82' lang='lat' dir='ltr'>Augusto</span> <span class='ocrx_word' id='word_1_443' title='bbox 1700 3162 1799 3217; x_wconf 88' lang='lat' dir='ltr'>ipsis</span> <span class='ocrx_word' id='word_1_444' title='bbox 1839 3159 2060 3215; x_wconf 87' lang='lat' dir='ltr'>impositis.</span> 
     </span>
     <span class='ocr_line' id='line_1_82' title="bbox 1219 3225 2062 3282; baseline -0.008 -12"><span class='ocrx_word' id='word_1_445' title='bbox 1219 3227 1389 3270; x_wconf 89' lang='lat' dir='ltr'>Omnes</span> <span class='ocrx_word' id='word_1_446' title='bbox 1407 3226 1622 3282; x_wconf 83' lang='lat' dir='ltr'>siquidem</span> <span class='ocrx_word' id='word_1_447' title='bbox 1646 3225 1838 3269; x_wconf 76' lang='lat' dir='ltr'>Caesares</span> <span class='ocrx_word' id='word_1_448' title='bbox 1857 3225 2062 3268; x_wconf 84' lang='lat' dir='ltr'>diceban-</span> 
     </span>
     <span class='ocr_line' id='line_1_83' title="bbox 1217 3291 1928 3347; baseline -0.004 -13"><span class='ocrx_word' id='word_1_449' title='bbox 1217 3301 1310 3345; x_wconf 87' lang='lat' dir='ltr'>tur,</span> <span class='ocrx_word' id='word_1_450' title='bbox 1335 3301 1424 3335; x_wconf 89' lang='lat' dir='ltr'>tam</span> <span class='ocrx_word' id='word_1_451' title='bbox 1446 3291 1550 3345; x_wconf 86' lang='lat' dir='ltr'>filii,</span> <span class='ocrx_word' id='word_1_452' title='bbox 1580 3307 1710 3347; x_wconf 89' lang='lat' dir='ltr'>quam</span> <span class='ocrx_word' id='word_1_453' title='bbox 1736 3298 1928 3345; x_wconf 88' lang='lat' dir='ltr'>nepotes.</span> 
     </span>
    </p>

    <p class='ocr_par' dir='ltr' id='par_1_13' title="bbox 1218 3352 2060 3477">
     <span class='ocr_line' id='line_1_84' title="bbox 1272 3352 2060 3400; baseline -0.006 -1"><span class='ocrx_word' id='word_1_454' title='bbox 1272 3359 1335 3399; x_wconf 87' lang='lat'>85.</span> <span class='ocrx_word' id='word_1_455' title='bbox 1360 3361 1573 3399; x_wconf 76' lang='lat' dir='ltr'>Fratribus</span> <span class='ocrx_word' id='word_1_456' title='bbox 1592 3360 1812 3400; x_wconf 58' lang='lat' dir='ltr'>adsimiltk.</span> <span class='ocrx_word' id='word_1_457' title='bbox 1838 3353 1986 3397; x_wconf 87' lang='lat' dir='ltr'>Proles</span> <span class='ocrx_word' id='word_1_458' title='bbox 2005 3352 2060 3395; x_wconf 86' lang='lat' dir='ltr'>si-</span> 
     </span>
     <span class='ocr_line' id='line_1_85' title="bbox 1218 3421 2058 3477; baseline -0.005 -15"><span class='ocrx_word' id='word_1_459' title='bbox 1218 3422 1328 3464; x_wconf 82' lang='lat' dir='ltr'>milis</span> <span class='ocrx_word' id='word_1_460' title='bbox 1346 3421 1638 3477; x_wconf 80' lang='lat' dir='ltr'>Cupidinibus</span> <span class='ocrx_word' id='word_1_461' title='bbox 1651 3453 1661 3473; x_wconf 89' lang='lat'>,</span> <span class='ocrx_word' id='word_1_462' title='bbox 1679 3421 1754 3475; x_wconf 85' lang='lat' dir='ltr'>qui</span> <span class='ocrx_word' id='word_1_463' title='bbox 1772 3422 1886 3462; x_wconf 84' lang='lat' dir='ltr'>inter</span> <span class='ocrx_word' id='word_1_464' title='bbox 1898 3434 1941 3460; x_wconf 84' lang='lat' dir='ltr'>se</span> <span class='ocrx_word' id='word_1_465' title='bbox 1956 3426 2058 3460; x_wconf 85' lang='lat' dir='ltr'>sunt</span> 
     </span>
    </p>
   </div>
  </div>
 </body>
</html>
