2280 3776
503 275 951 331 TRISTIUM
990 274 1157 329 LIB.
1203 273 1276 329 V.
1323 274 1575 329 ELEG.
1632 276 1744 330 VI.

1918 279 2027 331 223

329 391 550 454 Dixisse
574 391 630 452 in
661 390 899 475 Pyladen
926 390 1091 453 verba
1120 403 1370 473 proterva
1402 392 1604 474 putas?

245 489 360 550 Nec
391 488 585 572 procul
614 512 644 549 a
675 512 802 549 vero
833 502 949 561 est,
981 487 1133 571 quod
1162 486 1243 547 vel
1274 487 1504 570 pulsarit
1529 488 1795 550 amicum:

331 584 538 646 Mansit
566 586 625 646 in
656 584 851 648 officiis
878 608 992 647 non
1023 585 1204 646 minus
1234 583 1324 646 ille
1353 586 1485 646 suis.

250 682 372 741 Hoc
406 697 488 745 est
517 707 641 744 cum
667 682 882 745 miseris
912 681 1089 744 solum
1120 707 1406 744 commune
1432 683 1644 756 beatis,

328 779 620 841 Ambobus
650 779 822 842 tribui
854 780 1005 864 quod
1034 779 1176 843 solet
1203 780 1550 865 obsequium.
1974 794 2028 835 ³0

251 875 479 938 Ceditur
506 892 561 938 et
589 877 741 939 caecis
758 923 773 951 ‚
801 893 857 939 et
888 902 1026 962 quos
1054 893 1314 963 praetexta
1341 878 1639 951 verendos,

328 972 608 1057 Virgaque
639 996 763 1034 cum
790 974 974 1036 verbis
1001 975 1292 1058 imperiosa
1314 1022 1329 1048 ‚
1359 973 1504 1035 facit.

247 1067 306 1127 Si
337 1068 474 1128 mihi
504 1093 619 1130 non
645 1070 823 1154 parcis
843 1117 857 1144 ‚
889 1072 1126 1135 fortunae
1154 1095 1373 1155 parcere
1402 1071 1601 1133 debes:

325 1164 454 1224 Non
482 1164 651 1226 habet
676 1166 734 1226 in
762 1166 925 1227 nobis
952 1166 1122 1228 ullius
1150 1168 1228 1227 ira
1256 1167 1458 1227 locum.

244 1259 402 1341 Elige
429 1277 751 1336 nostrorum
780 1265 1066 1325 minimum
1092 1263 1488 1345 minimumque
1519 1260 1804 1323 laborum:
1973 1277 2024 1317 35

325 1359 440 1418 Isto
460 1404 475 1431 ‚
508 1382 620 1442 quo
650 1359 786 1421 reris
807 1406 821 1433 ‚
856 1358 1114 1438 grandius
1144 1357 1282 1420 illud
1309 1357 1428 1418 erit.

246 1451 432 1531 Quam
459 1452 634 1516 multa
661 1452 892 1516 madidae
920 1451 1266 1515 celebrantur
1290 1451 1557 1514 arundine
1584 1451 1771 1522 fossa-²3

327 1547 547 1609 Florida
576 1573 736 1633 quam
766 1547 968 1610 multas
999 1548 1183 1632 Hybla
1216 1536 1401 1609 ttietur
1425 1571 1583 1632 apes;

302 1711 366 1755 26.
385 1713 564 1757 Dmkse
579 1716 625 1756 in
639 1715 830 1772 Pyladen
855 1715 980 1756 verba
990 1728 1094 1769 pro-

244 1784 356 1820 terva
369 1785 509 1832 putas.
525 1777 716 1833 Improba
735 1780 887 1833 verbm·
909 1777 998 1821 duo
1017 1782 1095 1821 tri-

245 1847 331 1887 ste‘a
342 1846 494 1897 verba,·
508 1860 566 1888 un
573 1860 621 1888 us
633 1848 790 1900 1'mp1'a‚·
809 1844 914 1889 alius
927 1860 1091 1899 aspera,

247 1918 294 1954 ut
322 1911 452 1954 Pont.
475 1911 520 1955 ΙΙ
536 1943 547 1965 ,
571 1910 692 1967 Eleg.
713 1924 786 1966 vx,
810 1913 860 1955 8:
881 1929 902 1948 α
929 1911 1095 1967 Aspera

245 1974 442 2019 confesso
462 1975 592 2019 verba
613 1976 788 2020 remitte
810 1991 898 2020 reo.
925 1994 945 2013 »
971 1975 1095 2019 H.—

253 2042 386 2083 Verba
403 2049 607 2095 proterva.
639 2039 848 2085 Convicia
870 2050 913 2085 et
934 2050 1095 2085 contu-

244 2105 394 2149 melias
407 2105 451 2150 in
468 2106 592 2150 illum
604 2107 846 2151 evomuisse
858 2140 871 2163 ,
891 2115 939 2150 ut
953 2107 1092 2151 insani

170 2187 173 2194 ’
245 2171 397 2216 solent.
418 2172 563 2216 PONT-

287 2250 351 2290 ²7·
367 2237 492 2289 Quod
496 2238 758 2290 velpulsam
765 2241 955 2280 amicum.
974 2239 1100 2291 Quod

245 2319 328 2345 non
353 2302 546 2360 plerique
570 2319 580 2346 t
603 2319 659 2347 an
690 2320 742 2346 ne
771 2320 854 2346 non
869 2306 1092 2360 pulsarit?

248 2366 518 2410 Combianus
537 2371 637 2423 quia
656 2384 737 2411 non
754 2371 940 2422 pulsarit
958 2385 970 2410 .·
991 2385 1093 2411 mox

246 2432 396 2475 malim
417 2448 512 2475 num
532 2436 691 2482 utinm,
715 2433 795 2488 pro
814 2449 908 2476 non.
926 2433 1093 2477 Hssms.

302 2515 367 2556 29.
385 2498 480 2541 Hoc
493 2505 560 2540 est
569 2512 662 2540 cum
671 2501 847 2540 miserit.
861 2495 1094 2541 Distichon

247 2562 330 2607 hoe
344 2571 592 2620 suspectum
606 2570 682 2605 est.
699 2562 865 2606 Hssms.

298 2629 322 2671 3
332 2645 347 2671 1
355 2661 364 2671 .
379 2629 551 2671 Cedilur
557 2633 739 2672 etcaecis.
751 2626 952 2671 Solemus
962 2628 1094 2671 etiam

247 2692 426 2750 obsequi
441 2702 485 2736 et
501 2692 655 2736 cedere
670 2692 723 2735 de
738 2692 822 2747 via,
837 2694 956 2737 caecis
971 2702 1095 2735 tran-

245 2759 483 2802 seuntibus.
492 2761 553 2802 Et
559 2775 660 2814 quos
662 2767 877 2814 pra-texta.
889 2758 1094 2801 Tertium

250 2838 384 2878 genus
411 2822 646 2866 hominum
680 2823 905 2880 designat,
940 2823 1095 2878 quibus

248 2888 378 2930 etiam
394 2890 674 2946 obsequimur
689 2924 701 2945 ‚
717 2889 1037 2948 magistratibus
1051 2898 1096 2933 et

249 2949 495 2996 consulibus
516 2970 526 2996 ι
547 2970 653 3010 quos
682 2954 880 3011 designat
904 2969 981 3009 per
1004 2959 1095 2996 vir-

245 3029 391 3067 garum
390 3014 543 3070 fasces
555 3050 566 3068 ‚
583 3019 658 3074 qui
667 3034 691 3061 a
703 3017 924 3061 lictoribus
938 3018 1097 3074 praefe-

248 3079 472 3122 rebantur.

304 3143 370 3185 32.
386 3145 629 3197 Imperiosa.
649 3146 786 3189 Plena
802 3147 974 3204 imperii
993 3180 1005 3202 ,
1026 3147 1096 3191 vel

250 3208 505 3252 ostentatrix
525 3209 709 3265 imperii.
740 3214 959 3268 W‘rgaque.
980 3211 1095 3255 Vide

249 3288 357 3315 num
376 3274 493 3330 virga
513 3274 673 3318 lictoris
685 3276 827 3332 potius
848 3275 1096 3334 intelligen-

249 3337 302 3379 da
317 3339 371 3382 sit
391 3338 472 3382 hoc
489 3339 580 3383 loco
599 3373 610 3393 ,
629 3356 713 3396 qua
732 3341 802 3384 ille
822 3342 970 3385 obvios
991 3358 1013 3384 e
1027 3343 1101 3386 via

248 3403 559 3461 submovebat,
581 3419 716 3461 quum
737 3405 870 3450 fasces
888 3406 999 3450 nihil
1023 3407 1096 3462 ju·-

1176 1712 1303 1767 bere,
1325 1720 1398 1756 aut
1414 1711 1630 1769 imperare
1646 1709 1840 1763 soleant,
1863 1708 1938 1752 sed
1954 1709 2012 1752 in-

1177 1776 1298 1832 signe
1323 1784 1494 1819 tantum
1513 1774 1785 1830 magistratus
1800 1774 1899 1816 sint.

1230 1842 1298 1899 345
1309 1844 1404 1885 Non
1416 1844 1598 1885 hebetia
1609 1843 1731 1885 nobis
1741 1843 1868 1884 ullius
1882 1843 1947 1883 ira
1959 1842 2025 1882 lo-

1174 1907 1417 1952 curm-Solet
1430 1907 1547 1951 enim
1564 1922 1643 1949 usu
1660 1907 1808 1949 venire
1826 1939 1838 1960 ,
1856 1914 1902 1948 ut
1917 1922 2026 1962 quos

1174 1971 1347 2029 injuriae
1383 1973 1542 2015 invisos
1580 1970 1773 2024 faciunt,
1815 1971 2026 2027 gratiosos

1174 2039 1358 2082 miserie
1374 2037 1591 2092 reddant,
1613 2046 1661 2081 ut
1676 2046 1740 2081 est
1759 2036 1872 2095 apud
1891 2036 1996 2079 Vale
2009 2062 2021 2066 -

1173 2102 1303 2149 rium.

1228 2171 1293 2213 36.
1315 2171 1397 2212 Illo
1412 2201 1424 2222 ,
1448 2185 1527 2224 quo
1547 2172 1739 2225 quereris.
1767 2169 1893 2221 Quod
1900 2166 2025 2209 multi

1173 2242 1364 2284 veterem
1386 2235 1501 2288 quod
1518 2237 1653 2288 queris
1675 2232 2022 2287 Hamburgensis

1173 2308 1218 2342 et
1234 2298 1479 2349 Leidensis3
1496 2314 1576 2352 quo
1589 2301 1691 2339 reris
1706 2297 1832 2352 prim.
1847 2295 2022 2339 Politia—

1173 2365 1218 2407 ni
1237 2380 1246 2406 ε
1262 2372 1378 2407 recte
1395 2379 1404 2405 :
1419 2378 1499 2419 pro
1511 2367 1722 2404 minimum
1735 2365 2024 2416 minimumque

1171 2433 1359 2473 laborum
1373 2463 1384 2481 ‚
1406 2428 1754 2486 Gottorphianus
1765 2445 1842 2484 pro
1855 2428 2025 2475 diversa

1171 2494 1359 2538 lectione
1379 2498 1594 2537 minimum
1611 2496 1665 2536 de
1670 2503 1822 2549 panc,-
1842 2493 1957 2551 quod
1975 2509 2025 2535 ex

1173 2559 1260 2606 suis
1284 2559 1502 2605 codicibus
1530 2559 1709 2616 probat,
1741 2568 1785 2601 et
1805 2559 1852 2600 in
1874 2557 2025 2601 ultima

1172 2625 1364 2669 editione
1378 2625 1712 2683 exprimendum
1722 2624 1888 2669 curavit
1899 2625 2024 2668 Nau·

1174 2691 1316 2748 gerius
1333 2709 1342 2741 ;
1358 2691 1520 2734 frustra
1538 2708 1547 2734 :
1563 2691 1735 2748 elegans
1753 2699 1815 2733 est
1836 2690 2024 2746 loquen—

1174 2754 1219 2797 di
1240 2755 1397 2798 modus
1419 2772 1429 2798 ε
1450 2756 1510 2799 sic
1534 2755 1778 2812 Penelopes
1804 2755 1995 2810 Epistola
2009 2788 2022 2808 ,

1173 2835 1213 2861 v.
1235 2822 1283 2872 4¹
1305 2836 1316 2862 ι
1336 2838 1363 2858 «ι
1383 2820 1573 2862 nimium
1593 2821 1867 2875 nimiumque
1890 2818 2021 2862 oblite

1180 2895 1373 2931 tuorum.
1396 2905 1418 2924 υ
1433 2888 1523 2930 Pro
1543 2891 1732 2931 laborum
1748 2889 1879 2930 etiam
1898 2890 2024 2929 malo-

1176 2969 1265 2994 mm
1286 2951 1486 2994 nonnulli
1505 2952 1674 2996 codices
1694 2951 1851 2995 vetusti
1871 2968 1881 2993 :
1904 2950 2021 3006 quod

1176 3032 1324 3060 versus
1341 3018 1563 3072 prosimus
1577 3017 1753 3060 videtur
1772 3015 2023 3072 requirere,

1177 3094 1226 3127 ut
1250 3085 1338 3139 jam
1361 3085 1532 3126 monuit
1564 3084 1610 3126 in
1640 3083 1843 3139 Epistolis
1866 3083 2023 3126 Tana—

1178 3149 1334 3206 quillus
1352 3149 1506 3191 Faber.
1525 3149 1586 3191 H.

1231 3215 1295 3269 37.
1322 3214 1520 3256 Celantur
1537 3215 1744 3255 arundine
1752 3213 1901 3268 fosse.
1920 3212 2024 3255 Zin-

1175 3279 1389 3335 zerlingus
1409 3295 1460 3322 ex
1486 3277 1726 3321 Erfortano
1746 3277 1892 3321 codice
1908 3308 1919 3328 ‚
1941 3292 2022 3318 ce—

1176 3348 1393 3388 lebrantur
1404 3352 1549 3395 notan
1566 3343 1685 3400 quod
1700 3357 1850 3386 verum
1862 3349 1938 3383 est.
1961 3341 2019 3382 H.

1231 3409 1298 3452 38.
1328 3411 1474 3467 Hybla
1499 3410 1671 3463 florida.
1704 3406 1851 3463 Hybla
1888 3405 1988 3447 urbs
2006 3436 2019 3454 ‚
