2280 3776
243 340 354 375 210

722 324 783 376 p,
836 282 1551 379 OVIRDIIKNASONIS

764 672 765 675 ,
835 596 1223 667 ELEGIA
1284 599 1438 668 ΙΙΙ.

1011 764 1244 775 ——nn—-u-n

800 923 1477 985 ARGUMENTUM.

246 1061 463 1118 Queritur
490 1060 702 1114 Ovidius,
723 1059 837 1116 quod
875 1076 1012 1117 quum
1032 1059 1189 1112 Bacchi
1210 1059 1373 1103 festum
1395 1058 1662 1113 celebretur,
1685 1059 1763 1104 sibi
1795 1075 1881 1104 una
1908 1078 2009 1105 cum

293 1134 457 1179 caeteris
490 1133 627 1190 poetis
662 1134 818 1177 Romae
845 1149 935 1176 esse
970 1148 1061 1175 non
1095 1131 1249 1186 liceat,
1284 1141 1331 1175 ut
1362 1140 1487 1175 antea
1519 1131 1715 1176 solebat:
1739 1132 2008 1190 miraturque

290 1204 412 1248 illum
435 1205 514 1249 sibi
545 1205 620 1248 uni
656 1221 706 1248 ex
741 1204 834 1261 ejus
861 1203 1097 1247 cultoribus
1131 1219 1223 1247 non
1258 1219 1386 1259 opem
1423 1202 1581 1246 tulisse.
1622 1202 1819 1246 Demurn
1849 1203 1972 1246 illum
1994 1236 2006 1258 ,

290 1272 506 1329 studiique
529 1281 749 1316 consortes
770 1280 915 1328 poetas
937 1280 1139 1328 precatur
1156 1304 1168 1326 ,
1191 1280 1240 1314 ut
1259 1287 1283 1314 a
1307 1269 1479 1315 Caesare
1499 1269 1691 1314 reditum
1710 1271 1956 1329 impetrent.

233 1402 410 1488 ILLA
441 1425 553 1484 dies
581 1424 837 1494 haecest,
872 1415 977 1505 qua
1006 1437 1058 1482 te
1087 1422 1357 1483 celebrare
1385 1435 1591 1505 poetae,

316 1521 375 1580 Si
404 1520 572 1579 modo
602 1542 715 1578 non
745 1517 945 1578 fallunt
973 1532 1244 1600 tempora,
1276 1517 1517 1588 Bacche,
1549 1515 1763 1589 solent;

228 1624 275 1681 F
276 1635 498 1703 estaque
529 1618 772 1679 odoratis
800 1618 1086 1676 innectunt
1114 1629 1355 1698 tempora
1392 1614 1551 1676 sertis
1570 1661 1585 1686 ‚

308 1720 383 1778 Et
413 1718 603 1778 dicunt
628 1715 817 1776 laudes
845 1714 914 1774 ad
942 1730 1034 1774 tua
1063 1714 1186 1773 vina
1220 1728 1356 1774 tuas,

227 1814 378 1874 Inter
410 1838 550 1895 quos
575 1811 823 1883 memini,
855 1809 987 1870 dum
1009 1831 1095 1868 me
1124 1830 1239 1867 mea
1267 1807 1374 1867 fata
1407 1806 1689 1878 sinebant,
1979 1827 2003 1865 5

306 1911 444 1967 Non'
464 1906 636 1966 invisa
667 1906 769 1965 tibi
797 1928 926 1987 pars
955 1928 1057 1981 ego
1087 1924 1227 1985 saepe
1254 1902 1370 1961 fui:

229 2002 410 2084 Quem
436 2025 613 2073 nune,
645 2001 996 2082 subpositum
1026 1999 1197 2059 stellis
1219 1998 1607 2080 Cynosuridos
1636 2000 1791 2057 Ursae

306 2102 507 2160 Juncta
537 2113 685 2159 tenet
718 2097 899 2157 crudis
931 2096 1192 2157 Sarmatis
1218 2119 1313 2155 ora
1344 2094 1514 2154 Getis,

227 2198 452 2279 Quique
477 2196 632 2278 prius
660 2194 882 2255 mollem
912 2216 1244 2275 vacuamque
1274 2191 1564 2257 laboribus
1586 2192 1673 2269 egi

305 2297 370 2354 In
403 2292 602 2352 studiis
631 2291 795 2356 vitam
811 2336 829 2361 ‚⁷
859 2289 1251 2371 Pieridumque
1283 2289 1482 2360 chor03
1957 2319 2005 2344 ιω

225 2394 386 2451 Nunc
409 2386 606 2471 procul
634 2411 665 2446 a
694 2385 900 2468 patria,
936 2383 1141 2443 Geticis
1171 2383 1547 2443 circumsonor
1573 2381 1766 2453 armis,

305 2483 485 2543 Multa
511 2482 666 2564 prius
695 2479 921 2563 pelagO,
950 2477 1233 2559 multaque
1258 2500 1455 2559 passus
1482 2477 1653 2536 humo
1675 2501 1688 2536 :

223 2581 345 2640 Sive
374 2579 512 2639 mihi
542 2601 699 2637 casus
717 2623 732 2647 ‚
767 2576 878 2636 sive
905 2575 1015 2634 hoc
1043 2574 1194 2634 dedit
1220 2572 1301 2634 ira
1332 2571 1612 2646 Deorum;

279 2743 313 2767 1.
340 2727 434 2778 Qua
452 2730 494 2765 te
511 2724 718 2764 celebrare
732 2726 880 2774 poelae.
909 2717 1069 2762 Bacchi

219 2792 379 2833 festum
401 2785 699 2831 celebrabatur
723 2789 770 2828 15
788 2783 976 2826 Kalend.
997 2783 1070 2825 A-

218 2853 347 2910 priles
371 2868 393 2894 a
413 2850 575 2908 poetis;
596 2848 871 2892 concitantur
886 2845 1004 2889 enim
1025 2854 1070 2889 et

217 2919 298 2975 ipsi
310 2927 359 2961 ut
367 2917 610 2961 sacerdotes
623 2913 782 2958 Bacchi
799 2930 808 2956 :
824 2922 950 2969 atque
966 2912 1067 2955 ideo

218 2993 262 3026 et
275 2983 435 3025 hedera
446 2989 725 3024 coronantur.
743 2978 974 3034 Ejussacra
987 2977 1066 3019 Ju-

215 3044 295 3089 lius
312 3045 458 3089 Caesar
478 3045 645 3101 primus
663 3044 853 3086 Romam
876 3049 1065 3084 transtu-

215 3109 278 3153 lit.
300 3111 368 3152 De
390 3111 517 3166 hujus
533 3109 617 3151 Dei
637 3108 767 3150 sacris
787 3106 918 3162 legito
933 3103 1062 3148 Ovid.

215 3171 286 3216 lib.
302 3175 371 3217 111
393 3175 636 3217 Fastorum.
657 3173 786 3215 Mna.

270 3242 308 3282 3.
317 3244 538 3284 Innectunt
546 3252 740 3296 tempora.
757 3241 946 3297 Magnus
958 3238 1063 3282 olim

215 3316 431 3350 sertorum
456 3324 555 3349 usus
579 3309 621 3349 in
645 3308 795 3350 diebus
815 3306 935 3349 festis
950 3338 962 3359 ,
983 3320 1060 3348 sa-

214 3370 384 3414 crificiis
397 3403 407 3423 ,
420 3370 644 3428 symposiis
656 3404 666 3424 ,
687 3371 787 3427 quia
803 3372 977 3427 signum
995 3370 1061 3413 lae·

218 3435 335 3478 titiae.
358 3437 500 3481 PoNfr.

1189 2721 1228 2773 4.
1243 2721 1304 2762 Et
1312 2721 1458 2761 dicunt
1467 2721 1614 2762 laudes
1623 2719 1688 2760 ad
1692 2725 1767 2760 tua
1777 2721 1876 2759 vina
1888 2723 1995 2757 tuas.

1151 2784 1301 2827 Scribe
1322 2787 1386 2826 ad
1393 2800 1474 2826 sua
1483 2788 1585 2827 viae
1599 2798 1612 2824 :
1627 2782 1686 2825 sic
1697 2779 2000 2836 frequentissi-

1151 2864 1223 2890 me
1235 2848 1395 2891 Noster
1404 2863 1414 2888 τ
1422 2862 1502 2902 pro
1510 2850 1611 2888 vina
1622 2861 1680 2887 un
1687 2861 1735 2888 us
1736 2844 1876 2898 sesta;
1890 2844 1995 2886 alius

1139 2913 1281 2968 jussa.
1295 2911 1428 2954 Forte
1440 2918 1590 2952 musta.
1612 2910 1778 2952 HEINS.

1203 2980 1241 3019 5.
1279 2978 1395 3018 Dum
1433 2992 1498 3018 me
1534 2991 1626 3018 mea
1649 2974 1755 3028 fata
1789 2977 1996 3017 sinebant.

1148 3041 1307 3096 Quum
1337 3055 1427 3083 non
1435 3040 1542 3082 dum
1558 3055 1678 3082 eram
1706 3040 1920 3096 relegatus
1940 3038 1993 3080 ab

1148 3107 1360 3162 Augusto.
1380 3104 1532 3161 Virgil.
1558 3104 1664 3147 AEn.
1688 3105 1754 3147 IV
1769 3135 1781 3157 ‚
1800 3120 1859 3146 vs.
1878 3103 1956 3146 651
1979 3118 1991 3144 z

1145 3169 1351 3224 dumsata
1371 3172 1491 3212 Deus
1499 3186 1577 3225 que
1593 3172 1800 3213 sinebant.

1201 3253 1236 3290 7.
1254 3237 1398 3278 Stellis
1413 3237 1737 3293 Ersmantbc'dos
1753 3249 1871 3276 ursoe.
1891 3232 1993 3275 Ur·-

1144 3318 1199 3345 sae
1215 3302 1435 3346 Arcadicae
1450 3334 1460 3355 ‚
1478 3302 1530 3344 ab
1546 3299 1823 3358 Erymantho
1837 3306 1990 3341 monte

1143 3367 1343 3409 Arcadiae
1354 3366 1590 3422 adpellatae.
1602 3367 1990 3423 Cynosuridosprae·

1143 3430 1259 3486 cipui
1284 3449 1333 3474 ex
1353 3431 1540 3486 antiquis
1557 3439 1623 3473 :et
1644 3439 1774 3474 recte.
1795 3428 1959 3471 Hnms.
