2280 3776
279 260 353 333 96
438 259 501 312 P.
530 258 743 316 OVID.
779 258 1104 316 NASONIS
1138 259 1520 317 TRISTIUM
1544 259 1758 318 11.EL.
1785 262 1911 319 UN.

277 375 403 437 Non
429 363 527 453 ego
555 376 796 436 mordaci
826 375 1089 437 destrinxi
1118 378 1352 439 carmine
1384 402 1746 462 quemquam,

358 473 471 534 Nec
502 497 651 534 meus
682 473 849 534 ullius
877 473 1101 534 crimina
1127 498 1313 536 versus
1334 475 1518 536 habet.

281 570 561 630 Candidus
590 594 620 629 a
651 569 858 630 salibus
888 570 1113 631 suffusis
1139 571 1263 632 felle
1292 572 1504 650 refugi;
1958 588 2040 632 565

355 663 520 725 Nulla
545 680 809 724 venenato
836 665 991 726 litera
1014 667 1174 726 mista
1201 668 1325 747 joco
1357 683 1456 728 est.

276 761 426 821 Inter
444 774 533 819 tot
557 759 789 841 populi,
821 774 907 819 tot
930 761 1119 842 scripti
1150 761 1318 821 millia
1345 762 1551 834 nostri,

331 854 536 931 ‚Quem
565 875 683 911 mea
714 850 890 911 Callio
936 875 963 911 e
990 851 1217 924 laeserit,
1250 878 1394 914 unus
1422 876 1542 932 ego.

275 944 406 1010 Non
434 948 605 1025 igitur
632 948 840 1008 nostris
871 876 1047 1007 uliium
1078 948 1309 1027 gaudere
1337 947 1614 1027 Quiritem

356 1046 644 1122 Auguror,
675 1058 731 1103 at
758 1042 962 1104 multos
983 1043 1313 1117 indoluisse,
1339 1044 1513 1105 malis.

1959 1065 2041 1125 570

275 1144 390 1203 Nec
416 1140 551 1200 mihi
582 1139 841 1200 credibile
871 1155 954 1202 est
978 1164 1305 1224 quemquam
1328 1140 1619 1202 insultasse
1644 1140 1876 1222 jacenti,

363 1239 552 1299 Gratia
579 1237 800 1298 candori
832 1237 879 1298 si
906 1262 1013 1321 qua
1040 1238 1209 1299 relata
1235 1263 1357 1300 meo
1389 1254 1486 1300 est.

278 1335 384 1395 His
412 1356 637 1416 precor,
668 1347 832 1414 atque
862 1332 984 1392 aliis
1013 1334 1229 1414 possint
1256 1347 1349 1394 tua
1378 1333 1603 1393 numina
1628 1332 1795 1406 flecti,

364 1434 416 1490 O
448 1443 625 1513 pater,
657 1453 689 1488 o
718 1428 906 1510 patriae
935 1452 1061 1488 cura
1091 1428 1346 1512 salusque
1376 1444 1509 1500 tuae3

280 1528 409 1585 Non
436 1538 500 1583 ut
527 1523 585 1581 in
615 1522 915 1582 Ausoniam
936 1523 1178 1594 redeam,
1209 1523 1318 1584 nisi
1341 1523 1572 1583 forsitan
1598 1522 1751 1595 olim,

1958 1541 2040 1585 5⁸5

360 1621 552 1700 Quum
578 1618 747 1697 longo
777 1641 951 1701 poenae
974 1610 1219 1702 tempore
1242 1620 1418 1680 victus
1445 1619 1566 1680 eris.

279 1716 480 1776 Tutius
511 1712 762 1774 exsilium
781 1760 795 1785 ,
827 1712 1104 1796 pauloque
1136 1714 1374 1796 quietius
1405 1738 1535 1786 orn,

360 1814 441 1871 Ut
467 1834 567 1893 par
597 1808 793 1879 delicto
824 1810 896 1870 sit
924 1834 1042 1871 mea
1072 1833 1234 1894 poena
1262 1835 1379 1872 suo.

280 1967 507 2023 Adspicies
538 1964 679 2008 multi.
709 1965 838 2009 Unus
866 1964 1119 2021 Adspicias,

280 2041 396 2076 recte
414 2049 424 2083 ;
444 2040 487 2074 et
507 2030 671 2074 admisi.

333 2097 426 2140 565.
461 2097 674 2139 Candidus
703 2112 732 2138 a
760 2098 920 2138 salibus
944 2095 1122 2150 suffusis

264 2160 374 2216 fi’lle
401 2159 544 2215 refugi.
576 2159 713 2202 Locus
739 2159 808 2202 hic
832 2175 924 2202 non
950 2159 1121 2202 videtur

275 2241 429 2270 sanus:
450 2222 638 2278 suffusos
658 2223 810 2275 multi3
832 2241 862 2266 a
877 2228 1004 2267 nimio
1023 2225 1122 2280 suf-

262 2287 506 2344 fusosfi’lle
519 2297 604 2330 tres
617 2296 796 2330 veteres.
815 2288 1120 2344 Hamburgen-

275 2354 331 2397 sis
358 2369 387 2394 a
409 2356 532 2395 mimo
556 2350 886 2407 suffusosselle‚·
909 2352 983 2395 sed
1005 2351 1119 2408 apud

277 2417 523 2461 Ausonium
537 2449 548 2471 ,
568 2415 717 2460 Carm.
731 2418 801 2460 IV·
817 2416 863 2459 in
876 2416 1090 2460 Rhetoras
1105 2449 1116 2471 ,

274 2481 407 2525 habet
444 2483 610 2524 Solibus
638 2483 846 2524 modestus
863 2480 973 2534 felle
1006 2484 1120 2524 nullo

267 2550 458 2604 peditat,-
480 2546 538 2590 ita
550 2547 669 2589 enim
682 2562 734 2589 ex
746 2546 882 2589 veteri
894 2546 1003 2589 libro
1014 2546 1121 2589 scri-

275 2610 470 2655 bendum
492 2626 502 2653 z
525 2610 726 2666 sequenti
752 2626 878 2653 versu
900 2625 980 2666 pro
998 2614 1121 2653 litera

275 2683 425 2729 mista,
456 2677 634 2735 quidam
660 2676 817 2719 vetusti
847 2680 991 2719 vincta
1008 2710 1019 2728 ,
1052 2676 1120 2734 vel

264 2743 433 2798 juncta.
456 2744 588 2785 Forte
607 2746 754 2785 tincta.
777 2741 838 2783 H.

330 2808 423 2850 566.
442 2810 655 2851 Venenato
657 2806 775 2862 joco.
797 2804 996 2848 Mordaci
1010 2805 1118 2860 joco.

331 2872 424 2928 567.
446 2875 527 2915 Tot
543 2876 694 2927 scnpti
706 2875 840 2915 millia
858 2876 1000 2914 nostri.
1022 2871 1119 2914 Ta-

277 2936 439 2993 naquil.
453 2937 609 2991 Faber,
628 2937 707 2993 Ep.
729 2950 907 2979 xxxvm
921 2968 932 2990 ,
950 2936 1120 2978 volebat

278 3001 459 3058 corrigi,
480 3009 542 3044 tot
557 3005 747 3056 scriptis,
771 3004 925 3051 millia,
951 3004 1118 3042 nostris.

333 3067 427 3110 568.
454 3069 570 3110 Unus
588 3083 669 3110 ero.
696 3067 814 3109 Unus
832 3081 907 3121 ego
927 3065 1119 3121 quinque

280 3139 467 3187 veterem
489 3132 549 3175 sic
568 3140 693 3175 ante:
715 3149 737 3170 «
757 3130 909 3187 Quem
928 3145 1004 3173 sua
1023 3144 1121 3185 per-

1202 1966 1360 2010 diderit
1373 1965 1501 2010 Musa
1516 1999 1528 2021 ,
1546 1975 1743 2028 ‘repertus
1755 1981 1849 2024 ego,
1863 1982 1886 2004 »
1902 1966 2039 2010 Totus

1199 2029 1318 2074 loeus
1334 2045 1425 2073 non
1446 2030 1706 2075 inconcinne
1725 2031 1785 2074 sic
1805 2031 2044 2074 constitue-

1202 2105 1275 2139 tur
1296 2112 1305 2138 :
1326 2114 1346 2133 «
1364 2096 1487 2140 Inter
1503 2097 1623 2139 enim
1637 2096 1783 2153 populi
1798 2104 1863 2139 tot
1879 2094 2043 2150 scriptis

1201 2160 1334 2203 millia
1352 2160 1508 2204 nostris
1523 2193 1534 2215 ,
1557 2161 1705 2216 Quem
1727 2176 1825 2203 mea
1847 2159 2041 2217 Calliope

1200 2222 1356 2268 laeserit
1366 2257 1378 2279 ,
1391 2240 1505 2267 unus
1519 2240 1598 2280 ego
1615 2241 1626 2274 ;
1653 2243 1674 2262 ν)
1690 2225 1806 2268 inter
1821 2224 1965 2281 populi
1978 2231 2043 2267 tot

1200 2287 1332 2331 millia
1347 2321 1359 2342 ,
1382 2305 1513 2346 quem
1531 2289 1686 2332 laeserit
1701 2289 1866 2346 scriptis
1885 2289 2042 2333 nostris

1201 2368 1298 2396 mea
1318 2352 1510 2411 Calliope
1527 2386 1538 2408 ,
1558 2370 1670 2397 unus
1685 2370 1764 2410 ego
1782 2370 1893 2397 sum.
1911 2355 1972 2397 H.

1255 2417 1362 2473 571.
1381 2421 1630 2474 Quemquam
1652 2421 1853 2462 insultare
1859 2420 2040 2474 jacenti.

1200 2483 1434 2525 Insultasse
1458 2482 1671 2526 meliores.
1709 2487 1796 2539 Οὐχ
1831 2487 1910 2535 ὁσίη
1939 2504 2041 2528 κτα-

1200 2551 1369 2603 μένοισιν
1385 2547 1441 2591 ἔπ’
1461 2548 1641 2610 ἀνδράσιν
1658 2551 1931 2604 εὖχετάασθαι;
1950 2548 2039 2591 Ho-

1202 2628 1309 2654 mer.
1332 2611 1488 2671 Odyss.
1514 2620 1549 2656 X
1564 2645 1576 2666 ,
1602 2629 1709 2656 vers.
1728 2615 1822 2666 ¹4¹2·

1256 2681 1348 2736 572.
1371 2681 1469 2721 Meo
1485 2681 1688 2731 candon',·
1720 2679 1904 2721 verbum
1926 2694 2038 2721 can-

1200 2745 1325 2785 didus
1345 2743 1458 2800 apud
1478 2742 1594 2785 hunc
1610 2742 1750 2798 ipsum
1769 2752 1943 2798 poetam
1959 2758 2041 2786 sae-

1201 2808 1371 2865 pissime
1394 2807 1532 2863 leges;
1556 2816 1599 2850 et
1622 2807 1732 2864 apud
1756 2808 1865 2850 Hor.
1886 2809 1932 2850 in
1958 2809 2038 2865 Ep.

1202 2873 1223 2915 I
1235 2904 1246 2925 ‚
1262 2885 1309 2913 Ν
1328 2887 1371 2913 :«
1387 2871 1507 2925 Albi,
1521 2880 1770 2914 nostrorum
1784 2888 2038 2915 sermonum

1200 2934 1382 2978 candide
1399 2934 1542 2990 judex.
1558 2953 1580 2972 »
1603 2934 1738 2991 Quod
1753 2935 1928 2991 quidem
1951 2953 2040 2979 ver-

1199 2999 1328 3052 bum,
1350 3014 1402 3041 eo
1419 3015 1548 3041 sensu
1562 3000 1753 3055 ipsorum
1769 3010 1891 3045 aetate
1913 3018 2040 3046 usur-

1200 3064 1292 3120 pari
1314 3072 1503 3119 coeptum
1524 3081 1614 3108 esse
1634 3066 1800 3122 opinor.
1830 3065 1960 3111 CIOF.

1258 3126 1349 3183 575.
1369 3129 1469 3171 Eris
1489 3134 1634 3174 victus.
1658 3130 1754 3173 Eris
1767 3130 1971 3188 placatus.

956 3277 1346 3297 ...ὢ-’-
