2280 3776
264 305 374 372 436

713 306 777 356 P.
826 303 1132 358 OVIDII
1183 303 1574 361 NASONIS

258 422 400 480 Nam
418 465 432 491 ‚
467 440 637 501 quum
669 417 989 499 praestiteris
1019 442 1205 479 verum
1236 420 1372 480 mihi
1401 445 1616 504 semper
1643 446 1907 499 amorem;

343 515 452 574 Hic
484 529 660 573 tamen
684 512 911 573 adverso
944 528 1187 597 tempore
1219 517 1386 577 crevit
1415 543 1580 579 amor.

262 612 486 692 Quique
516 623 637 668 tuas
665 608 870 691 pariter
895 607 1161 693 lacrymas
1187 620 1511 696 nostrasque
1539 614 1775 690 videret,

343 707 612 766 Passuros
640 728 859 787 poenam
891 707 1130 767 crederet
1161 733 1276 770 esse
1307 710 1462 770 duos.

257 804 458 862 Lenem
487 815 540 859 te
567 801 779 860 miseris
811 802 1002 880 genuit
1028 818 1219 862 natura
1237 851 1250 875 ,
1282 827 1383 864 nec
1411 803 1510 864 ulli

340 899 538 959 Mitius
565 899 875 977 ingenium,
907 923 1069 982 quam
1102 901 1236 973 tibi,
1271 904 1467 974 Brute,
1501 903 1682 964 dedit:

258 998 368 1063 Ut,
403 995 498 1078 qui
528 995 660 1078 quid
690 994 865 1056 valeas
896 996 1113 1074 ignoret
1141 1000 1321 1058 Marte
1343 999 1573 1071 forensi,

341 1093 511 1152 Posse
541 1107 638 1152 tuo
668 1092 855 1175 peragi
887 1091 972 1152 vix
1002 1109 1164 1176 putet
1192 1119 1286 1155 ore
1315 1120 1455 1157 reos.
1984 1116 2038 1157 δυ

259 1185 477 1247 Scilicet
505 1187 746 1268 ejusdem
775 1202 886 1259 est,
919 1189 1164 1270 quamvis
1194 1213 1439 1272 pugnare
1465 1190 1710 1264 videtur,

338 1280 701 1364 Supplicibus
727 1281 967 1355 facilem,
1001 1284 1262 1344 sontibus
1291 1308 1406 1346 esse
1433 1300 1671 1358 trucem3

255 1382 450 1460 Quum
478 1379 581 1439 tibi
608 1395 862 1462 suscepta
893 1395 978 1440 est
1003 1379 1140 1459 legis
1164 1382 1400 1443 vindicta
1431 1407 1625 1444 severae
1643 1431 1658 1456 ,

337 1475 522 1534 Verba
550 1473 700 1534 velut
731 1474 963 1534 tinctum
996 1475 1213 1553 singula
1240 1477 1391 1537 virus
1418 1477 1643 1537 habent.

256 1572 536 1632 Hostibus
564 1571 805 1642 eveniat,
841 1594 1005 1653 quam
1036 1571 1112 1632 sis
1140 1570 1417 1634 violentus
1444 1573 1503 1633 in
1534 1572 1695 1633 armis
1981 1590 2033 1633 35

338 1668 580 1740 Sentire,
610 1683 665 1728 et
693 1667 895 1746 linguae
926 1666 1034 1727 tela
1066 1668 1252 1728 subire
1285 1682 1421 1740 tuae3

256 1766 395 1845 Quae
424 1765 528 1826 tibi
560 1780 670 1825 tam
702 1766 853 1826 tenui
887 1789 1015 1826 cura
1044 1765 1336 1839 limantur,
1370 1781 1433 1826 ut
1461 1789 1647 1828 omnes

335 1862 504 1922 Istius
533 1862 816 1939 ingenium
846 1863 1096 1946 corporis
1125 1886 1239 1923 esse
1266 1878 1483 1942 negent.

254 1963 364 2030 At,
396 1960 443 2019 si
474 1983 635 2041 quem
663 1959 787 2019 laedi
813 1960 1035 2021 fortuna
1066 1962 1244 2022 cernis
1273 1960 1497 2043 iniqua,

337 2055 570 2115 Mollior
596 2070 679 2116 est
707 2056 891 2116 animo
924 2055 1123 2116 femina
1154 2055 1303 2116 nulla
1335 2071 1451 2116 tuo.
1980 2074 2035 2128 40

259 2155 384 2214 Hoc
414 2177 515 2232 ego
544 2152 818 2236 praecipue
844 2152 1022 2224 sensi,
1051 2177 1222 2234 quum
1253 2176 1450 2230 magua
1478 2177 1721 2214 meorum

339 2248 606 2309 Notitiam
637 2271 762 2330 pars
791 2261 873 2307 est
900 2246 1136 2308 inficiata
1165 2250 1289 2309 mei.

264 2349 553 2406 Immemor
579 2342 830 2415 illorum,
862 2343 1028 2404 vestri
1056 2368 1171 2404 non
1198 2345 1486 2405 immemor
1511 2369 1781 2429 unquam,

341 2442 458 2522 Qui
483 2439 622 2501 mala
647 2439 872 2501 solliciti
900 2455 1088 2501 nostra
1113 2440 1332 2502 levastis
1351 2487 1366 2513 ,
1397 2464 1508 2501 ero.

313 2603 378 2644 29.
392 2584 551 2640 Atqui,
573 2586 676 2639 quid
678 2587 842 2637 valeas,
857 2588 1032 2639 ignorat.
1046 2584 1106 2627 Ut

257 2653 332 2706 ‹Jui
355 2650 460 2704 quid
476 2651 624 2690 valeas
651 2651 812 2702 ignoret
836 2664 887 2690 ex
912 2648 1102 2705 castiga-

258 2714 451 2758 tioribus.
474 2714 642 2756 lems.

312 2780 378 2821 30.
405 2779 538 2820 Posse
549 2779 710 2831 peragi.
736 2776 864 2820 Posse
889 2777 1102 2824 damnari.

259 2845 374 2885 Reus
391 2841 510 2884 enim
528 2841 685 2884 dicitur
691 2845 843 2895 peragi
851 2875 862 2893 ‚
880 2859 1017 2898 quum
1033 2843 1102 2886 ali-

257 2908 382 2963 cujus
402 2905 648 2962 eloquentia
669 2905 916 2950 damnatur.
937 2931 992 2938 —
1019 2910 1106 2950 Vix

250 2980 382 3026 putet.
402 2969 489 3013 Vix
508 2969 722 3011 existimet
740 2985 750 3011 z
769 2970 868 3024 quia
889 2969 1039 3013 vident
1059 2979 1103 3014 te

258 3043 416 3077 natura
446 3034 600 3076 mitem
627 3041 671 3075 et
700 3033 821 3088 pium
853 3034 1103 3077 miseris.—

266 3102 356 3143 Tuo
374 3116 454 3143 ore.
481 3101 578 3144 Tua
597 3099 858 3156 eloquentia.

312 3167 378 3208 31.
398 3170 589 3223 Pugnare
609 3170 781 3210 videtur.
811 3169 1011 3210 Videntur
1031 3183 1104 3211 sex

257 3229 432 3285 scripti3
461 3240 504 3273 et
527 3241 622 3274 tum
645 3231 739 3274 dele
759 3235 800 3275 τὲ
819 3241 886 3273 est
900 3247 998 3275 cum
1021 3232 1102 3277 tri-

259 3294 339 3337 bus
362 3294 491 3337 libris.
526 3296 614 3337 Sed
634 3312 735 3339 cum
756 3296 916 3340 nostris
934 3295 1102 3339 codici-

256 3357 338 3417 bus
356 3373 528 3401 servare
552 3360 669 3414 prius
687 3360 831 3401 malui.

259 3468 269 3480 ὦ
316 3423 380 3478 34.
401 3425 571 3465 Habeat
582 3426 696 3464 velut
706 3429 822 3471 viras
834 3429 1019 3467 tinctum.
1039 3423 1106 3466 Ex

1184 2600 1272 2640 quo
1303 2600 1461 2641 magna
1491 2588 1558 2628 est
1585 2585 1677 2628 laus
1713 2585 1874 2639 Bruti,
1914 2586 2030 2642 quod

1187 2658 1308 2692 tanta
1328 2658 1392 2693 est
1413 2650 1507 2706 ejus
1525 2649 1773 2706 eloquentia
1790 2682 1802 2704 ,
1828 2659 1876 2693 ut
1899 2650 1943 2692 in
1963 2666 2032 2692 ac-

1185 2714 1384 2758 cusandis
1412 2715 1496 2758 reis
1520 2715 1687 2772 singula
1712 2717 1841 2759 verba
1862 2716 1947 2758 sint
1972 2715 2030 2759 ita

1185 2779 1380 2823 efficacia
1391 2812 1403 2834 ,
1421 2787 1469 2822 ut
1478 2779 1711 2823 videantur
1724 2795 1898 2823 veneno
1911 2779 2028 2824 illita.

1239 2845 1305 2902 37.
1321 2847 1421 2899 Qua·
1433 2848 1640 2887 limantur.
1652 2844 1766 2899 Quae
1778 2844 1862 2886 tela
1874 2860 1949 2888 acu
1956 2861 2030 2887 un-

1186 2919 1259 2953 tur
1283 2918 1326 2952 et
1351 2917 1639 2964 parantur.—
1661 2910 1766 2950 Tam
1783 2914 2028 2952 tenut'cura.

1187 2975 1299 3017 Tam
1318 2973 1462 3016 subtili
1485 2972 1721 3028 diligentia.
1739 2996 1793 3004 --
1815 2975 1876 3017 Ut
1890 2991 2030 3018 omnes

1183 3042 1309 3080 istim·
1326 3040 1547 3091 Ingenium.
1568 3037 1632 3080 Ut
1649 3053 1803 3080 omnes
1818 3071 1830 3092 ,
1859 3038 2003 3094 inquit
2016 3072 2027 3094 ,

1185 3101 1454 3144 arbitrentur
1465 3116 1557 3143 non
1571 3100 1616 3143 id
1630 3101 1727 3146 fieri
1742 3111 1818 3145 tuo
1831 3119 2028 3159 corpore,

1183 3175 1227 3209 et
1247 3160 1441 3209 humano
1464 3167 1667 3223 ingenio,
1697 3166 1774 3210 sed
1800 3167 1961 3210 viribus
1984 3176 2029 3211 et

1182 3233 1362 3288 ingenio
1385 3233 1547 3276 divino.

1238 3298 1303 3350 44.
1329 3301 1414 3350 Qui
1427 3300 1542 3338 mala
1555 3300 1735 3339 sollicite
1756 3303 1901 3340 nostra
1918 3299 2026 3339 leva-

1181 3364 1250 3403 tis.
1278 3362 1583 3404 Solltbt'titum
1613 3361 1741 3404 Polit.
1766 3370 1810 3404 et
1833 3361 2022 3416 quinque

1183 3425 1272 3467 aliis
1290 3442 1302 3477 ;
1330 3429 1502 3469 levastis
1519 3425 1743 3469 Barberin.
1771 3427 1989 3468 Praeterea
2008 3457 2019 3477 ,
