2280 3776
495 251 604 306 EX
645 249 950 307 PONTO
987 249 1151 304 LIB.
1196 249 1244 304 1.
1288 248 1563 306 EPIST.
1609 253 1721 308 VI.

1879 259 1985 332 287

231 366 464 429 Artibus
492 366 743 447 ingenuis
764 411 780 438 ‚
814 389 1042 449 quarum
1071 364 1172 425 tibi
1201 365 1430 427 maxima
1459 390 1583 427 cura
1611 383 1723 440 est,

314 464 540 524 Pectora
569 462 920 533 mollescunt,
951 460 1320 544 asperitasque
1349 460 1507 540 sugit.

234 559 347 619 Nec
379 558 664 641 quisquam
692 554 915 617 meliore
943 554 1049 615 fide
1079 554 1461 637 complectitur
1482 555 1631 628 illas,

314 654 441 734 Qua
469 653 601 714 sinit
630 650 900 722 officium,
921 648 1248 733 militiaeque
1276 650 1449 711 labor.
1943 684 1991 712 10

232 751 391 812 Certe
419 773 547 829 ego,
579 772 748 833 quum
775 749 1011 831 primum
1036 747 1197 831 potui
1229 749 1427 809 sentire
1457 750 1590 832 quid
1621 774 1823 822 essem,

308 849 447 909 Nam
474 847 582 908 suit
610 846 858 909 adtonito
887 868 1037 907 mens
1064 844 1199 905 mihi
1230 844 1377 906 nulla
1405 846 1530 920 diu,

230 946 351 1006 Hoc
380 968 599 1029 quoque
624 945 860 1007 fortunae
892 944 1066 1014 sensi,
1101 942 1253 1027 quod
1284 943 1487 1005 amicus
1517 945 1767 1007 abesses:

305 1043 420 1122 Qui
447 1042 581 1103 mibi
607 1041 920 1126 praesidium
949 1040 1153 1121 grande
1183 1040 1401 1101 futurus
1433 1062 1566 1101 eras,

225 1137 430 1199 Tecum
461 1153 591 1200 tunc
620 1139 847 1200 aberant
876 1161 1027 1217 aegrae
1058 1135 1246 1198 solatia
1279 1137 1511 1210 mentiS‚
1942 1156 1988 1198 15

303 1234 614 1318 Magnaque
643 1258 769 1318 pars
801 1234 989 1295 animae
1016 1232 1342 1316 consiliique
1371 1234 1495 1294 mei.

222 1330 298 1390 At
320 1353 493 1403 nunc,
522 1330 672 1414 quod
695 1346 967 1415 superest,
994 1329 1075 1391 fer
1092 1351 1252 1413 opem
1269 1375 1283 1400 ‚
1311 1353 1506 1411 precor
1522 1376 1536 1400 ,
1563 1331 1774 1391 eminus
1797 1355 1987 1402 unam;

301 1424 697 1511 Adloquioque
726 1430 851 1510 juva
886 1442 1106 1511 pectora
1141 1441 1331 1488 nostra
1363 1442 1489 1487 tuo:

221 1525 392 1606 Quae,
422 1547 538 1588 non
562 1526 811 1587 mendaci
842 1526 887 1587 si
919 1525 1217 1609 quidquam
1247 1524 1421 1586 credis
1445 1526 1616 1585 amico
1636 1572 1649 1596 ‚

301 1621 478 1683 Stulta
510 1623 684 1702 magis
714 1623 851 1695 dici,
885 1648 1048 1707 quam
1079 1622 1364 1693 scelerata,
1394 1621 1562 1683 decet.
1936 1654 1988 1679 οη

219 1752 473 1798 Twisdenio
492 1755 635 1811 probae
658 1764 772 1799 notae
795 1771 874 1812 pro
894 1754 1060 1799 diversa
1138 1757 1234 1799 Hoc
1250 1772 1407 1812 quoque
1423 1754 1596 1799 Sarrav,
1623 1755 1802 1812 Arge-nt.
1825 1754 1988 1799 Twisd.

218 1817 402 1862 lectione
422 1818 570 1863 inveni
589 1827 793 1862 notatam.
818 1819 878 1862 H.

274 1901 308 1940 7.
346 1884 521 1928 Artibus
554 1889 754 1940 mgenuzzt.
793 1884 1058 1929 Liberalibus

215 1946 708 2005 disciplinis.—Maxima
721 1966 821 1993 cura
835 1957 908 1993 est.
926 1952 1056 2005 Capsa

213 2028 368 2069 magna
380 2019 468 2064 est,
490 2028 603 2057 unus
625 2013 809 2057 Heinsii.

266 2095 307 2138 9.
332 2079 507 2123 Meliore
519 2081 626 2141 fide.
658 2078 844 2123 Meliore
875 2078 1023 2122 animo
1039 2113 1051 2133 ,

212 2148 344 2199 quam
367 2150 443 2196 ως
475 2152 549 2187 aut
578 2160 669 2188 non
701 2144 894 2188 vacando
919 2146 1054 2202 magis

211 2206 386 2265 uniret,
408 2224 538 2266 quam
552 2209 753 2266 ingenuis
769 2210 957 2261 artibus;
979 2219 1054 2253 aut

212 2273 314 2330 quia
334 2289 405 2318 eas
423 2273 536 2318 bene
555 2274 756 2331 intelligis
771 2308 782 2329 ,
805 2284 849 2319 et
866 2275 1053 2319 fideliter

212 2337 523 2395 interpretaris.

270 2418 332 2447 10.
351 2404 594 2459 mmm-que
612 2406 743 2446 labor.
770 2404 834 2446 Ex
857 2419 945 2458 quo
966 2403 1053 2446 de·-

208 2469 351 2527 signat
369 2483 472 2512 eum
493 2470 556 2513 rei
574 2468 770 2512 militaris
786 2469 1049 2525 studiosum,

211 2542 277 2588 et,
294 2549 432 2590 quum
446 2550 526 2591 per
538 2533 654 2577 illam
669 2534 766 2577 licet
780 2567 790 2587 ,
808 2534 1051 2578 liberalibus

209 2597 442 2655 disciplinis
481 2613 659 2655 operam
696 2597 812 2642 dare.
851 2598 979 2641 Mna.
999 2621 1053 2631 -

213 2664 348 2718 Quam
363 2667 472 2706 sinit
482 2663 682 2720 officium.
700 2663 849 2706 Scribe
871 2665 963 2717 Qua
975 2695 986 2717 ,
1003 2673 1051 2707 ut

208 2727 263 2772 sit
273 2726 437 2772 dictum
451 2743 532 2784 pro
546 2736 759 2784 quatenus
770 2760 781 2780 ,
805 2729 887 2770 hoc
901 2744 1050 2771 sensu:

210 2805 352 2848 neque
383 2793 608 2849 quisquam
641 2793 821 2835 meliore
854 2791 939 2835 fide
972 2810 1051 2836 se-

209 2856 355 2911 qnitur
366 2857 508 2913 studia
522 2856 782 2901 humaniora
799 2891 810 2912 ,
834 2874 962 2914 quam
980 2867 1048 2914 tu,

209 2930 419 2974 quatenu·
437 2921 480 2965 id
501 2923 679 2979 quidem
698 2939 776 2980 per
792 2922 990 2966 officium
1007 2934 1051 2967 et

209 2982 376 3033 labores
396 2985 603 3031 militares
624 2988 695 3031 abs
716 2997 758 3031 te
779 2987 873 3030 fieri
896 2997 1050 3044 potest.

210 3047 303 3091 Nisi
327 3049 420 3105 quis
447 3059 492 3092 et
524 3054 658 3105 Quam
679 3085 690 3102 ,
729 3052 885 3095 eodem
916 3053 1051 3096 modo

209 3127 290 3168 pro
301 3121 510 3168 quantum,
529 3116 717 3171 positum
731 3117 865 3161 malit.
880 3118 1051 3162 Mle.—

211 3178 385 3221 Merula
403 3187 447 3221 et
461 3179 703 3236 Naugerius
722 3182 871 3240 legunt
884 3217 895 3237 ,
917 3187 1050 3238 Quum

210 3246 334 3295 sinu,-
350 3242 425 3286 sed
441 3251 641 3287 nostrum
654 3262 738 3301 qua
749 3246 947 3291 Fabricio
957 3264 1051 3305 pro-

211 3304 339 3348 batur
355 3338 366 3359 ,
388 3315 432 3349 et
451 3323 474 3349 a
494 3306 704 3351 Burman.
729 3319 951 3366 receptum
974 3321 1050 3355 est.

272 3371 332 3413 13.
359 3373 484 3414 Hanc
509 3387 663 3428 quoque
675 3373 892 3428 fortunam
924 3381 1048 3422 sensi.

1136 1830 1181 1865 et
1202 1831 1301 1866 octo
1324 1821 1391 1865 alii
1411 1839 1422 1873 ς
1456 1820 1683 1864 Barberin.
1715 1822 1806 1863 Hoc
1829 1837 1988 1876 qnoque

1122 1885 1317 1941 fortuna,-
1332 1886 1525 1941 proxime
1542 1900 1710 1927 verum.
1722 1884 1988 1937 Scribe‚Hoc

1133 1951 1481 2007 quoquefhrtunae
1502 1954 1647 1998 sensi:
1673 1948 1803 2005 idque
1829 1949 1871 1991 iu
1896 1950 1985 2005 pri—

1136 2030 1207 2058 mo
1222 2014 1425 2059 Mediceo
1439 2023 1481 2057 et
1499 2029 1591 2058 uno
1603 2013 1820 2057 Thuaneo
1837 2023 1984 2070 postea

1134 2080 1302 2123 inveni.
1324 2079 1385 2123 H.

1193 2147 1253 2187 15.
1293 2146 1443 2188 Tecum
1462 2151 1561 2199 tqnc
1580 2146 1737 2186 aberat.
1768 2143 1867 2187 Hoc
1890 2152 1952 2187 est
1971 2178 1982 2194 .

1134 2218 1181 2253 tu
1201 2225 1302 2253 cum
1335 2209 1419 2252 tuis
1445 2201 1604 2252 solatiis
1631 2208 1781 2264 procul
1806 2224 1912 2251 eras.
1929 2231 1983 2240 —

1131 2275 1287 2318 Mentis
1305 2291 1431 2329 ομιτ.
1449 2273 1573 2329 Quas
1589 2288 1698 2315 meae
1716 2273 1854 2316 menti
1872 2272 1981 2316 tristi

1133 2337 1352 2380 adlaturus
1367 2337 1511 2380 fueras
1527 2369 1540 2389 ,
1561 2337 1596 2378 si
1617 2335 1837 2379 adfuisses.

1191 2419 1207 2444 ι
1217 2419 1252 2457 7.
1265 2402 1347 2444 Fer
1355 2417 1483 2456 opem,
1493 2416 1652 2455 precor,
1669 2404 1829 2442 eminus
1842 2417 1981 2444 unam.

1132 2465 1289 2509 Malim
1308 2482 1453 2515 unum,
1482 2464 1597 2520 quod
1615 2479 1755 2508 unum
1772 2472 1980 2521 superest.

1132 2528 1353 2585 Superiori
1376 2545 1524 2582 versu,
1546 2529 1705 2571 rectius
1719 2544 1831 2571 unus
1851 2529 1893 2570 V
1900 2529 1979 2571 ati-

1130 2609 1262 2637 canus
1273 2626 1285 2646 ,
1304 2595 1542 2649 Magnaque
1548 2608 1655 2648 pars
1670 2598 1831 2642 anime,
1848 2608 1977 2648 quam

1130 2662 1283 2709 animi,
1316 2658 1433 2715 quod
1462 2667 1528 2701 est
1557 2659 1601 2700 in
1631 2658 1838 2715 vulgatis;
1865 2658 1979 2701 infra

1131 2722 1251 2780 Eleg.
1273 2736 1320 2766 lx
1338 2739 1348 2766 :
1365 2741 1388 2761 «
1407 2723 1567 2780 Accipe
1587 2738 1684 2779 pars
1706 2723 1862 2766 animae
1882 2739 1979 2766 ma-

1131 2804 1214 2845 gna
1230 2821 1243 2843 ,
1266 2787 1427 2831 Severe
1450 2821 1462 2843 ,
1494 2803 1603 2831 meae
1621 2805 1632 2839 ;
1664 2806 1685 2825 υ
1719 2788 1846 2830 Pont.
1876 2787 1946 2831 ΠΙ
1964 2820 1976 2842 ,

1132 2853 1199 2896 ΕΙ.
1219 2867 1267 2895 1v
1282 2886 1294 2907 ‚
1319 2862 1370 2896 ut
1390 2853 1670 2897 scribendum
1696 2860 1739 2895 et
1761 2852 1845 2895 illic
1860 2885 1872 2906 ,
1899 2853 1979 2912 69:

1133 2938 1154 2956 «
1172 2921 1420 2976 Magnaque
1438 2937 1536 2977 pars
1550 2921 1706 2963 animae
1726 2936 1899 2963 mecum
1917 2921 1978 2962 vi-

1131 2986 1246 3029 xistis
1259 2987 1384 3031 amici
1399 3005 1409 3038 ;
1429 3006 1449 3025 >o
1462 2989 1647 3030 Metam.
1664 2986 1779 3030 VIII
1793 3003 1803 3029 :
1819 3006 1839 3023 «
1861 3003 1888 3029 ο
1903 3003 1974 3030 me

1131 3051 1239 3094 mihi
1271 3052 1411 3095 carior
1426 3084 1439 3106 ,
1469 3052 1612 3108 inquit
1629 3085 1641 3105 ,
1680 3052 1787 3094 Pars
1819 3052 1975 3095 anime

1132 3115 1316 3163 consiste
1337 3131 1471 3167 meae3
1492 3135 1512 3154 »
1537 3118 1608 3159 lib.
1625 3117 1720 3168 111,
1743 3115 1810 3159 El.
1828 3131 1846 3159 1
1863 3149 1875 3170 ,
1903 3132 1976 3175 70:

1133 3201 1155 3219 α
1170 3182 1337 3225 Ultima
1358 3198 1454 3237 pars
1471 3181 1625 3224 animae
1644 3180 1751 3223 dum
1770 3180 1880 3224 mihi
1901 3198 1976 3224 re-

1130 3255 1235 3300 stat,
1259 3246 1371 3289 ades.
1387 3264 1408 3283 »
1430 3245 1748 3288 H.—Em1'aus.
1771 3246 1932 3289 Procul
1949 3262 1974 3288 a

1133 3328 1229 3354 mea
1249 3311 1440 3367 regione.

1193 3378 1253 3420 18.
1275 3379 1364 3420 Tuo
1384 3386 1463 3421 etc.
1488 3377 1594 3420 Tuis
1611 3377 1751 3422 verbis
1772 3386 1816 3420 et
1831 3377 1978 3420 literis.
