2268 3848
214 279 286 331 80
688 276 754 329 P.
812 277 1106 334 OVIDII
1167 275 1545 333 NASONIS

298 390 506 451 Essent
532 413 810 474 pugnaces
828 439 843 465 ‚
876 394 973 476 qui
999 393 1112 454 fera
1141 392 1288 454 bella
1319 408 1538 455 canunt.

1924 413 2007 457 360

217 487 477 570 Denique
505 488 793 571 composui
824 503 1042 550 teneros
1068 513 1182 550 non
1214 490 1367 551 solus
1394 491 1632 552 Amores
1657 513 1670 550 :

303 584 632 667 Composito
664 608 856 667 poenas
885 585 1038 647 solus
1070 610 1254 646 amore
1286 585 1426 646 dedi.

220 679 379 760 Quid
405 678 514 740 nisi
546 702 669 739 cum
697 679 876 740 multo
905 681 1173 743 Venerem
1206 681 1541 743 confundere
1570 681 1699 740 vino

306 775 574 859 Praecepit
599 774 752 858 lyrici
781 776 913 836 Teia
939 778 1104 838 Musa
1133 778 1317 838 senis?

222 871 423 933 Lesbia
452 870 587 953 quid
618 870 809 932 docuit
838 872 1092 957 Sappho,
1123 873 1231 933 nisi
1258 895 1469 945 amare,
1500 871 1756 955 puellas?

1926 889 2006 934 365

306 969 452 1028 Tuta
484 982 664 1028 tamen
696 968 956 1051 Sapph0‚
989 982 1144 1029 tutus
1176 983 1231 1029 et
1259 967 1350 1029 ille
1379 968 1502 1029 fuit.

229 1068 343 1126 Nec
372 1064 478 1124 tibi
498 1110 512 1136 ‚
542 1062 824 1136 Battiade‚
855 1063 1049 1124 nocuit
1058 1111 1079 1145 3
1113 1064 1267 1148 quod
1294 1088 1435 1149 saepe
1462 1064 1665 1145 legenti

314 1162 556 1223 Delicias
585 1185 744 1222 versu
775 1161 955 1224 fassus
985 1186 1041 1224 es
1072 1163 1189 1247 ipse
1218 1178 1357 1224 tuas·

227 1258 441 1321 Fabula
465 1257 698 1340 jucundi
731 1257 882 1318 nulla
913 1272 996 1319 est
1026 1258 1142 1320 sine
1170 1283 1355 1321 amore
1378 1260 1699 1334 Menandri3

312 1361 389 1419 Et
417 1356 559 1419 solet
587 1356 677 1417 hic
706 1357 894 1440 pueris
920 1358 1337 1442 virginibusque
1368 1357 1494 1437 legi.

1934 1377 2018 1434 37⁰

228 1454 361 1516 Ilias
388 1454 511 1537 ipsa
542 1453 678 1537 quid
705 1468 817 1526 est,
849 1454 956 1515 nisi
986 1455 1167 1538 turpis
1196 1455 1473 1527 adultera,
1507 1454 1574 1517 de
1605 1478 1712 1538 qua

318 1553 472 1610 Inter
499 1565 797 1611 amatorem
827 1575 1017 1634 pugna
1045 1552 1334 1635 virumque
1364 1551 1514 1612 fuit?

233 1647 392 1729 Quid
421 1647 577 1730 prius
607 1661 690 1707 est
715 1646 798 1706 illi
827 1646 1044 1708 flamma
1073 1647 1449 1732 Chryseidos?
1482 1664 1654 1733 utque

318 1745 531 1805 Fecerit
559 1742 732 1804 iratos
759 1758 917 1827 rapta
943 1743 1126 1828 puella
1156 1745 1366 1807 duces?
1626 1813 1629 1816 ,

233 1844 351 1903 Aut
385 1840 520 1925 quid
549 1841 799 1924 Odyssea
828 1856 941 1914 est,
974 1841 1084 1902 nisi
1112 1842 1310 1902 femina
1329 1888 1343 1913 ‚
1373 1856 1603 1925 propter
1629 1865 1894 1916 amorem,
1941 1860 2023 1917 375

318 1940 468 2000 Dum
500 1938 584 1998 vir
612 1938 800 2013 abest,
833 1938 1022 1999 multis
1051 1963 1161 2000 una
1191 1939 1362 2023 petita
1388 1937 1612 2022 procis?

236 2113 496 2162 propterea,
520 2104 638 2161 qnod
656 2104 886 2163 tragoedias
908 2105 1095 2162 scripsit.

292 2172 388 2227 364.
408 2173 513 2216 Teia
529 2173 671 2216 Musa.
687 2171 977 2216 Anacreontis
991 2173 1093 2217 Mu-

237 2254 284 2281 sa
309 2253 318 2280 :
343 2237 379 2281 is
399 2238 519 2281 enim
542 2238 670 2281 Teon
702 2237 889 2295 patriam
911 2237 1092 2294 habuit,

240 2311 291 2347 ut
312 2311 376 2346 est
396 2312 546 2347 auctor
564 2303 736 2347 Strabo.
866 2294 874 2302 ‘

294 2368 388 2412 365.
410 2370 569 2412 lesbia
597 2371 704 2424 quid
730 2370 874 2412 docuit
901 2369 1070 2424 Sappho
1084 2400 1096 2424 ,

241 2437 332 2476 nisi
352 2449 495 2477 amare
514 2467 525 2484 ‚
553 2436 721 2489 puellas
737 2436 761 2479 Ρ
795 2432 973 2490 Sappho
1003 2433 1100 2475 Le—

242 2497 331 2541 sbia
347 2497 487 2554 prima
509 2498 723 2554 plectrum
747 2499 939 2555 reperit,
968 2498 1100 2542 libros

244 2563 398 2622 lyricos
430 2563 675 2620 composuit
698 2595 709 2618 ,
750 2562 1062 2620 epigrammata
1084 2596 1098 2618 ,

245 2626 440 2680 iambos,
479 2635 525 2670 et
554 2626 711 2683 elegias
745 2642 757 2670 2
794 2626 924 2683 huius
952 2635 1101 2670 autem

249 2698 451 2745 poemata
468 2688 624 2733 lasciva
645 2698 785 2731 erant.
804 2689 863 2732 Et
885 2690 996 2732 Hor.
1010 2688 1100 2734 Od-

249 2753 333 2809 IV,
348 2768 412 2809 lx,
431 2771 446 2797 1
460 2770 474 2796 ι
493 2770 543 2810 sq
561 2769 572 2797 z
589 2753 872 2810 «Vivuntque
885 2755 1103 2798 commissi

247 2819 408 2863 calores
431 2818 586 2863 AEoliae
610 2817 769 2862 fidibus
794 2819 960 2875 puellae.
979 2838 999 2857 υ

303 2884 397 2942 367.
420 2887 511 2928 Nec
536 2888 645 2936 tibi,
679 2887 886 2929 Battiade
901 2919 911 2936 ‚
946 2891 1101 2930 nocuit.

250 2949 474 2994 Battiades
506 2949 800 2994 Callimachus
829 2951 1069 3008 appellatur
1089 2983 1102 3006 ,

250 3031 273 3056 a
300 3016 433 3059 Batto
449 3043 461 3067 ,
497 3014 669 3073 generis
694 3016 758 3059 sui
791 3025 967 3059 auctore
983 3049 996 3071 ‚
1031 3017 1105 3073 qui

255 3078 482 3139 Cyrenem
500 3079 721 3136 condidit,
743 3089 792 3124 ut
808 3081 967 3124 Strabo
980 3113 992 3135 ‚
1017 3082 1107 3124 He.-

253 3144 433 3189 rodotus
444 3177 457 3199 ,
474 3153 518 3189 et
531 3145 562 3188 J
566 3145 732 3189 ustinus
745 3145 952 3190 scribunt.
969 3144 1108 3189 Com-

253 3210 397 3265 posuit
419 3219 566 3253 autem
585 3219 785 3267 poemata
805 3211 927 3254 omni
946 3227 1107 3268 genere

254 3276 525 3319 carminum:
541 3276 695 3335 Lyden
711 3276 900 3332 puellam
922 3277 1107 3332 amavit,

256 3339 311 3381 de
334 3355 418 3395 qua
439 3340 569 3382 etiam
588 3340 743 3398 elegias
764 3341 945 3398 scripsit.

310 3405 404 3460 370.
426 3406 490 3446 Et
504 3408 611 3447 solet
631 3407 712 3448 hic.
734 3405 867 3456 ‘Malo
890 3408 980 3449 ltaec
997 3421 1010 3450 :
1029 3404 1108 3449 fa-

1173 2106 1273 2150 bula
1293 2105 1506 2149 videlicet.
1523 2105 1583 2149 H.
1594 2103 1750 2162 —Ego
1764 2103 1931 2162 praetuli
1947 2105 2027 2147 hic.

1230 2173 1280 2229 37
1291 2190 1323 2216 1.
1347 2175 1456 2215 Ilias
1473 2177 1571 2228 dosa
1588 2174 1692 2228 quid
1706 2181 1772 2215 est
1784 2173 1925 2222 aliud,
1946 2174 2039 2213 nise

1174 2238 1378 2280 adultera.
1414 2238 1518 2281 Nist
1540 2239 1672 2290 turpis
1706 2239 1898 2278 adultera
1929 2250 2032 2278 cum

1176 2301 1329 2358 primis
1357 2299 1656 2351 editionibus;
1691 2300 1826 2356 Epist.
1855 2298 2032 2342 Laoda-

1180 2365 1302 2419 miae,
1321 2365 1404 2408 33;
1428 2363 1599 2420 «Quid
1621 2364 1786 2420 petitur
1807 2372 1929 2406 tanto
1952 2363 2035 2406 nisi

1179 2429 1317 2486 turpis
1337 2428 1534 2472 adultera
1557 2428 1752 2472 helloi’»
1742 2430 1929 2484 ›Tm-pis
1951 2427 2035 2473 hoc

1178 2493 1275 2538 loco
1297 2493 1351 2537 ad
1369 2509 1546 2548 mores,
1578 2509 1667 2536 non
1695 2493 1747 2536 ad
1769 2493 1928 2537 faciem
1953 2510 2034 2537 re-

1180 2559 1391 2611 fertum
1379 2576 1425 2602 m
1451 2559 1587 2616 Epist.
1611 2559 1781 2602 OEnon.
1811 2558 1864 2602 ad
1889 2558 2036 2602 Parid-

1183 2624 1237 2668 de
1259 2625 1349 2681 ipsa
1371 2624 1544 2667 Helena
1559 2655 1571 2678 ,
1599 2640 1710 2668 vers.
1735 2639 1841 2681 170:
1865 2640 1887 2661 «
1918 2624 2036 2666 Hae-

1183 2690 1307 2733 rebat
1321 2689 1489 2746 gremio
1510 2690 1648 2746 turpis
1670 2689 1806 2732 amica
1827 2697 1917 2731 tuo.
1936 2706 1957 2725 »
1975 2688 2034 2732 H.

1238 2756 1332 2812 373.
1370 2758 1488 2810 Quid
1503 2759 1625 2811 prius
1655 2764 1721 2799 est
1748 2759 1840 2797 illic
1855 2758 2037 2810 flamma

1189 2821 1439 2877 Chryseidos
1452 2852 1463 2870 ,
1483 2827 1560 2862 aut
1569 2823 1649 2875 qui.
1664 2820 1778 2875 Lege
1794 2827 1917 2875 utque
1935 2835 2038 2863 cum

1186 2885 1463 2937 melioribus;
1493 2889 1566 2928 illi
1591 2886 1724 2929 etiam
1759 2902 1839 2942 pro
1869 2890 1961 2928 illic
1988 2887 2038 2929 in

1185 2949 1352 2994 iisdem.
1376 2950 1492 2992 H.—
1499 2953 1616 3004 Quid
1619 2955 1740 3006 prius
1757 2959 1822 2993 est
1839 2955 2039 3008 illlflam-

1186 3030 1278 3063 ma,
1312 3021 1392 3056 etc.
1415 3013 1539 3069 Quid
1569 3014 1617 3056 in
1647 3015 1863 3072 principio
1893 3016 2038 3059 statim

1187 3076 1346 3122 Iliados
1379 3077 1672 3122 describitur?
1698 3088 1814 3123 certe
1849 3079 2040 3137 Agame-

1189 3143 1366 3186 mnonis
1383 3159 1510 3185 amor
1526 3144 1571 3187 in
1589 3143 1843 3203 Chryseida.

1243 3208 1338 3264 374.
1357 3210 1504 3264 Rapta
1513 3213 1672 3263 puella.
1698 3209 1859 3252 Briseis
1883 3209 2040 3253 Achilli

1190 3282 1338 3328 erepta
1357 3274 1409 3316 ab
1429 3275 1764 3331 Agamemnone
1793 3291 1803 3318 ε
1823 3275 1947 3331 cujus
1975 3274 2039 3316 rei

1190 3355 1331 3395 causa,
1343 3348 1450 3382 ortae
1462 3349 1564 3384 sunt
1576 3341 1692 3384 inter
1703 3357 1777 3384 eos
1790 3339 2037 3384 inimicitiae.

1246 3405 1340 3461 376.
1371 3408 1511 3450 Petita
1540 3411 1656 3450 viris.
1695 3406 1840 3450 Immo
1865 3410 2008 3460 procis
2022 3438 2033 3446 .
