2268 3848
251 316 311 350 12
705 298 769 352 P.
826 296 1121 354 OVIDII
1167 295 1554 353 NASONIS

323 414 550 497 Eripuit
578 428 777 497 patruo
810 438 952 497 saepe
983 415 1231 475 Minerva
1261 438 1380 474 suo.
1971 443 2025 473 ιο

240 512 317 571 Et
347 511 510 571 nobis
543 510 795 593 aliquod,
826 511 1073 593 quamvis
1106 511 1371 573 distamus
1397 511 1466 571 ab
1495 510 1631 585 illis,

324 606 480 685 Quid
506 621 651 665 vetat
683 606 824 666 irato
852 630 1057 666 numen
1086 607 1274 668 adesse
1302 608 1424 668 Deo
1448 607 1472 667 ?

242 698 426 786 Verba
455 703 620 762 miser
646 702 850 761 frustra
879 726 993 762 non
1023 703 1367 786 proficientia
1393 703 1566 786 perdo
1593 726 1608 762 τ

323 799 450 879 Ipsa
486 821 674 875 graves
702 812 972 879 spargunt
1002 823 1096 860 ora
1124 798 1402 883 loquentis
1433 821 1615 882 aquae3

240 892 644 976 Terribilisque
675 897 856 956 Notus
883 895 1051 976 jactat
1080 919 1198 955 mea
1229 895 1397 968 dicta3
1431 910 1762 977 precesque,
1975 911 2025 954 15

324 992 413 1051 Ad
440 1016 582 1074 quos
611 992 911 1052 mittuntur
932 1039 946 1064 ,
973 1016 1087 1051 non
1119 992 1254 1051 sinit
1280 992 1359 1051 ire
1386 991 1555 1050 Deos.
1850 1004 1853 1007 '

243 1089 396 1165 Ergo
424 1088 569 1148 idem
600 1089 783 1161 venti,
813 1114 882 1150 ne
912 1112 1073 1150 causa
1099 1088 1264 1151 laedar
1289 1089 1348 1148 in
1374 1112 1508 1162 una,

325 1184 571 1268 Velaque
602 1185 789 1245 nescio
818 1211 928 1268 quo
947 1234 961 1259 ,
995 1200 1234 1269 votaque
1260 1172 1452 1246 nostra
1479 1183 1705 1244 ferunt?

246 1283 343 1343 Me
375 1282 637 1343 miserum
657 1330 671 1355 ,
709 1284 902 1365 quanti
931 1301 1148 1343 montes
1177 1281 1478 1342 volvuntur
1508 1302 1775 1363 aquarum
1799 1277 1812 1338 Ξ

325 1378 449 1436 Jam
475 1377 585 1458 jam
618 1392 861 1438 tacturos
890 1378 1068 1438 sidera
1096 1401 1305 1438 summa
1331 1389 1512 1458 putes.
1977 1401 2031 1430 20

246 1472 483 1552 Quantae
515 1472 740 1533 diducto
777 1474 1078 1533 subsidunt
1106 1496 1322 1555 aequore
1352 1469 1520 1531 valles
1545 1469 1559 1530 Ξ

326 1571 451 1629 Jam
477 1570 587 1651 jam
619 1584 858 1629 tacturas
885 1571 1114 1629 Tartara
1143 1569 1301 1646 nigra
1330 1582 1509 1651 putes.

246 1667 615 1750 Quocumque
647 1666 941 1749 adspicias,
973 1665 1115 1725 nihil
1144 1680 1228 1727 est
1253 1665 1360 1725 nisi
1390 1677 1602 1748 pontus
1629 1676 1684 1723 et
1708 1685 1825 1736 aer,

324 1763 614 1824 Fluctibus
638 1763 728 1823 hic
757 1764 1013 1835 tumidis,
1045 1763 1292 1824 nubibus
1322 1762 1412 1823 ille
1444 1761 1643 1821 minax.
1920 1832 1922 1835 v

216 1864 219 1867 ’
246 1860 401 1919 Inter
425 1874 719 1942 utrumque
747 1859 992 1920 fremunt
1021 1859 1245 1920 immani
1274 1857 1495 1919 turbine
1521 1856 1706 1918 venti:
1913 1846 1916 1855 s
1978 1872 2031 1915 25

247 2002 408 2046 deinde
435 2003 762 2062 Polyphemum
789 2003 929 2047 filium
963 2020 1101 2048 occae-

245 2077 404 2123 casset,
423 2068 575 2112 decem
594 2086 732 2113 annos
746 2086 825 2127 per
838 2086 958 2113 mare
976 2070 1100 2112 illum

245 2132 466 2176 insecutus
480 2143 544 2195 est
558 2149 568 2177 ε
580 2134 648 2177 cui
663 2151 837 2191 semper
851 2134 990 2178 adfuit
1006 2135 1101 2178 Pal-

245 2197 320 2241 las.
337 2197 474 2253 Quod
489 2198 589 2242 ideo
604 2198 729 2242 finxit
743 2200 983 2255 Homerus,
996 2217 1101 2256 quo-

245 2263 367 2306 niam
388 2263 457 2306 ille
479 2264 686 2308 comitem
715 2264 868 2307 habuit
893 2265 1100 2321 pruden-

245 2331 353 2374 tiam
367 2364 377 2383 ,
403 2347 532 2387 quam
556 2332 726 2388 poetico
746 2333 834 2375 ritu
847 2332 1102 2375 Minervam

246 2397 516 2453 nuncupavit
547 2414 557 2440 ε
594 2414 678 2454 qua
713 2398 872 2441 comite
895 2430 907 2451 ,
951 2398 1101 2441 omnia

247 2460 470 2504 horrenda
490 2461 620 2505 subiit
636 2495 648 2517 ,
669 2463 819 2506 omnia
833 2461 1011 2507 adversa
1025 2479 1102 2506 su-

246 2528 429 2584 peravit.
460 2529 605 2572 PAUL.

292 2639 295 2646 Ἰ
307 2610 322 2635 1
331 2608 369 2634 o.
388 2594 548 2636 Patrue
561 2609 650 2636 suo.
662 2593 873 2650 Neptuno
884 2594 914 2637 J
917 2594 1006 2637 ovis
1016 2593 1100 2637 fra·

248 2658 305 2702 tri
322 2676 331 2711 ;
354 2659 478 2715 cujus
499 2667 592 2703 erat
611 2658 699 2702 filia
717 2659 868 2703 Pallas.

307 2740 368 2766 12.
408 2725 512 2777 Quis
545 2730 672 2766 vetat.
715 2726 830 2778 Quid
854 2731 971 2766 velat
997 2739 1100 2767 cum

248 2787 467 2832 Thuaneo
488 2798 532 2832 et
548 2790 810 2833 Bersmanni
830 2789 991 2834 codice.
1011 2791 1072 2833 H.

309 2857 373 2897 15.
398 2857 551 2898 Jactat
568 2872 660 2898 mea
683 2859 823 2899 verba.
847 2858 981 2899 Dicta
999 2872 1102 2900 cum

249 2921 379 2964 Polit.
407 2931 450 2965 et
485 2931 583 2965 octo
612 2922 735 2974 aliis;
768 2939 872 2966 nam
905 2926 947 2969 τό
977 2926 1103 2967 verba

249 2996 538 3043 praecesserat.
563 2988 729 3031 Hssms.

308 3067 323 3092 1
331 3068 368 3109 9.
380 3052 547 3095 Montes
558 3055 777 3094 volvuntur
785 3069 999 3108 aquarum.
1010 3052 1103 3111 Hy-

251 3116 429 3172 perbole
448 3133 459 3167 ς
479 3117 538 3159 sic
559 3117 661 3160 AEn.
683 3119 728 3167 Ι,
752 3121 828 3161 105
846 3120 1110 3175 :Insequitur

250 3186 412 3224 cumulo
417 3193 650 3238 praeruptus
659 3201 776 3240 aquae
786 3201 916 3234 mons,
936 3192 980 3227 et
999 3186 1107 3227 Flu—

250 3255 421 3302 ctusque
436 3251 499 3289 ad
513 3251 653 3291 sidera
670 3252 850 3292 toll17.--
859 3249 1013 3293 Mallet
1035 3249 1106 3293 hie

249 3312 535 3355 Burmannus
550 3316 760 3363 tolluntur,
785 3314 901 3369 quod
921 3331 1105 3372 sequen·

252 3376 283 3418 ti
322 3379 544 3419 subsidunt
568 3377 880 3434 responderet3
910 3379 987 3422 sed
1013 3396 1104 3424 non

254 3442 462 3488 addicunt
485 3444 768 3501 manuscripti
789 3444 967 3489 codices.

1240 2021 1303 2048 21.
1326 2006 1503 2059 Quantoe
1525 2004 1707 2047 diducto.
1740 2000 1896 2058 Virgil.
1925 2018 1946 2038 α
1970 2001 2036 2044 Hi

1182 2084 1358 2111 summo
1380 2068 1429 2111 in
1449 2066 1586 2110 fluctu
1611 2065 1834 2123 pendent,
1867 2065 1934 2108 his
1955 2081 2032 2108 un-

1183 2132 1237 2175 da
1256 2132 1480 2176 dehiscens
1497 2166 1508 2187 ,
1532 2132 1722 2175 Terram
1740 2131 1857 2174 inter
1875 2129 2034 2174 fluctus

1183 2200 1346 2257 aperit;
1374 2218 1396 2237 »
1430 2199 1607 2243 AEneid.
1630 2199 1651 2242 I
1670 2233 1683 2254 ,
1718 2198 2036 2241 11o.—Subsi-

1183 2269 1290 2309 dunt
1315 2282 1484 2322 equore.
1515 2265 1658 2323 Magis
1687 2264 1910 2323 magisque
1930 2279 2037 2321 pro-

1181 2330 1334 2375 fundae
1352 2330 1564 2388 adparent
1583 2346 1796 2387 aquarum
1819 2329 1960 2372 valles.
1982 2329 2034 2372 P.

1237 2398 1303 2439 23.
1330 2399 1591 2452 Quocumque
1599 2398 1804 2450 adspicio.
1818 2394 2037 2438 Buslidia-

1182 2478 1266 2506 nus
1277 2470 1322 2505 et
1333 2461 1491 2505 Comb.
1500 2464 1722 2516 adspicies.
1739 2460 1906 2514 Scribe,
1929 2462 2035 2515 Quo-

1179 2544 1348 2585 cumque
1358 2530 1586 2582 adspicias.
1597 2527 1727 2570 Pont.
1740 2526 1811 2570 lib.
1823 2527 1844 2570 I
1856 2558 1867 2580 ‚
1882 2526 1949 2568 ΕΙ.
1961 2539 2032 2575 111,

1181 2595 1234 2638 35
1252 2628 1263 2649 ‚
1288 2613 1308 2631 «
1328 2593 1625 2650 Quocumque
1639 2593 1844 2650 adspicias
1859 2626 1870 2644 ‚
1893 2593 2036 2649 campi

1181 2660 1346 2703 cultore
1369 2668 1565 2703 carentes
1591 2692 1602 2714 ,
1639 2660 1861 2715 Vastaque
1884 2692 1896 2713 ,
1934 2674 2031 2714 quae

1181 2743 1316 2771 nemo
1329 2725 1520 2770 vindicet
1542 2759 1554 2781 ,
1570 2742 1671 2769 arva
1687 2726 1846 2781 jacent.
1869 2743 1890 2762 »
1908 2724 2033 2768 Infra

1183 2792 1304 2848 Eleg.
1322 2804 1379 2833 111
1397 2806 1406 2832 :
1421 2809 1442 2828 «
1462 2790 1758 2846 Quocumque
1772 2788 2031 2845 adspiceres,

1183 2857 1325 2900 luctus
1350 2856 1623 2914 gemitusque
1653 2855 1880 2898 sonabant.
1905 2871 1927 2891 »
1950 2854 2040 2896 Aer

1183 2924 1315 2967 etiam
1331 2938 1412 2979 pro
1424 2925 1552 2965 oether
1563 2921 1756 2978 plerique
1772 2937 1781 2963 :
1804 2928 1848 2963 et
1865 2922 2036 2962 tumidis

1182 3006 1264 3046 pro
1295 2991 1478 3032 tumidus
1509 2988 1711 3044 sequenti
1751 3002 1880 3030 versu
1907 2984 2036 3028 Polit.

1185 3056 1321 3100 Palat.
1348 3055 1594 3111 Hamburg.
1610 3062 1654 3096 et
1668 3061 1856 3109 quatuor
1871 3052 1952 3095 alii.
1975 3052 2035 3095 H.

1243 3123 1305 3175 24.
1335 3123 1378 3162 T
1371 3123 1546 3174 umidis‚·
1570 3121 1752 3163 tumidus
1772 3119 1927 3161 Burm.

1240 3189 1307 3228 25.
1323 3187 1522 3228 Fremant
1540 3188 1720 3227 immani
1728 3200 1929 3226 murmure
1945 3198 2037 3226 ven-

1185 3254 1232 3293 ti.
1271 3253 1449 3293 Turbine
1485 3248 1719 3292 duodecim
1759 3256 1928 3291 veteres
1951 3264 1961 3299 ;
1987 3255 2038 3288 ut

1187 3316 1302 3374 apud
1316 3315 1440 3373 Virg.
1463 3314 1566 3357 AEn.
1579 3314 1651 3357 lib.
1670 3314 1759 3368 VI,
1778 3315 1858 3372 594
1876 3329 1885 3356 :
1895 3315 2039 3367 proeci-

1177 3385 1389 3438 pitemquc
1411 3383 1589 3423 immam·
1609 3380 1773 3421 turbine
1797 3379 1949 3432 adegit.
1975 3377 2035 3418 H'.

1187 3447 1606 3490 -Immaniturbina
1622 3444 1787 3502 Magna
1802 3450 2048 3487 ventorum
