2280 3776
146 356 151 361 -
230 319 327 370 182

674 318 736 370 P.
789 317 1078 373 OVIDII
1126 315 1509 372 NASONIS

297 433 479 510 Quam
508 431 593 490 cui
622 446 749 491 sunt
779 431 926 491 tarda
952 431 1170 492 brachia
1198 432 1339 493 fessa
1371 455 1558 493 mora:

214 531 432 606 Integer
463 544 544 588 est
574 528 978 588 nielior'nitidis
1004 529 1268 606 gladiator
1295 531 1351 589 in
1378 530 1541 590 armis
1558 576 1574 603 ‚

297 629 478 705 Quam
510 625 594 684 cui
629 624 727 683 tela
763 648 864 684 suo
897 628 1158 703 sanguiue
1187 627 1354 686 tincta
1382 627 1615 686 rubent:

213 720 334 779 Fert
368 721 502 779 bene
530 719 832 799 praecipites
862 721 1011 780 navis
1038 721 1204 780 modo
1233 722 1369 781 facta
1398 720 1695 803 proeellas3
1919 741 1975 785 35

296 816 612 896 Quamlibet
645 817 838 894 exiguo
871 816 1100 877 solvitur
1128 817 1301 877 imbre
1333 833 1503 878 vetus.

214 914 331 971 Nos
361 934 580 993 quoque
600 958 614 981 ‚
648 935 765 993 quae
790 911 1040 984 ferimus,
1069 912 1292 972 tulimus
1321 913 1617 994 patientius
1645 927 1794 985 ante,

294 1011 367 1068 Et
399 1008 533 1067 mala
568 1022 695 1080 sunt
725 1007 894 1085 longo
925 1007 1283 1090 multiplicata
1315 1008 1419 1068 die.
1439 1050 1450 1061 .

217 1106 459 1174 Credite,
494 1104 683 1164 deficio
702 1150 716 1174 ‚
748 1118 1046 1186 nostroque
1076 1127 1107 1163 a
1139 1127 1401 1186 corpore,
1435 1118 1701 1187 quantum

295 1204 586 1279 Auguror,
617 1202 868 1262 accedent
902 1217 1146 1284 tempora
1177 1226 1340 1284 parva
1369 1202 1527 1264 malis
1546 1227 1566 1263 ε.
1925 1218 1980 1275 40

214 1302 351 1360 Nam
382 1324 555 1381 neque
587 1315 716 1359 sunt
746 1299 912 1371 vires,
944 1323 1120 1382 neque
1148 1300 1242 1381 qui
1273 1299 1427 1360 color
1454 1315 1577 1361 ante
1607 1299 1842 1374 solebat,

295 1395 510 1477 Vixque
540 1396 717 1454 habeo
751 1410 964 1455 tenuem
987 1443 1002 1468 ,
1035 1419 1154 1477 quae
1180 1411 1327 1474 tegat
1353 1419 1504 1469 ossa,
1532 1411 1727 1456 eutem.

216 1494 459 1574 Corpore
487 1493 578 1552 sed
610 1516 760 1561 meus
791 1508 873 1552 est
901 1517 1045 1571 aegro
1076 1494 1249 1571 magis
1278 1518 1445 1572 aegra,
1475 1493 1712 1577 malique

295 1590 358 1646 In
391 1588 780 1670 circumspectu
814 1603 921 1647 stat
952 1589 1066 1648 sine
1098 1588 1204 1649 fine
1235 1590 1336 1649 sui.

214 1683 383 1742 Urbis
414 1684 567 1742 abest
597 1683 1042 1757 saeiesyabsunt,
1074 1707 1192 1744 mea
1221 1708 1377 1756 cura,
1413 1683 1652 1755 sodales;
1896 1756 1901 1761 ⁵
1928 1700 1982 1758 45

301 1782 372 1838 Et
391 1827 404 1850 ,
437 1804 541 1861 qua
571 1778 719 1845 nulla
749 1779 884 1839 mihi
911 1779 1113 1851 carior,
1146 1803 1286 1840 uxor
1314 1780 1483 1840 abest.
1966 1783 1973 1796 '

215 1875 426 1952 Vulgus
455 1876 607 1934 adest
632 1876 943 1956 Scytbicum
962 1922 987 1946 ‚-
1008 1875 1370 1958 braocataque
1400 1875 1559 1936 turba
1588 1875 1848 1935 Getarum
1872 1898 1885 1934 ε

296 1971 385 2031 Sic
414 1972 546 2032 male
563 2019 577 2042 ‚
610 1996 727 2053 quae
753 1972 910 2030 video
929 2018 943 2041 ‚
974 1994 1086 2030 non
1108 1971 1400 2051 videoque,
1429 1985 1643 2030 nocent.
1670 1995 1671 1998 ¹

215 2072 339 2128 Una
370 2085 547 2128 tamen
578 2091 702 2149 spes
736 2084 848 2138 est,
881 2092 998 2149 quae
1026 2090 1111 2125 me
1141 2066 1349 2126 soletur
1377 2068 1432 2126 in
1462 2067 1616 2141 istis,

298 2166 432 2223 Haec'
453 2163 567 2223 fore
596 2178 767 2223 morte
799 2187 912 2222 mea
945 2170 1060 2224 non'
1089 2162 1345 2222 diuturna
1373 2161 1528 2222 mala.
1929 2181 1983 2223 5ο

216 2306 306 2363 guit
319 2339 329 2359 ,
354 2305 493 2347 multo
513 2305 647 2361 magis
665 2319 840 2361 gravare
855 2289 967 2347 ¹aiala
981 2321 1058 2348 ve-

213 2379 305 2412 tera
321 2402 332 2421 ,
356 2385 484 2425 quam
503 2369 706 2418 recentia.
728 2370 938 2411 Luclalor.
964 2367 1056 2423 Qui

212 2434 325 2477 lucta
345 2433 479 2486 ludit,
508 2442 550 2476 et
576 2433 781 2489 palaestra.
810 2433 951 2475 Fuere
974 2449 1053 2475 au-

214 2509 302 2542 tem
321 2500 401 2541 tria
416 2498 612 2541 athletica
626 2497 862 2539 certamina
877 2530 888 2551 ,
906 2498 947 2539 in
966 2497 1054 2553 qui-

212 2564 292 2607 bus
311 2563 534 2606 certabant
554 2562 804 2617 corporibus
822 2563 931 2617 suis,
953 2579 1055 2606 cur-

214 2632 349 2678 sores,
390 2627 551 2686 pugiles
565 2661 577 2683 ,
613 2637 655 2671 et
685 2628 914 2671 luctatores
945 2644 955 2671 :
986 2629 1056 2671 alii

215 2698 406 2754 quinque
427 2703 636 2747 statuunt,
652 2694 796 2748 saltus,
810 2711 974 2749 cursus,
990 2694 1055 2737 di-

212 2778 306 2805 scus
321 2794 332 2814 ,
354 2760 567 2819 jaculum,
588 2759 713 2804 lucta.
1029 2755 1049 2775 ‘

267 2829 331 2870 33.
360 2829 519 2871 Nz'tz'delr
546 2832 697 2871 arenis.
727 2828 780 2870 In
809 2841 961 2882 campo
981 2841 1054 2868 re—

213 2900 364 2934 center
377 2907 508 2934 areua
527 2898 671 2932 strato.
689 2888 774 2932 Alii
790 2894 917 2931 armis
930 2923 939 2940 ,
956 2905 1053 2931 me—

211 2955 317 2998 lius:
337 2954 439 3010 quid
460 2954 577 2996 enim
598 2962 701 2996 sunt
713 2957 858 2996 amda-
877 2955 1051 2996 arena?

213 3035 348 3075 quum
367 3034 496 3061 arena
516 3020 650 3061 nitida
670 3018 945 3074 obponantur
970 3018 1054 3077 sce·-

214 3083 321 3127 datis
330 3084 536 3139 sanguine
551 3116 562 3137 ‚
575 3083 659 3126 sive
673 3087 876 3138 sanguiue
886 3085 1028 3125 tinctis
1039 3098 1057 3130 ,ἡ

214 3148 267 3190 de
279 3149 431 3203 quibus
447 3148 540 3191 vide
560 3148 702 3195 Bentl.
717 3147 769 3190 ad
788 3148 1021 3190 Horatium
1037 3178 1050 3200 ,

214 3212 274 3259 ΙΙ,
293 3213 360 3254 od.
389 3230 419 3254 1.
445 3213 605 3256 Bunm.

268 3277 331 3319 38.
357 3280 455 3329 Quoe
468 3280 581 3319 mala
597 3284 697 3321 sunl
707 3281 832 3332 longa
850 3272 1053 3330 multzjvlz'-

215 3349 314 3383 cata
327 3342 405 3382 die.
415 3342 476 3382 Et
486 3345 598 3383 mala
611 3350 725 3384 recte
739 3350 904 3384 veteres
917 3358 928 3392 ;
941 3353 1054 3382 unus

1138 2320 1239 2349 cum
1269 2304 1530 2348 Bersmanni
1556 2303 1667 2348 libro
1692 2319 1845 2360 quanm
1872 2321 1983 2362 quo-

1137 2368 1270 2411 modo
1282 2378 1326 2412 et
1338 2368 1588 2412 Gronovius
1600 2369 1854 2427 conjiciebat
1871 2386 1880 2414 :
1896 2374 1982 2413 loa-

1131 2453 1185 2491 go
1206 2435 1337 2479 etiam
1359 2437 1427 2478 die
1440 2435 1654 2479 nonnulli.
1680 2436 1845 2480 HEINS.

1189 2503 1255 2560 39.
1279 2503 1455 2554 Credite,
1469 2503 1626 2556 deficio.
1645 2501 1743 2544 Hoc
1763 2500 1980 2545 distichon

1138 2573 1201 2607 est
1219 2564 1438 2622 nugatoris
1452 2597 1464 2619 ,
1486 2580 1578 2606 non
1604 2564 1861 2609 Nasonianae
1886 2580 1981 2607 ma-

1137 2645 1234 2672 nus.
1253 2630 1421 2674 Hnms.

1191 2693 1256 2747 46.
1273 2695 1344 2741 Et,
1368 2710 1452 2749 qua
1469 2695 1586 2736 nulla
1598 2696 1857 2736 mffiicarior.
1871 2692 1980 2736 Scri-

1135 2758 1192 2801 bo
1202 2790 1214 2811 ‚
1230 2774 1311 2813 qua
1323 2775 1438 2801 nemo
1451 2760 1723 2816 mihifarior;
1736 2756 1818 2799 nisi
1832 2755 1953 2800 malis
1964 2789 1977 2810 ,

1135 2822 1198 2864 El
1211 2824 1340 2875 milri,
1357 2837 1438 2877 qua
1455 2823 1523 2862 nk‘l
1534 2829 1602 2863 est
1613 2825 1767 2863 carius.
1792 2821 1958 2864 HEINS.

1181 2889 1248 2941 48.
1267 2888 1338 2929 Sic
1349 2889 1475 2932 mala,
1493 2902 1580 2940 quoe
1595 2888 1730 2935 video,
1745 2902 1828 2928 non
1843 2889 1979 2928 video-

1134 2966 1224 3006 que,
1243 2959 1404 2994 nocent.
1419 2949 1491 2992 An
1513 2950 1629 2993 urbis
1646 2949 1771 2994 facies
1790 2959 1833 2993 et
1852 2950 1978 2994 soda-

1134 3008 1194 3058 les
1206 3015 1400 3058 absentes
1414 3030 1494 3071 pro
1506 3015 1621 3058 malo
1636 3025 1838 3058 numerat
1852 3015 1871 3057 ?
1884 3031 1976 3058 non

1134 3089 1250 3137 puto.
1276 3080 1426 3124 Scribe
1456 3085 1567 3124 male
1589 3090 1747 3125 nocent.
1779 3081 1977 3137 Quidam

1132 3145 1277 3200 scripti
1308 3160 1409 3187 cum
1430 3146 1577 3202 primis
1596 3146 1883 3199 editionibus,
1906 3147 1977 3188 Sic

1133 3224 1197 3250 me
1212 3216 1382 3251 movent.
1404 3209 1632 3254 HEINs.-
1652 3210 1821 3264 Nostri,
1843 3212 1971 3253 mala.

1188 3275 1255 3331 49.
1279 3275 1378 3327 (luoe
1389 3289 1452 3316 me
1465 3277 1635 3317 solatur.
1656 3276 1837 3328 Solatur,
1865 3289 1969 3316 me-

1133 3336 1272 3379 lio'res.
1291 3360 1346 3370 —
1363 3338 1534 3393 Nostri,
1555 3342 1726 3382 solatur.
