<?xml version="1.0" encoding="UTF-8"?>
<!DOCTYPE html PUBLIC "-//W3C//DTD XHTML 1.0 Transitional//EN"
    "http://www.w3.org/TR/xhtml1/DTD/xhtml1-transitional.dtd">
<html xmlns="http://www.w3.org/1999/xhtml" xml:lang="en" lang="en">
 <head>
  <title>
</title>
<meta http-equiv="Content-Type" content="text/html;charset=utf-8" />
  <meta name='ocr-system' content='tesseract 3.04.00' />
  <meta name='ocr-capabilities' content='ocr_page ocr_carea ocr_par ocr_line ocrx_word'/>
</head>
<body>
  <div class='ocr_page' id='page_1' title='image "./quaeextantomniao07oviduoft_0426.png"; bbox 0 0 2280 3776; ppageno 0'>
   <div class='ocr_carea' id='block_1_1' title="bbox 740 329 1567 387">
    <p class='ocr_par' dir='ltr' id='par_1_1' title="bbox 740 329 1567 387">
     <span class='ocr_line' id='line_1_1' title="bbox 740 329 1567 387; baseline 0.006 -4"><span class='ocrx_word' id='word_1_1' title='bbox 740 331 801 383; x_wconf 90' lang='lat' dir='ltr'>P.</span> <span class='ocrx_word' id='word_1_2' title='bbox 845 330 1139 385; x_wconf 89' lang='lat' dir='ltr'><strong>OVIDII</strong></span> <span class='ocrx_word' id='word_1_3' title='bbox 1180 329 1567 387; x_wconf 86' lang='lat' dir='ltr'>NASONIS</span> 
     </span>
    </p>
   </div>
   <div class='ocr_carea' id='block_1_2' title="bbox 726 600 1570 674">
    <p class='ocr_par' dir='ltr' id='par_1_2' title="bbox 726 600 1570 674">
     <span class='ocr_line' id='line_1_2' title="bbox 726 600 1570 674; baseline 0.007 -6"><span class='ocrx_word' id='word_1_4' title='bbox 726 600 1286 672; x_wconf 90' lang='lat' dir='ltr'><strong>EPISTOLA</strong></span> <span class='ocrx_word' id='word_1_5' title='bbox 1329 605 1570 674; x_wconf 91' lang='lat' dir='ltr'><strong>VIII.</strong></span> 
     </span>
    </p>
   </div>
   <div class='ocr_carea' id='block_1_3' title="bbox 1047 740 1236 755">
    <p class='ocr_par' dir='ltr' id='par_1_3' title="bbox 1047 740 1236 755">
     <span class='ocr_line' id='line_1_3' title="bbox 1047 740 1236 755; baseline 0.005 -1"><span class='ocrx_word' id='word_1_6' title='bbox 1047 740 1236 755; x_wconf 61' lang='lat' dir='ltr'>m</span> 
     </span>
    </p>
   </div>
   <div class='ocr_carea' id='block_1_4' title="bbox 954 887 1341 949">
    <p class='ocr_par' dir='ltr' id='par_1_4' title="bbox 954 887 1341 949">
     <span class='ocr_line' id='line_1_4' title="bbox 954 887 1341 949; baseline 0.005 -2"><span class='ocrx_word' id='word_1_7' title='bbox 954 887 1341 949; x_wconf 88' lang='lat' dir='ltr'><strong>MAXIMO.</strong></span> 
     </span>
    </p>
   </div>
   <div class='ocr_carea' id='block_1_5' title="bbox 1042 1037 1262 1048">
    <p class='ocr_par' dir='ltr' id='par_1_5' title="bbox 1042 1037 1262 1048">
     <span class='ocr_line' id='line_1_5' title="bbox 1042 1037 1262 1048; baseline 0 0"><span class='ocrx_word' id='word_1_8' title='bbox 1042 1037 1262 1048; x_wconf 95' lang='lat' dir='ltr'> </span> 
     </span>
    </p>
   </div>
   <div class='ocr_carea' id='block_1_6' title="bbox 849 1167 1451 1221">
    <p class='ocr_par' dir='ltr' id='par_1_6' title="bbox 849 1167 1451 1221">
     <span class='ocr_line' id='line_1_6' title="bbox 849 1167 1451 1221; baseline 0.007 -6"><span class='ocrx_word' id='word_1_9' title='bbox 849 1167 1451 1221; x_wconf 86' lang='lat' dir='ltr'>ARGUMENTUM.</span> 
     </span>
    </p>
   </div>
   <div class='ocr_carea' id='block_1_7' title="bbox 262 1292 2035 1426">
    <p class='ocr_par' dir='ltr' id='par_1_7' title="bbox 262 1292 2035 1426">
     <span class='ocr_line' id='line_1_7' title="bbox 262 1292 2035 1361; baseline 0.005 -23"><span class='ocrx_word' id='word_1_10' title='bbox 262 1292 521 1338; x_wconf 85' lang='lat' dir='ltr'>Pharetram</span> <span class='ocrx_word' id='word_1_11' title='bbox 542 1294 636 1338; x_wconf 86' lang='lat' dir='ltr'>telis</span> <span class='ocrx_word' id='word_1_12' title='bbox 662 1294 885 1351; x_wconf 85' lang='lat' dir='ltr'>gravidam</span> <span class='ocrx_word' id='word_1_13' title='bbox 907 1296 1103 1339; x_wconf 81' lang='lat' dir='ltr'>Maximo</span> <span class='ocrx_word' id='word_1_14' title='bbox 1126 1298 1286 1352; x_wconf 81' lang='lat' dir='ltr'>mittit,</span> <span class='ocrx_word' id='word_1_15' title='bbox 1315 1299 1496 1342; x_wconf 86' lang='lat' dir='ltr'>unicum</span> <span class='ocrx_word' id='word_1_16' title='bbox 1531 1300 1650 1357; x_wconf 87' lang='lat' dir='ltr'>quod</span> <span class='ocrx_word' id='word_1_17' title='bbox 1680 1300 1881 1361; x_wconf 87' lang='lat' dir='ltr'>Scythica</span> <span class='ocrx_word' id='word_1_18' title='bbox 1912 1301 2035 1346; x_wconf 81' lang='lat' dir='ltr'>tellus</span> 
     </span>
     <span class='ocr_line' id='line_1_8' title="bbox 590 1362 1706 1426; baseline 0.007 -21"><span class='ocrx_word' id='word_1_19' title='bbox 590 1362 760 1406; x_wconf 84' lang='lat' dir='ltr'>obferat</span> <span class='ocrx_word' id='word_1_20' title='bbox 781 1379 942 1407; x_wconf 89' lang='lat' dir='ltr'>munus</span> <span class='ocrx_word' id='word_1_21' title='bbox 960 1381 970 1417; x_wconf 91' lang='lat'>;</span> <span class='ocrx_word' id='word_1_22' title='bbox 994 1365 1111 1421; x_wconf 91' lang='lat' dir='ltr'>quod</span> <span class='ocrx_word' id='word_1_23' title='bbox 1132 1374 1178 1408; x_wconf 87' lang='lat' dir='ltr'>ut</span> <span class='ocrx_word' id='word_1_24' title='bbox 1200 1366 1305 1410; x_wconf 90' lang='lat' dir='ltr'>boni</span> <span class='ocrx_word' id='word_1_25' title='bbox 1327 1368 1547 1424; x_wconf 79' lang='lat' dir='ltr'>consulat,</span> <span class='ocrx_word' id='word_1_26' title='bbox 1571 1378 1706 1426; x_wconf 86' lang='lat' dir='ltr'>rogat.</span> 
     </span>
    </p>
   </div>
   <div class='ocr_carea' id='block_1_8' title="bbox 265 1489 1842 1698">
    <p class='ocr_par' dir='ltr' id='par_1_8' title="bbox 265 1489 1842 1698">
     <span class='ocr_line' id='line_1_9' title="bbox 265 1489 1842 1596; baseline 0.005 -23"><span class='ocrx_word' id='word_1_27' title='bbox 265 1489 452 1594; x_wconf 77' lang='lat' dir='ltr'><strong>QUAE</strong></span> <span class='ocrx_word' id='word_1_28' title='bbox 477 1513 600 1586; x_wconf 87' lang='lat' dir='ltr'>tibi,</span> <span class='ocrx_word' id='word_1_29' title='bbox 644 1516 949 1596; x_wconf 81' lang='lat' dir='ltr'>quaerebam</span> <span class='ocrx_word' id='word_1_30' title='bbox 969 1563 984 1588; x_wconf 86' lang='lat'>‚</span> <span class='ocrx_word' id='word_1_31' title='bbox 1017 1540 1314 1578; x_wconf 84' lang='lat' dir='ltr'>memorem</span> <span class='ocrx_word' id='word_1_32' title='bbox 1342 1518 1599 1579; x_wconf 88' lang='lat' dir='ltr'>testantia</span> <span class='ocrx_word' id='word_1_33' title='bbox 1626 1544 1810 1582; x_wconf 87' lang='lat' dir='ltr'>curam</span> <span class='ocrx_word' id='word_1_34' title='bbox 1828 1568 1842 1594; x_wconf 87' lang='lat'>‚</span> 
     </span>
     <span class='ocr_line' id='line_1_10' title="bbox 342 1612 1494 1698; baseline 0.005 -28"><span class='ocrx_word' id='word_1_35' title='bbox 342 1613 505 1672; x_wconf 88' lang='lat' dir='ltr'>Dona</span> <span class='ocrx_word' id='word_1_36' title='bbox 534 1612 861 1673; x_wconf 83' lang='lat' dir='ltr'><strong>Tomitanus</strong></span> <span class='ocrx_word' id='word_1_37' title='bbox 886 1613 1101 1674; x_wconf 89' lang='lat' dir='ltr'>mittere</span> <span class='ocrx_word' id='word_1_38' title='bbox 1130 1630 1321 1698; x_wconf 89' lang='lat' dir='ltr'>posset</span> <span class='ocrx_word' id='word_1_39' title='bbox 1351 1640 1494 1694; x_wconf 87' lang='lat' dir='ltr'>ager.</span> 
     </span>
    </p>
   </div>
   <div class='ocr_carea' id='block_1_9' title="bbox 259 1710 1725 1890">
    <p class='ocr_par' dir='ltr' id='par_1_9' title="bbox 259 1710 1725 1890">
     <span class='ocr_line' id='line_1_11' title="bbox 259 1710 1725 1796; baseline 0.005 -28"><span class='ocrx_word' id='word_1_40' title='bbox 259 1710 478 1789; x_wconf 84' lang='lat' dir='ltr'>Dignus</span> <span class='ocrx_word' id='word_1_41' title='bbox 505 1734 559 1770; x_wconf 88' lang='lat' dir='ltr'>es</span> <span class='ocrx_word' id='word_1_42' title='bbox 581 1726 807 1790; x_wconf 82' lang='lat' dir='ltr'>argento</span> <span class='ocrx_word' id='word_1_43' title='bbox 826 1758 839 1783; x_wconf 88' lang='lat'>‚</span> <span class='ocrx_word' id='word_1_44' title='bbox 873 1711 1023 1772; x_wconf 83' lang='lat' dir='ltr'>fulvo</span> <span class='ocrx_word' id='word_1_45' title='bbox 1055 1737 1278 1796; x_wconf 89' lang='lat' dir='ltr'>quoque</span> <span class='ocrx_word' id='word_1_46' title='bbox 1308 1713 1528 1792; x_wconf 84' lang='lat' dir='ltr'>dignior</span> <span class='ocrx_word' id='word_1_47' title='bbox 1553 1738 1688 1776; x_wconf 86' lang='lat' dir='ltr'>auro</span> <span class='ocrx_word' id='word_1_48' title='bbox 1713 1740 1725 1775; x_wconf 91' lang='lat'>:</span> 
     </span>
     <span class='ocr_line' id='line_1_12' title="bbox 341 1807 1565 1890; baseline 0.002 -24"><span class='ocrx_word' id='word_1_49' title='bbox 341 1807 450 1866; x_wconf 89' lang='lat' dir='ltr'>Sed</span> <span class='ocrx_word' id='word_1_50' title='bbox 479 1822 558 1878; x_wconf 87' lang='lat' dir='ltr'>te,</span> <span class='ocrx_word' id='word_1_51' title='bbox 589 1832 759 1890; x_wconf 89' lang='lat' dir='ltr'>quum</span> <span class='ocrx_word' id='word_1_52' title='bbox 785 1807 958 1868; x_wconf 90' lang='lat' dir='ltr'>donas</span> <span class='ocrx_word' id='word_1_53' title='bbox 978 1856 992 1881; x_wconf 80' lang='lat'>‚</span> <span class='ocrx_word' id='word_1_54' title='bbox 1023 1808 1125 1869; x_wconf 88' lang='lat' dir='ltr'>ista</span> <span class='ocrx_word' id='word_1_55' title='bbox 1153 1809 1341 1890; x_wconf 87' lang='lat' dir='ltr'>juvare</span> <span class='ocrx_word' id='word_1_56' title='bbox 1368 1808 1565 1870; x_wconf 89' lang='lat' dir='ltr'>solent.</span> 
     </span>
    </p>
   </div>
   <div class='ocr_carea' id='block_1_10' title="bbox 260 1903 1740 1989">
    <p class='ocr_par' dir='ltr' id='par_1_10' title="bbox 260 1903 1740 1989">
     <span class='ocr_line' id='line_1_13' title="bbox 260 1903 1740 1989; baseline 0.003 -25"><span class='ocrx_word' id='word_1_57' title='bbox 260 1907 372 1964; x_wconf 86' lang='lat' dir='ltr'>Nec</span> <span class='ocrx_word' id='word_1_58' title='bbox 402 1918 583 1963; x_wconf 88' lang='lat' dir='ltr'>tamen</span> <span class='ocrx_word' id='word_1_59' title='bbox 612 1903 728 1963; x_wconf 82' lang='lat' dir='ltr'>haec</span> <span class='ocrx_word' id='word_1_60' title='bbox 757 1903 878 1964; x_wconf 88' lang='lat' dir='ltr'>loca</span> <span class='ocrx_word' id='word_1_61' title='bbox 912 1920 1043 1964; x_wconf 87' lang='lat' dir='ltr'>sunt</span> <span class='ocrx_word' id='word_1_62' title='bbox 1068 1905 1186 1965; x_wconf 91' lang='lat' dir='ltr'>ullo</span> <span class='ocrx_word' id='word_1_63' title='bbox 1212 1908 1453 1989; x_wconf 89' lang='lat' dir='ltr'>pretiosa</span> <span class='ocrx_word' id='word_1_64' title='bbox 1479 1908 1702 1969; x_wconf 88' lang='lat' dir='ltr'>metallo</span> <span class='ocrx_word' id='word_1_65' title='bbox 1727 1935 1740 1969; x_wconf 75' lang='grc' dir='ltr'><strong><em>ε</em></strong></span> 
     </span>
    </p>
   </div>
   <div class='ocr_carea' id='block_1_11' title="bbox 2011 1927 2035 1967">
    <p class='ocr_par' dir='ltr' id='par_1_11' title="bbox 2011 1927 2035 1967">
     <span class='ocr_line' id='line_1_14' title="bbox 2011 1927 2035 1967; textangle 90"><span class='ocrx_word' id='word_1_66' title='bbox 2011 1927 2035 1967; x_wconf 67' lang='lat' dir='ltr'>:n</span> 
     </span>
    </p>
   </div>
   <div class='ocr_carea' id='block_1_12' title="bbox 259 2001 1654 2272">
    <p class='ocr_par' dir='ltr' id='par_1_12' title="bbox 259 2001 1654 2272">
     <span class='ocr_line' id='line_1_15' title="bbox 340 2001 1470 2079; baseline 0.002 -19"><span class='ocrx_word' id='word_1_67' title='bbox 340 2002 537 2061; x_wconf 88' lang='lat' dir='ltr'>Hostis</span> <span class='ocrx_word' id='word_1_68' title='bbox 565 2001 635 2059; x_wconf 90' lang='lat' dir='ltr'>ab</span> <span class='ocrx_word' id='word_1_69' title='bbox 666 2001 903 2079; x_wconf 87' lang='lat' dir='ltr'>agricola</span> <span class='ocrx_word' id='word_1_70' title='bbox 935 2002 1025 2061; x_wconf 86' lang='lat' dir='ltr'>vix</span> <span class='ocrx_word' id='word_1_71' title='bbox 1055 2003 1187 2063; x_wconf 90' lang='lat' dir='ltr'>sinit</span> <span class='ocrx_word' id='word_1_72' title='bbox 1214 2002 1307 2063; x_wconf 85' lang='lat' dir='ltr'>illa</span> <span class='ocrx_word' id='word_1_73' title='bbox 1339 2004 1470 2063; x_wconf 83' lang='lat' dir='ltr'>sodi.</span> 
     </span>
     <span class='ocr_line' id='line_1_16' title="bbox 259 2096 1654 2181; baseline 0.003 -26"><span class='ocrx_word' id='word_1_74' title='bbox 259 2097 514 2178; x_wconf 85' lang='lat' dir='ltr'>Purpura</span> <span class='ocrx_word' id='word_1_75' title='bbox 545 2119 685 2179; x_wconf 87' lang='lat' dir='ltr'>saepe</span> <span class='ocrx_word' id='word_1_76' title='bbox 714 2112 839 2157; x_wconf 89' lang='lat' dir='ltr'>tuos</span> <span class='ocrx_word' id='word_1_77' title='bbox 867 2096 1086 2175; x_wconf 86' lang='lat' dir='ltr'>fulgens</span> <span class='ocrx_word' id='word_1_78' title='bbox 1115 2099 1363 2181; x_wconf 86' lang='lat' dir='ltr'>praetexit</span> <span class='ocrx_word' id='word_1_79' title='bbox 1390 2099 1654 2172; x_wconf 84' lang='lat' dir='ltr'>amictus3</span> 
     </span>
     <span class='ocr_line' id='line_1_17' title="bbox 340 2192 1502 2272; baseline 0.004 -21"><span class='ocrx_word' id='word_1_80' title='bbox 340 2192 448 2252; x_wconf 89' lang='lat' dir='ltr'>Sed</span> <span class='ocrx_word' id='word_1_81' title='bbox 472 2217 587 2252; x_wconf 90' lang='lat' dir='ltr'>non</span> <span class='ocrx_word' id='word_1_82' title='bbox 617 2192 913 2253; x_wconf 88' lang='lat' dir='ltr'>Sarmatica</span> <span class='ocrx_word' id='word_1_83' title='bbox 944 2194 1178 2272; x_wconf 87' lang='lat' dir='ltr'>tingitur</span> <span class='ocrx_word' id='word_1_84' title='bbox 1205 2193 1299 2255; x_wconf 87' lang='lat' dir='ltr'>illa</span> <span class='ocrx_word' id='word_1_85' title='bbox 1320 2220 1502 2256; x_wconf 90' lang='lat' dir='ltr'>manu.</span> 
     </span>
    </p>
   </div>
   <div class='ocr_carea' id='block_1_13' title="bbox 262 2291 1615 2376">
    <p class='ocr_par' dir='ltr' id='par_1_13' title="bbox 262 2291 1615 2376">
     <span class='ocr_line' id='line_1_18' title="bbox 262 2291 1615 2376; baseline 0.002 -27"><span class='ocrx_word' id='word_1_86' title='bbox 262 2291 475 2353; x_wconf 84' lang='lat' dir='ltr'>Vellera</span> <span class='ocrx_word' id='word_1_87' title='bbox 508 2292 640 2352; x_wconf 88' lang='lat' dir='ltr'>dura</span> <span class='ocrx_word' id='word_1_88' title='bbox 670 2292 858 2353; x_wconf 89' lang='lat' dir='ltr'>ferunt</span> <span class='ocrx_word' id='word_1_89' title='bbox 882 2293 1118 2376; x_wconf 88' lang='lat' dir='ltr'>pecudes</span> <span class='ocrx_word' id='word_1_90' title='bbox 1137 2341 1151 2366; x_wconf 88' lang='lat'><strong>‚</strong></span> <span class='ocrx_word' id='word_1_91' title='bbox 1184 2309 1238 2354; x_wconf 89' lang='lat' dir='ltr'>et</span> <span class='ocrx_word' id='word_1_92' title='bbox 1265 2293 1505 2354; x_wconf 83' lang='lat' dir='ltr'>Palladis</span> <span class='ocrx_word' id='word_1_93' title='bbox 1531 2293 1615 2354; x_wconf 89' lang='lat' dir='ltr'>uti</span> 
     </span>
    </p>
   </div>
   <div class='ocr_carea' id='block_1_14' title="bbox 341 2387 1435 2448">
    <p class='ocr_par' dir='ltr' id='par_1_14' title="bbox 341 2387 1435 2448">
     <span class='ocr_line' id='line_1_19' title="bbox 341 2387 1435 2448; baseline -0.001 -1"><span class='ocrx_word' id='word_1_94' title='bbox 341 2389 476 2447; x_wconf 90' lang='lat' dir='ltr'>Arte</span> <span class='ocrx_word' id='word_1_95' title='bbox 504 2388 810 2448; x_wconf 79' lang='lat' dir='ltr'>Tomitanae</span> <span class='ocrx_word' id='word_1_96' title='bbox 834 2412 951 2448; x_wconf 90' lang='lat' dir='ltr'>non</span> <span class='ocrx_word' id='word_1_97' title='bbox 980 2387 1216 2448; x_wconf 81' lang='lat' dir='ltr'>didicere</span> <span class='ocrx_word' id='word_1_98' title='bbox 1245 2411 1435 2448; x_wconf 82' lang='lat' dir='ltr'>nuruS.</span> 
     </span>
    </p>
   </div>
   <div class='ocr_carea' id='block_1_15' title="bbox 1990 2418 2038 2447">
    <p class='ocr_par' dir='ltr' id='par_1_15' title="bbox 1990 2418 2038 2447">
     <span class='ocr_line' id='line_1_20' title="bbox 1990 2418 2038 2447; baseline -0.042 0"><span class='ocrx_word' id='word_1_99' title='bbox 1990 2418 2038 2447; x_wconf 89' lang='lat'>10</span> 
     </span>
    </p>
   </div>
   <div class='ocr_carea' id='block_1_16' title="bbox 262 2485 1685 2665">
    <p class='ocr_par' dir='ltr' id='par_1_16' title="bbox 262 2485 1685 2665">
     <span class='ocr_line' id='line_1_21' title="bbox 262 2485 1550 2569; baseline -0.001 -25"><span class='ocrx_word' id='word_1_100' title='bbox 262 2486 483 2546; x_wconf 85' lang='lat' dir='ltr'>Femina</span> <span class='ocrx_word' id='word_1_101' title='bbox 512 2509 616 2569; x_wconf 87' lang='lat' dir='ltr'>pro</span> <span class='ocrx_word' id='word_1_102' title='bbox 644 2487 767 2546; x_wconf 88' lang='lat' dir='ltr'>lana</span> <span class='ocrx_word' id='word_1_103' title='bbox 796 2485 1038 2546; x_wconf 84' lang='lat' dir='ltr'>Cerealia</span> <span class='ocrx_word' id='word_1_104' title='bbox 1065 2508 1291 2545; x_wconf 88' lang='lat' dir='ltr'>munera</span> <span class='ocrx_word' id='word_1_105' title='bbox 1316 2485 1550 2563; x_wconf 84' lang='lat' dir='ltr'>frangit,</span> 
     </span>
     <span class='ocr_line' id='line_1_22' title="bbox 340 2581 1685 2665; baseline -0.001 -26"><span class='ocrx_word' id='word_1_106' title='bbox 340 2581 758 2665; x_wconf 88' lang='lat' dir='ltr'>Subpositoque</span> <span class='ocrx_word' id='word_1_107' title='bbox 790 2605 1006 2660; x_wconf 85' lang='lat' dir='ltr'>gravem</span> <span class='ocrx_word' id='word_1_108' title='bbox 1034 2581 1232 2641; x_wconf 85' lang='lat' dir='ltr'>vertice</span> <span class='ocrx_word' id='word_1_109' title='bbox 1257 2595 1445 2663; x_wconf 88' lang='lat' dir='ltr'>portat</span> <span class='ocrx_word' id='word_1_110' title='bbox 1473 2603 1685 2663; x_wconf 88' lang='lat' dir='ltr'>aquam.</span> 
     </span>
    </p>
   </div>
   <div class='ocr_carea' id='block_1_17' title="bbox 257 2677 1588 2764">
    <p class='ocr_par' dir='ltr' id='par_1_17' title="bbox 257 2677 1588 2764">
     <span class='ocr_line' id='line_1_23' title="bbox 257 2677 1588 2764; baseline -0.002 -25"><span class='ocrx_word' id='word_1_111' title='bbox 257 2681 384 2739; x_wconf 82' lang='lat' dir='ltr'>Non</span> <span class='ocrx_word' id='word_1_112' title='bbox 410 2680 500 2740; x_wconf 87' lang='lat' dir='ltr'>hic</span> <span class='ocrx_word' id='word_1_113' title='bbox 525 2680 830 2764; x_wconf 87' lang='lat' dir='ltr'>pampineis</span> <span class='ocrx_word' id='word_1_114' title='bbox 857 2679 1109 2739; x_wconf 82' lang='lat' dir='ltr'>amicitur</span> <span class='ocrx_word' id='word_1_115' title='bbox 1136 2678 1343 2739; x_wconf 89' lang='lat' dir='ltr'>vitibus</span> <span class='ocrx_word' id='word_1_116' title='bbox 1372 2677 1588 2739; x_wconf 88' lang='lat' dir='ltr'>ulmus:</span> 
     </span>
    </p>
   </div>
   <div class='ocr_carea' id='block_1_18' title="bbox 259 2816 1108 3521">
    <p class='ocr_par' dir='ltr' id='par_1_18' title="bbox 261 2816 1106 2928">
     <span class='ocr_line' id='line_1_24' title="bbox 318 2816 1106 2872; baseline 0.001 -13"><span class='ocrx_word' id='word_1_117' title='bbox 318 2835 351 2859; x_wconf 88' lang='lat'>1.</span> <span class='ocrx_word' id='word_1_118' title='bbox 370 2820 520 2860; x_wconf 84' lang='lat' dir='ltr'>Curam</span> <span class='ocrx_word' id='word_1_119' title='bbox 532 2834 758 2860; x_wconf 82' lang='lat' dir='ltr'>memorem.</span> <span class='ocrx_word' id='word_1_120' title='bbox 771 2816 886 2872; x_wconf 83' lang='lat' dir='ltr'>Quae</span> <span class='ocrx_word' id='word_1_121' title='bbox 901 2825 1106 2860; x_wconf 78' lang='lat' dir='ltr'>testaren-</span> 
     </span>
     <span class='ocr_line' id='line_1_25' title="bbox 261 2884 1023 2928; baseline 0.001 -3"><span class='ocrx_word' id='word_1_122' title='bbox 261 2891 333 2925; x_wconf 85' lang='lat' dir='ltr'>tur</span> <span class='ocrx_word' id='word_1_123' title='bbox 348 2900 496 2926; x_wconf 81' lang='lat' dir='ltr'>euram</span> <span class='ocrx_word' id='word_1_124' title='bbox 512 2884 702 2928; x_wconf 83' lang='lat' dir='ltr'>hominis</span> <span class='ocrx_word' id='word_1_125' title='bbox 721 2885 928 2928; x_wconf 90' lang='lat' dir='ltr'>memoris</span> <span class='ocrx_word' id='word_1_126' title='bbox 946 2885 1023 2928; x_wconf 88' lang='lat' dir='ltr'>tui.</span> 
     </span>
    </p>

    <p class='ocr_par' dir='ltr' id='par_1_19' title="bbox 259 2950 1106 3200">
     <span class='ocr_line' id='line_1_26' title="bbox 317 2950 1106 3005; baseline 0.003 -15"><span class='ocrx_word' id='word_1_127' title='bbox 317 2951 355 3003; x_wconf 78' lang='grc'>4.</span> <span class='ocrx_word' id='word_1_128' title='bbox 377 2950 465 2992; x_wconf 72' lang='lat' dir='ltr'>Sed</span> <span class='ocrx_word' id='word_1_129' title='bbox 483 2959 526 2993; x_wconf 85' lang='lat' dir='ltr'>te</span> <span class='ocrx_word' id='word_1_130' title='bbox 539 2984 548 3000; x_wconf 87' lang='lat'><em>‚</em></span> <span class='ocrx_word' id='word_1_131' title='bbox 586 2967 707 3005; x_wconf 79' lang='lat' dir='ltr'>quum</span> <span class='ocrx_word' id='word_1_132' title='bbox 736 2954 869 2993; x_wconf 80' lang='lat' dir='ltr'><em>donas</em></span> <span class='ocrx_word' id='word_1_133' title='bbox 886 2983 898 3004; x_wconf 87' lang='lat'>,</span> <span class='ocrx_word' id='word_1_134' title='bbox 927 2954 1013 2992; x_wconf 83' lang='lat' dir='ltr'>ista</span> <span class='ocrx_word' id='word_1_135' title='bbox 1021 2950 1106 3004; x_wconf 84' lang='lat' dir='ltr'>ju-</span> 
     </span>
     <span class='ocr_line' id='line_1_27' title="bbox 259 3016 1104 3072; baseline 0.001 -16"><span class='ocrx_word' id='word_1_136' title='bbox 259 3032 355 3057; x_wconf 69' lang='lat' dir='ltr'>vare</span> <span class='ocrx_word' id='word_1_137' title='bbox 382 3020 526 3058; x_wconf 80' lang='lat' dir='ltr'>solent.</span> <span class='ocrx_word' id='word_1_138' title='bbox 565 3016 652 3059; x_wconf 90' lang='lat' dir='ltr'>Sed</span> <span class='ocrx_word' id='word_1_139' title='bbox 685 3032 842 3058; x_wconf 87' lang='lat' dir='ltr'>aurum</span> <span class='ocrx_word' id='word_1_140' title='bbox 870 3025 915 3058; x_wconf 85' lang='lat' dir='ltr'>et</span> <span class='ocrx_word' id='word_1_141' title='bbox 945 3031 1104 3072; x_wconf 84' lang='lat' dir='ltr'>argen-</span> 
     </span>
     <span class='ocr_line' id='line_1_28' title="bbox 261 3080 1106 3138; baseline 0 -16"><span class='ocrx_word' id='word_1_142' title='bbox 261 3089 356 3122; x_wconf 89' lang='lat' dir='ltr'>tum</span> <span class='ocrx_word' id='word_1_143' title='bbox 377 3081 510 3138; x_wconf 82' lang='lat' dir='ltr'>magis</span> <span class='ocrx_word' id='word_1_144' title='bbox 524 3081 632 3124; x_wconf 89' lang='lat' dir='ltr'>soles</span> <span class='ocrx_word' id='word_1_145' title='bbox 651 3080 815 3124; x_wconf 84' lang='lat' dir='ltr'>donare</span> <span class='ocrx_word' id='word_1_146' title='bbox 833 3081 923 3124; x_wconf 84' lang='lat' dir='ltr'>aliis</span> <span class='ocrx_word' id='word_1_147' title='bbox 937 3113 949 3135; x_wconf 90' lang='lat'>,</span> <span class='ocrx_word' id='word_1_148' title='bbox 973 3096 1106 3136; x_wconf 87' lang='lat' dir='ltr'>quam</span> 
     </span>
     <span class='ocr_line' id='line_1_29' title="bbox 262 3145 466 3200; baseline 0.01 -14"><span class='ocrx_word' id='word_1_149' title='bbox 262 3145 466 3200; x_wconf 84' lang='lat' dir='ltr'>accipere.</span> 
     </span>
    </p>

    <p class='ocr_par' dir='ltr' id='par_1_20' title="bbox 259 3209 1108 3521">
     <span class='ocr_line' id='line_1_30' title="bbox 315 3209 1108 3265; baseline 0.005 -15"><span class='ocrx_word' id='word_1_150' title='bbox 315 3210 354 3251; x_wconf 77' lang='grc' dir='ltr'>ὅ.</span> <span class='ocrx_word' id='word_1_151' title='bbox 376 3212 458 3251; x_wconf 68' lang='lat' dir='ltr'>Vix</span> <span class='ocrx_word' id='word_1_152' title='bbox 470 3210 772 3265; x_wconf 76' lang='lat' dir='ltr'>st&#39;m‘tt&#39;llafodi.</span> <span class='ocrx_word' id='word_1_153' title='bbox 793 3213 886 3254; x_wconf 87' lang='lat' dir='ltr'>Ista</span> <span class='ocrx_word' id='word_1_154' title='bbox 894 3212 923 3253; x_wconf 92' lang='lat' dir='ltr'>J</span> <span class='ocrx_word' id='word_1_155' title='bbox 928 3227 1000 3255; x_wconf 90' lang='lat' dir='ltr'>un.</span> <span class='ocrx_word' id='word_1_156' title='bbox 1012 3209 1108 3254; x_wconf 90' lang='lat' dir='ltr'>Pol.</span> 
     </span>
     <span class='ocr_line' id='line_1_31' title="bbox 262 3273 1107 3331; baseline -0.002 -14"><span class='ocrx_word' id='word_1_157' title='bbox 262 3283 307 3317; x_wconf 80' lang='lat' dir='ltr'>et</span> <span class='ocrx_word' id='word_1_158' title='bbox 327 3281 413 3316; x_wconf 83' lang='lat' dir='ltr'>tres</span> <span class='ocrx_word' id='word_1_159' title='bbox 431 3273 499 3315; x_wconf 83' lang='lat' dir='ltr'>alii</span> <span class='ocrx_word' id='word_1_160' title='bbox 517 3291 525 3323; x_wconf 90' lang='lat'>;</span> <span class='ocrx_word' id='word_1_161' title='bbox 547 3278 637 3316; x_wconf 86' lang='lat' dir='ltr'>ulla</span> <span class='ocrx_word' id='word_1_162' title='bbox 657 3275 776 3318; x_wconf 86' lang='lat' dir='ltr'>Leid.</span> <span class='ocrx_word' id='word_1_163' title='bbox 796 3275 880 3317; x_wconf 78' lang='lat' dir='ltr'>Vix</span> <span class='ocrx_word' id='word_1_164' title='bbox 894 3274 1107 3331; x_wconf 87' lang='lat' dir='ltr'>permittit</span> 
     </span>
     <span class='ocr_line' id='line_1_32' title="bbox 259 3339 1108 3396; baseline -0.001 -13"><span class='ocrx_word' id='word_1_165' title='bbox 259 3342 351 3384; x_wconf 87' lang='lat' dir='ltr'>loca</span> <span class='ocrx_word' id='word_1_166' title='bbox 371 3339 438 3382; x_wconf 84' lang='lat' dir='ltr'>illa</span> <span class='ocrx_word' id='word_1_167' title='bbox 454 3340 578 3383; x_wconf 87' lang='lat' dir='ltr'>arari.</span> <span class='ocrx_word' id='word_1_168' title='bbox 597 3341 733 3396; x_wconf 85' lang='lat' dir='ltr'>Quasi</span> <span class='ocrx_word' id='word_1_169' title='bbox 749 3342 860 3385; x_wconf 87' lang='lat' dir='ltr'>dicat</span> <span class='ocrx_word' id='word_1_170' title='bbox 879 3359 889 3385; x_wconf 79' lang='lat' dir='ltr'>z</span> <span class='ocrx_word' id='word_1_171' title='bbox 908 3341 1015 3385; x_wconf 82' lang='lat' dir='ltr'>siin</span> <span class='ocrx_word' id='word_1_172' title='bbox 1027 3341 1108 3383; x_wconf 83' lang='lat' dir='ltr'>hac</span> 
     </span>
     <span class='ocr_line' id='line_1_33' title="bbox 261 3405 1107 3462; baseline -0.001 -14"><span class='ocrx_word' id='word_1_173' title='bbox 261 3406 436 3462; x_wconf 85' lang='lat' dir='ltr'>regione</span> <span class='ocrx_word' id='word_1_174' title='bbox 446 3421 536 3447; x_wconf 91' lang='lat' dir='ltr'>non</span> <span class='ocrx_word' id='word_1_175' title='bbox 550 3414 727 3462; x_wconf 86' lang='lat' dir='ltr'>possunt</span> <span class='ocrx_word' id='word_1_176' title='bbox 738 3405 939 3448; x_wconf 85' lang='lat' dir='ltr'>homines</span> <span class='ocrx_word' id='word_1_177' title='bbox 954 3421 1107 3462; x_wconf 85' lang='lat' dir='ltr'>agrum</span> 
     </span>
     <span class='ocr_line' id='line_1_34' title="bbox 260 3468 1106 3521; baseline -0.002 -9"><span class='ocrx_word' id='word_1_178' title='bbox 260 3471 399 3513; x_wconf 82' lang='lat' dir='ltr'>colere</span> <span class='ocrx_word' id='word_1_179' title='bbox 416 3470 470 3513; x_wconf 92' lang='lat' dir='ltr'>ob</span> <span class='ocrx_word' id='word_1_180' title='bbox 491 3469 692 3514; x_wconf 85' lang='lat' dir='ltr'>hostilem</span> <span class='ocrx_word' id='word_1_181' title='bbox 713 3468 916 3513; x_wconf 84' lang='lat' dir='ltr'>timorem</span> <span class='ocrx_word' id='word_1_182' title='bbox 929 3502 939 3521; x_wconf 82' lang='grc'>,</span> <span class='ocrx_word' id='word_1_183' title='bbox 966 3477 1010 3511; x_wconf 84' lang='lat' dir='ltr'>et</span> <span class='ocrx_word' id='word_1_184' title='bbox 1035 3468 1106 3510; x_wconf 89' lang='lat' dir='ltr'>in—</span> 
     </span>
    </p>
   </div>
   <div class='ocr_carea' id='block_1_19' title="bbox 1186 2812 2062 3512">
    <p class='ocr_par' dir='ltr' id='par_1_21' title="bbox 1186 2812 2033 2937">
     <span class='ocr_line' id='line_1_35' title="bbox 1186 2812 2033 2870; baseline -0.007 -11"><span class='ocrx_word' id='word_1_185' title='bbox 1186 2816 1408 2859; x_wconf 83' lang='lat' dir='ltr'>cursiones</span> <span class='ocrx_word' id='word_1_186' title='bbox 1431 2847 1443 2870; x_wconf 85' lang='lat'><strong><em>,</em></strong></span> <span class='ocrx_word' id='word_1_187' title='bbox 1486 2813 1626 2857; x_wconf 84' lang='lat' dir='ltr'>multo</span> <span class='ocrx_word' id='word_1_188' title='bbox 1654 2812 1800 2856; x_wconf 87' lang='lat' dir='ltr'>minus</span> <span class='ocrx_word' id='word_1_189' title='bbox 1837 2827 1934 2854; x_wconf 90' lang='lat' dir='ltr'>eam</span> <span class='ocrx_word' id='word_1_190' title='bbox 1977 2812 2033 2855; x_wconf 91' lang='lat' dir='ltr'>ob</span> 
     </span>
     <span class='ocr_line' id='line_1_36' title="bbox 1187 2877 1855 2937; baseline -0.007 -12"><span class='ocrx_word' id='word_1_191' title='bbox 1187 2897 1361 2925; x_wconf 86' lang='lat' dir='ltr'>causam</span> <span class='ocrx_word' id='word_1_192' title='bbox 1383 2888 1563 2937; x_wconf 82' lang='lat' dir='ltr'>possunt</span> <span class='ocrx_word' id='word_1_193' title='bbox 1583 2895 1666 2923; x_wconf 87' lang='lat' dir='ltr'>aera</span> <span class='ocrx_word' id='word_1_194' title='bbox 1688 2877 1855 2921; x_wconf 86' lang='lat' dir='ltr'>fodere.</span> 
     </span>
    </p>

    <p class='ocr_par' dir='ltr' id='par_1_22' title="bbox 1188 2945 2062 3065">
     <span class='ocr_line' id='line_1_37' title="bbox 1246 2945 2062 3002; baseline -0.004 -13"><span class='ocrx_word' id='word_1_195' title='bbox 1246 2963 1281 3002; x_wconf 92' lang='lat'>7.</span> <span class='ocrx_word' id='word_1_196' title='bbox 1310 2947 1502 2988; x_wconf 68' lang='lat' dir='ltr'>protexit</span> <span class='ocrx_word' id='word_1_197' title='bbox 1532 2949 1723 2987; x_wconf 80' lang='lat' dir='ltr'>amictus.</span> <span class='ocrx_word' id='word_1_198' title='bbox 1755 2945 1956 2986; x_wconf 65' lang='lat' dir='ltr'>Pru-texit</span> <span class='ocrx_word' id='word_1_199' title='bbox 1983 2959 2034 2987; x_wconf 82' lang='lat' dir='ltr'>ex</span> <span class='ocrx_word' id='word_1_200' title='bbox 2058 2956 2062 2958; x_wconf 88' lang='grc'><strong><em>·</em></strong></span> 
     </span>
     <span class='ocr_line' id='line_1_38' title="bbox 1188 3008 1987 3065; baseline -0.003 -12"><span class='ocrx_word' id='word_1_201' title='bbox 1188 3010 1298 3054; x_wconf 88' lang='lat' dir='ltr'>libro</span> <span class='ocrx_word' id='word_1_202' title='bbox 1319 3009 1523 3053; x_wconf 80' lang='lat' dir='ltr'>Politiani</span> <span class='ocrx_word' id='word_1_203' title='bbox 1546 3009 1722 3065; x_wconf 88' lang='lat' dir='ltr'>aliisque</span> <span class='ocrx_word' id='word_1_204' title='bbox 1742 3008 1903 3051; x_wconf 85' lang='lat' dir='ltr'>multis.</span> <span class='ocrx_word' id='word_1_205' title='bbox 1927 3009 1987 3051; x_wconf 95' lang='lat' dir='ltr'>H.</span> 
     </span>
    </p>

    <p class='ocr_par' dir='ltr' id='par_1_23' title="bbox 1187 3072 2034 3324">
     <span class='ocr_line' id='line_1_39' title="bbox 1242 3072 2033 3134; baseline -0.001 -18"><span class='ocrx_word' id='word_1_206' title='bbox 1242 3091 1282 3134; x_wconf 83' lang='lat'>9.</span> <span class='ocrx_word' id='word_1_207' title='bbox 1297 3075 1357 3117; x_wconf 85' lang='lat' dir='ltr'>Et</span> <span class='ocrx_word' id='word_1_208' title='bbox 1366 3076 1563 3116; x_wconf 51' lang='lat' dir='ltr'>Pallada·</span> <span class='ocrx_word' id='word_1_209' title='bbox 1575 3081 1675 3117; x_wconf 76' lang='lat' dir='ltr'>arte.</span> <span class='ocrx_word' id='word_1_210' title='bbox 1695 3073 1964 3130; x_wconf 84' lang='lat' dir='ltr'>Scaligerum</span> <span class='ocrx_word' id='word_1_211' title='bbox 1976 3072 2033 3115; x_wconf 89' lang='lat' dir='ltr'>le·</span> 
     </span>
     <span class='ocr_line' id='line_1_40' title="bbox 1189 3138 2033 3196; baseline 0 -16"><span class='ocrx_word' id='word_1_212' title='bbox 1189 3139 1294 3196; x_wconf 82' lang='lat' dir='ltr'>gisse</span> <span class='ocrx_word' id='word_1_213' title='bbox 1310 3171 1321 3193; x_wconf 87' lang='lat'>,</span> <span class='ocrx_word' id='word_1_214' title='bbox 1355 3148 1403 3181; x_wconf 85' lang='lat' dir='ltr'>at</span> <span class='ocrx_word' id='word_1_215' title='bbox 1432 3141 1627 3181; x_wconf 74' lang='lat' dir='ltr'>Palladis</span> <span class='ocrx_word' id='word_1_216' title='bbox 1643 3173 1654 3189; x_wconf 93' lang='lat'><em>‚</em></span> <span class='ocrx_word' id='word_1_217' title='bbox 1685 3139 1853 3182; x_wconf 81' lang='lat' dir='ltr'>notavit</span> <span class='ocrx_word' id='word_1_218' title='bbox 1878 3138 2033 3181; x_wconf 87' lang='lat' dir='ltr'>Hein-</span> 
     </span>
     <span class='ocr_line' id='line_1_41' title="bbox 1187 3203 2034 3260; baseline -0.002 -14"><span class='ocrx_word' id='word_1_219' title='bbox 1187 3203 1274 3246; x_wconf 90' lang='lat' dir='ltr'>sius</span> <span class='ocrx_word' id='word_1_220' title='bbox 1284 3236 1295 3257; x_wconf 84' lang='lat'>‚</span> <span class='ocrx_word' id='word_1_221' title='bbox 1309 3203 1386 3246; x_wconf 77' lang='lat' dir='ltr'>sed</span> <span class='ocrx_word' id='word_1_222' title='bbox 1399 3219 1488 3246; x_wconf 91' lang='lat' dir='ltr'>non</span> <span class='ocrx_word' id='word_1_223' title='bbox 1505 3204 1713 3260; x_wconf 83' lang='lat' dir='ltr'>probabat</span> <span class='ocrx_word' id='word_1_224' title='bbox 1726 3220 1736 3255; x_wconf 92' lang='lat'>;</span> <span class='ocrx_word' id='word_1_225' title='bbox 1750 3206 1904 3245; x_wconf 81' lang='lat' dir='ltr'>vellera</span> <span class='ocrx_word' id='word_1_226' title='bbox 1915 3205 2034 3244; x_wconf 84' lang='lat' dir='ltr'><em>nulla</em></span> 
     </span>
     <span class='ocr_line' id='line_1_42' title="bbox 1188 3266 1960 3324; baseline -0.001 -14"><span class='ocrx_word' id='word_1_227' title='bbox 1188 3269 1320 3310; x_wconf 86' lang='lat' dir='ltr'>etiam</span> <span class='ocrx_word' id='word_1_228' title='bbox 1339 3285 1411 3311; x_wconf 83' lang='lat' dir='ltr'>sex</span> <span class='ocrx_word' id='word_1_229' title='bbox 1429 3268 1575 3324; x_wconf 89' lang='lat' dir='ltr'>scripti</span> <span class='ocrx_word' id='word_1_230' title='bbox 1592 3284 1694 3312; x_wconf 88' lang='lat' dir='ltr'>cum</span> <span class='ocrx_word' id='word_1_231' title='bbox 1710 3267 1837 3324; x_wconf 89' lang='lat' dir='ltr'>prim.</span> <span class='ocrx_word' id='word_1_232' title='bbox 1857 3266 1960 3310; x_wconf 86' lang='lat' dir='ltr'>edit.</span> 
     </span>
    </p>

    <p class='ocr_par' dir='ltr' id='par_1_24' title="bbox 1188 3331 2032 3457">
     <span class='ocr_line' id='line_1_43' title="bbox 1247 3331 2032 3378; baseline -0.004 0"><span class='ocrx_word' id='word_1_233' title='bbox 1247 3352 1308 3378; x_wconf 87' lang='lat'>11.</span> <span class='ocrx_word' id='word_1_234' title='bbox 1331 3338 1523 3378; x_wconf 81' lang='lat' dir='ltr'>Cerealia</span> <span class='ocrx_word' id='word_1_235' title='bbox 1545 3351 1724 3377; x_wconf 80' lang='lat' dir='ltr'>munera.</span> <span class='ocrx_word' id='word_1_236' title='bbox 1750 3334 1884 3377; x_wconf 80' lang='lat' dir='ltr'>Multi</span> <span class='ocrx_word' id='word_1_237' title='bbox 1909 3331 2032 3376; x_wconf 73' lang='lat' dir='ltr'>codi—</span> 
     </span>
     <span class='ocr_line' id='line_1_44' title="bbox 1188 3398 1928 3457; baseline -0.003 -14"><span class='ocrx_word' id='word_1_238' title='bbox 1188 3416 1281 3453; x_wconf 87' lang='lat' dir='ltr'>ces,</span> <span class='ocrx_word' id='word_1_239' title='bbox 1307 3405 1466 3444; x_wconf 79' lang='lat' dir='ltr'>seme&#39;na</span> <span class='ocrx_word' id='word_1_240' title='bbox 1480 3435 1489 3451; x_wconf 86' lang='lat'>,</span> <span class='ocrx_word' id='word_1_241' title='bbox 1513 3401 1630 3443; x_wconf 86' lang='lat' dir='ltr'>inter</span> <span class='ocrx_word' id='word_1_242' title='bbox 1652 3416 1759 3457; x_wconf 86' lang='lat' dir='ltr'>quos</span> <span class='ocrx_word' id='word_1_243' title='bbox 1778 3398 1928 3442; x_wconf 85' lang='lat' dir='ltr'>nostri.</span> 
     </span>
    </p>

    <p class='ocr_par' dir='ltr' id='par_1_25' title="bbox 1248 3462 2030 3512">
     <span class='ocr_line' id='line_1_45' title="bbox 1248 3462 2030 3512; baseline -0.005 -3"><span class='ocrx_word' id='word_1_244' title='bbox 1248 3469 1307 3510; x_wconf 82' lang='lat'>13.</span> <span class='ocrx_word' id='word_1_245' title='bbox 1330 3469 1550 3512; x_wconf 80' lang='lat' dir='ltr'>Amicitur.</span> <span class='ocrx_word' id='word_1_246' title='bbox 1577 3470 1782 3512; x_wconf 78' lang='lat' dir='ltr'>Oneratur</span> <span class='ocrx_word' id='word_1_247' title='bbox 1802 3462 1966 3508; x_wconf 84' lang='lat' dir='ltr'>Moreti</span> <span class='ocrx_word' id='word_1_248' title='bbox 1987 3471 2030 3506; x_wconf 84' lang='lat' dir='ltr'>et</span> 
     </span>
    </p>
   </div>
  </div>
 </body>
</html>
