2280 3776
537 352 987 410 TRISTIUM
1041 353 1204 409 LIB.
1265 351 1338 408 V.
1381 352 1624 409 ELEG.
1674 355 1722 409 1.

1910 374 2010 409 201

255 468 439 554 Atque
469 470 675 531 utinam
703 493 930 533 numero
957 492 1024 532 ne
1053 494 1158 533 nos
1188 494 1428 532 essemus
1456 472 1511 532 in
1540 471 1681 533 isto!

341 566 462 625 Heu
491 565 623 626 mihi
643 565 655 625 Ξ
679 589 776 626 cur
800 589 1041 650 unquam
1072 567 1233 627 Musa
1261 567 1436 648 jocata
1464 589 1582 628 mea
1615 567 1738 627 est?
1968 596 2022 624 20

259 662 366 724 Sed
396 662 641 724 dedimus
675 686 895 746 poenas;
931 663 1286 747 Scythicique
1315 663 1374 725 in
1398 663 1606 725 finibus
1632 663 1762 725 Istri

341 757 438 818 Ille
466 758 760 842 pharetrati
790 758 942 820 lusor
969 759 1189 820 Amoris
1217 759 1387 821 abest.

261 856 428 936 Quod
459 872 736 940 superest,
765 858 976 918 animos
1002 858 1071 917 ad
1099 856 1318 941 publica
1347 856 1582 917 carmina
1608 855 1731 917 flexi
1749 902 1765 929 ‚

340 954 412 1012 Et
438 955 863 1039 memorefl‘ussi
898 954 1138 1015 nominis
1167 977 1285 1015 esse
1313 953 1414 1015 sui.

260 1046 318 1106 Si
349 1062 523 1108 tamen
553 1073 580 1109 e
611 1048 769 1109 vobis
795 1049 1024 1132 aliquis,
1053 1063 1161 1109 tam
1192 1047 1360 1109 multa
1379 1095 1394 1119 ‚
1422 1047 1688 1130 requiret,
1973 1063 2026 1107 25

336 1143 498 1205 Unde
528 1145 761 1206 dolenda
786 1170 1007 1221 canam3
1043 1145 1213 1206 multa
1244 1145 1477 1205 dolenda
1508 1143 1627 1205 tuli.
1972 1135 1981 1144 ’

256 1236 385 1297 Non
415 1239 528 1301 haec
556 1240 779 1320 ingenio
799 1289 813 1315 ‚
847 1267 961 1302 non
987 1242 1099 1303 haec
1126 1240 1509 1323 componimus
1535 1253 1679 1311 arte;

340 1337 571 1399 Materia
602 1354 681 1401 est
709 1340 951 1424 propriis
979 1339 1265 1419 ingeniosa
1291 1336 1464 1398 malis.

257 1433 331 1493 Et
361 1448 528 1516 quota
555 1436 787 1498 fortunae
817 1460 943 1522 pars
976 1451 1060 1497 est
1088 1437 1143 1497 in
1173 1435 1410 1495 carmine
1435 1435 1679 1495 nostrae?

338 1529 491 1591 Felix
509 1578 523 1605 ‚
557 1532 650 1615 qui
676 1533 911 1617 patitur,
943 1556 1063 1615 quae
1091 1554 1372 1593 numerare
1402 1530 1577 1591 valet!
1978 1548 2031 1590 30

262 1626 422 1707 Quot
446 1627 671 1689 frutices
698 1628 869 1700 silvae,
899 1642 1037 1711 quot
1062 1627 1231 1687 ssavus
1254 1627 1461 1711 Tybris
1487 1649 1677 1687 arenas
1693 1672 1708 1696 ‚

343 1721 540 1784 Mollia
566 1738 703 1807 quot
730 1724 927 1785 Martis
957 1724 1200 1802 gramina
1230 1747 1453 1807 campus
1479 1723 1649 1783 habet
1671 1747 1685 1795 ;

262 1822 374 1880 Tot
402 1821 542 1882 mala
569 1822 896 1905 pertulimus
921 1846 932 1882 :
961 1845 1196 1906 quorum
1223 1820 1490 1882 medicina
1519 1819 1783 1903 quiesque

342 1918 506 1981 Nulla
525 1967 540 1992 ‚
574 1920 682 1981 nisi
711 1921 765 1979 iu
796 1919 1011 1991 studio,
1045 1917 1432 2000 Pieridumque
1464 1941 1615 1977 mora
1647 1930 1744 1976 est.

264 2017 408 2097 Quis
437 2016 540 2077 tibi
559 2064 572 2091 ,
602 2018 751 2077 Naso
769 2063 783 2089 ‚
813 2015 1008 2077 modus
1038 2015 1326 2099 lacrymosi
1357 2014 1652 2076 carminis?
1678 2012 1894 2097 inquis:
1982 2030 2035 2071 35

321 2194 382 2238 ¹9·
406 2181 499 2225 Nos
516 2195 598 2223 non
619 2195 802 2223 essemus
818 2184 863 2223 in
889 2183 982 2224 mo.
1009 2182 1106 2224 Non

263 2241 340 2286 uos
366 2243 542 2300 quidam
566 2261 618 2288 ex
643 2244 917 2296 melioribus;
947 2261 999 2288 ne
1028 2261 1106 2288 nos

266 2322 332 2363 pr.
354 2308 443 2352 Pal.
463 2308 580 2365 quod
597 2309 759 2367 placet3
783 2309 865 2354 nisi
878 2309 1014 2353 mavis
1030 2326 1106 2353 nec

265 2387 354 2414 uos.
374 2371 538 2416 Hzms.

322 2453 386 2480 20.
417 2437 547 2480 Musa
568 2439 708 2480 locuta
730 2453 822 2480 mea
849 2444 925 2482 est.
949 2440 1109 2481 Jocata

271 2501 462 2557 Combii,
472 2511 516 2546 et
529 2501 822 2560 fragmentum
832 2503 1107 2547 Vaticanum.

272 2568 514 2625 Quomodo
527 2577 570 2612 et
590 2569 827 2612 Vossianus
845 2585 925 2626 pro
942 2569 1109 2613 diversa

268 2636 450 2680 lectione
472 2652 482 2680 ε
507 2652 607 2680 vere
624 2653 634 2689 3
655 2637 714 2680 sic
721 2637 920 2692 jocosam
941 2637 1109 2678 Musam

268 2716 388 2744 suam
398 2709 537 2754 vocat,
552 2701 683 2745 Trist.
701 2702 720 2744 l
725 2703 761 2754 Ι,
778 2703 881 2756 354:
896 2701 1024 2744 «Vita
1037 2717 1111 2743 ve-

269 2765 462 2810 recunda
474 2774 554 2821 est,
570 2766 699 2810 Musa
710 2767 853 2824 jocosa
867 2766 973 2809 mihi
985 2783 995 2818 ;
1006 2784 1026 2804 »
1038 2765 1110 2809 lib.

271 2830 366 2885 111,
396 2830 516 2889 Eleg.
538 2845 574 2874 11
591 2864 602 2886 ,
623 2832 671 2875 6:
689 2849 710 2870 «
731 2831 950 2888 Quodque
976 2831 1112 2887 magis

270 2895 356 2938 vita
381 2895 509 2940 Musa
537 2898 680 2956 jocosa
698 2913 797 2940 mea
823 2905 898 2941 est.
915 2915 936 2934 »
959 2895 1111 2940 Simile

273 2959 485 3003 mendum
499 2961 612 3018 apud
630 2962 865 3006 Phaedrum
877 2978 966 3016 non
978 2961 1112 3004 semel

273 3021 640 3078 deprehendimus
660 3041 670 3068 ε
688 3034 738 3070 ut
756 3025 827 3069 lib.
848 3027 915 3070 lv
931 3060 941 3077 ‚
961 3026 1084 3068 initio
1097 3058 1111 3079 ‚

273 3088 351 3128 hoc
369 3095 470 3130 sunt
465 3088 612 3143 jocati
620 3093 740 3133 modo
753 3107 766 3133 .·
779 3091 853 3134 ubi
871 3095 1005 3134 loculi
1012 3107 1114 3148 per-

273 3165 424 3206 peram
440 3167 560 3195 nunc
576 3152 744 3209 legitur.
764 3154 931 3200 Hssms.

331 3233 394 3258 22.
410 3216 548 3258 Lusor
555 3218 725 3261 Amoris
734 3221 866 3262 adest.
882 3221 1028 3264 Immo
1046 3223 1116 3264 ab·

273 3288 339 3323 cst
357 3296 457 3323 cum
472 3281 736 3326 melioribus.

333 3346 396 3387 23.
425 3347 549 3400 Quod
569 3355 770 3402 superest,
810 3353 960 3392 socios.
992 3350 1113 3395 Bene

278 3427 343 3467 pr.
365 3410 490 3455 Polit.
512 3419 556 3454 et
581 3412 901 3470 Rottendorph.
923 3418 1115 3468 an1‘mos‚·

281 3492 327 3520 ac
357 3478 553 3533 sequenti
585 3494 709 3523 versu
729 3483 907 3525 nominis
933 3485 1006 3525 sui
1023 3496 1114 3525 non

1188 2186 1294 2233 mei,·
1320 2198 1384 2238 pr.
1407 2180 1547 2224 Vatic.
1575 2184 1758 2223 animum
1780 2195 1793 2221 .’
1827 2187 1870 2222 et
1897 2193 1997 2221 mox
2014 2194 2038 2219 e

1188 2249 1307 2290 vobis
1323 2246 1622 2303 fragmentum
1645 2244 1922 2287 Vaticanum.
1947 2243 2006 2285 H.

1197 2323 1199 2326 ⁴
1242 2313 1309 2354 30.
1331 2314 1556 2355 Numerare
1566 2316 1716 2363 potest.
1750 2311 1874 2351 Valet
1895 2306 2037 2351 Com-

1186 2376 1341 2419 bianus
1358 2392 1367 2418 :
1384 2391 1485 2417 mox
1502 2377 1752 2430 quolflaous
1779 2374 1927 2431 Tybris
1943 2387 2038 2414 are-

1187 2456 1268 2483 nas
1281 2449 1387 2496 puto
1400 2472 1412 2493 ‚
1436 2455 1526 2482 non
1536 2441 1695 2495 flavas.

1244 2505 1310 2549 32.
1329 2506 1484 2548 Mollia
1496 2512 1601 2561 quot.
1639 2501 1862 2546 Leidensis
1880 2501 2038 2555 codex,

1189 2574 1349 2624 m1'Il1‘a,·
1368 2570 1444 2615 sed
1464 2574 1604 2621 molle,
1631 2571 1857 2627 proprium
1875 2570 2038 2626 grami-

1190 2635 1257 2692 nis
1277 2635 1500 2693 epitheton
1515 2669 1527 2691 ,
1555 2635 1658 2680 facit
1687 2645 1736 2678 ut
1755 2635 1816 2678 nil
1842 2643 2036 2678 mutem:

1189 2699 1302 2744 infra
1323 2701 1443 2758 Eleg.
1459 2716 1507 2744 rv
1519 2735 1530 2756 ‚
1551 2718 1611 2745 vs.
1624 2719 1650 2761 9
1661 2735 1673 2756 ,
1689 2717 1766 2744 nec
1776 2709 1919 2756 aperto
1931 2703 2039 2743 mol-

1188 2769 1251 2808 lia
1262 2774 1388 2822 prato
1410 2769 1643 2818 Gramina,-
1672 2765 1730 2808 ita
1742 2766 1905 2819 pabula
1931 2765 2039 2805 mol-

1190 2835 1252 2875 lia
1278 2831 1324 2874 in
1346 2831 1494 2887 Ibide,
1520 2847 1629 2874 vers.
1664 2832 1763 2887 ¹37³
1793 2839 1836 2872 et
1867 2829 2037 2886 passim.

1192 2899 1567 2942 Risum—Martis
1576 2914 1761 2954 campus.
1772 2897 1910 2940 Tacit.
1920 2897 1991 2939 lib.
2004 2897 2039 2939 1.

1194 2964 1297 3007 Ann
1303 2995 1312 3004 .
1323 2967 1368 3007 in
1378 2980 1524 3020 campo
1534 2965 1703 3015 Martis,
1718 2965 1815 3006 sede
1826 2965 2039 3005 destinata

1192 3032 1371 3072 cremari
1379 3031 1543 3073 vellent.
1566 3027 1698 3072 Clor.

1239 3093 1304 3146 34.
1313 3095 1597 3148 Pieridumque
1607 3108 1735 3135 mora.
1747 3090 1923 3148 Opinor
1931 3106 2040 3148 praef

1193 3164 1305 3199 stare
1319 3157 1604 3213 Pieridumque
1614 3159 1737 3200 choro
1753 3172 1765 3198 :
1778 3156 1836 3198 sic
1844 3155 1960 3198 infra
1973 3151 2041 3197 El.

1196 3235 1277 3275 111,
1300 3239 1326 3281 9
1339 3237 1349 3264 z
1364 3239 1385 3258 «
1403 3221 1581 3278 Quique
1596 3221 1715 3278 prius
1728 3221 1907 3264 mollem
1923 3253 1934 3274 ‚
1955 3236 2037 3262 va-

1193 3303 1406 3343 cuamque
1424 3287 1639 3331 laboribus
1654 3286 1721 3344 egi
1738 3288 1792 3330 In
1808 3285 1961 3330 studiis
1979 3286 2036 3327 vi·

1195 3362 1282 3397 tam
1314 3351 1623 3409 Pieridumque
1658 3351 1804 3396 choro.
1832 3371 1853 3389 ν
1888 3351 1961 3395 Sic
1994 3358 2038 3393 et

1198 3417 1326 3460 Pont.
1343 3418 1387 3471 1,
1408 3417 1529 3475 Eleg.
1545 3431 1575 3460 v
1588 3450 1601 3471 ,
1624 3419 1699 3461 58:
1716 3436 1737 3455 «
1753 3416 1907 3462 Pieriis
1927 3415 2040 3459 invi-

1195 3482 1321 3539 gilate
1342 3482 1495 3527 choris.
1516 3501 1537 3522 »
1561 3482 1725 3526 mes.
