2280 3776
275 256 376 329 194

723 260 786 312 P.
842 259 1133 314 OVIDII
1179 257 1562 314 NASONIS

266 373 418 455 Saepe
448 398 579 434 suos
607 373 802 434 solitus
829 374 1051 435 recitare
1075 376 1393 458 Propertius
1423 375 1609 454 ignes,
1968 397 2022 452 45

344 470 476 528 Jure
507 467 742 528 sodalitii
773 468 865 550 qui
898 468 1030 528 mihi
1054 470 1275 550 junctus
1304 485 1447 531 erat:

264 564 528 624 Ponticus
557 564 726 623 heroo
745 611 758 634 ‚
790 566 989 626 Bassus
1018 590 1239 649 quoque
1269 567 1444 628 clarus
1473 568 1657 628 iambo

344 660 538 721 Dulcia
567 661 846 722 convictus
870 663 1109 723 membra
1139 664 1288 726 fuere
1316 665 1454 726 mei:

263 759 338 816 Et
367 755 540 816 tenuit
564 771 781 817 nostras
809 781 1130 839 numerosus
1156 761 1420 820 Horatius
1449 785 1632 835 aures,

341 853 489 911 Dum
517 852 644 912 ferit
670 853 920 912 Ausonia
949 854 1183 914 carmina
1210 855 1356 915 culta
1382 855 1528 938 lyra:
1974 875 2026 916 δυ

261 947 555 1025 Virgilium
583 948 694 1007 vidi
724 964 967 1021 tantum3
996 974 1096 1010 nec
1125 974 1281 1011 avara
1302 951 1528 1012 Tibullo

339 1043 581 1126 Tempus
610 1043 855 1103 amicitiae
885 1044 994 1104 fata
1023 1044 1217 1105 dedere
1244 1069 1392 1106 meae.

260 1138 552 1199 Successor
577 1139 683 1199 fuit
708 1140 798 1199 hic
830 1141 933 1200 tibi
953 1187 967 1212 ,
1002 1140 1186 1214 Galle3
1217 1143 1543 1226 Propertius
1570 1141 1683 1203 illi:

341 1239 587 1318 Quartus
617 1238 686 1298 ab
714 1238 801 1298 his
832 1239 967 1298 serie
1002 1240 1264 1322 temporis
1290 1239 1410 1323 ipse
1443 1240 1540 1301 fui.

257 1335 442 1415 thue
474 1359 575 1412 ego
603 1335 862 1415 majores,
892 1335 967 1396 sic
998 1359 1082 1395 me
1111 1335 1328 1397 coluere
1354 1337 1632 1409 minores;
1972 1355 2025 1397 55

336 1431 588 1513 Notaque
616 1455 731 1490 non
762 1431 912 1491 tarde
945 1431 1084 1492 facta
1105 1432 1301 1492 Thalia
1325 1457 1444 1493 mea
1470 1448 1568 1494 est.

259 1527 509 1587 Carmina
543 1552 710 1609 quum
740 1527 978 1610 primum
1008 1528 1224 1611 populo
1248 1528 1506 1610 juvenilia
1534 1529 1675 1608 legi,

335 1620 513 1681 Barba
541 1636 746 1682 resecta
773 1621 908 1681 mihi
938 1622 1090 1683 bisve
1121 1622 1351 1683 semelve
1380 1623 1517 1684 fuit:

261 1719 514 1779 Moverat
540 1718 818 1796 ingenium
835 1765 850 1789 ,
882 1733 1052 1778 totam
1078 1733 1287 1778 cantata
1314 1742 1416 1801 per
1441 1717 1663 1789 urbem,

335 1814 568 1874 Nomine
597 1837 709 1873 non
737 1837 865 1873 vero
899 1814 1041 1874 dicta
1068 1814 1309 1873 Corinna
1337 1814 1492 1873 mihi.
1969 1834 2025 1875 60

254 1909 436 1970 Multa
465 1910 905 1993 quidemscripsi
931 1936 943 1970 :
973 1910 1068 1971 sed
1101 1935 1221 1993 quae
1245 1911 1439 1971 vitiosa
1466 1911 1686 1994 putavi,
1810 1945 1823 1978 ς

252 2042 318 2075 est
342 2050 352 2075 :
377 2033 449 2089 qui
477 2034 494 2087 (
518 2041 568 2075 ut
593 2033 739 2076 scribit
767 2033 1016 2087 Eusebius)
1044 2034 1098 2076 30

254 2096 496 2155 olympiade
522 2097 565 2139 in
586 2096 685 2139 Asia
706 2096 860 2152 periit:
880 2096 977 2138 vide
992 2097 1099 2140 Sca-

252 2162 324 2218 lig.
342 2170 457 2219 poet.
473 2160 544 2204 lib.
567 2161 631 2203 VI
645 2194 658 2215 ,
679 2177 769 2218 cap.
789 2166 826 2204 5.

308 2230 373 2283 47.
385 2229 580 2270 Ponticus
597 2229 731 2269 heroo.
750 2227 958 2270 Ponticus
970 2236 1096 2282 poeta

255 2292 431 2335 heroico
447 2292 639 2334 carmine
654 2291 915 2335 Thebanum
935 2291 1096 2334 bellum

251 2357 428 2413 scripsit.
438 2359 648 2399 —Battus
666 2371 824 2411 quoque
844 2359 983 2398 clarus
995 2359 1096 2397 iam—

251 2430 317 2468 bo.
340 2425 425 2467 Alii
441 2426 652 2467 Bacchus.
678 2424 792 2480 Lege
813 2425 980 2484 Bassus
990 2426 1098 2477 pede

252 2496 391 2534 clarus
408 2495 558 2534 iambo.
580 2491 739 2535 Noster
760 2490 881 2533 alibi:
896 2509 916 2528 «
935 2491 966 2532 J
970 2490 1098 2546 ungi-

253 2564 325 2598 tur
338 2555 496 2598 herous
516 2570 615 2597 cum
638 2554 834 2597 breviore
856 2553 964 2610 pede
983 2571 994 2604 ;
1011 2572 1032 2591 ι»
1053 2562 1097 2596 et

252 2618 299 2661 in
330 2619 467 2662 Fastis
482 2651 495 2672 ‚
516 2618 587 2662 lib.
611 2619 656 2662 II
673 2651 684 2672 ‚
709 2634 767 2660 vs.
795 2620 871 2660 126
895 2635 905 2661 ε
929 2636 950 2655 «
971 2617 1096 2660 heroi

251 2702 319 2727 res
346 2694 438 2728 erat
463 2685 542 2728 ista
567 2684 699 2741 pedis.
727 2702 749 2722 ³»
775 2684 983 2727 Meminit
1004 2692 1095 2726 tam

251 2750 369 2793 Bassi
395 2765 526 2806 quam
548 2749 718 2793 Pontici
737 2757 966 2804 poetarum
981 2749 1096 2792 Pro—

252 2814 430 2869 pertius.
451 2815 511 2857 H.

304 2881 369 2934 48.
389 2882 548 2922 Dulcia
567 2882 790 2922 conuictus.
808 2877 1092 2922 Convictores

251 2946 339 2988 lnei
356 2945 538 2988 fuerunt
552 2978 564 2999 ,
590 2947 770 3000 όμᾶσιτοι.

305 3012 370 3070 49.
395 3013 593 3053 Horatius
609 3026 861 3053 numerosus.
883 3010 1091 3052 Horatius

249 3075 437 3131 optimus
447 3084 589 3131 poeta,
603 3075 670 3117 vel
685 3091 707 3117 a
720 3075 858 3131 copia,
870 3075 935 3117 vel
946 3074 997 3116 ab
1009 3074 1092 3116 ele-

250 3140 392 3194 gantia
411 3155 668 3182 numerosus
685 3139 823 3182 dictus
840 3156 850 3190 ;
872 3138 938 3180 vel
958 3137 1090 3180 etiam

250 3218 276 3243 a
297 3204 501 3246 varietate
522 3217 810 3246 numerorum
832 3219 878 3246 ac
901 3202 1059 3258 pedum
1075 3234 1087 3254 ,

252 3282 358 3322 quos
383 3267 514 3324 lyrica
539 3278 680 3311 metra
703 3269 931 3326 recipiunt.
953 3269 1089 3313 Natus

247 3340 312 3372 ‘est
332 3339 430 3373 ante
446 3331 654 3375 Ovidium
677 3335 800 3376 annis
819 3351 883 3375 22.

302 3396 367 3435 50.
395 3395 509 3436 Dum
529 3395 640 3448 fierit
670 3398 866 3439 Ausonia
902 3401 1089 3439 carmina

1178 2036 1293 2076 culta
1309 2037 1412 2091 lyra.
1426 2034 1572 2076 Aonia
1590 2036 1684 2092 lyra
1701 2042 1888 2089 quatuor
1906 2044 2024 2078 vete-

1178 2114 1247 2140 res
1267 2114 1276 2140 :
1297 2114 1351 2140 an
1368 2100 1511 2141 AEolia
1525 2101 1618 2155 lyra
1632 2102 1656 2143 ?
1675 2099 1886 2142 Horatius
1907 2099 1959 2143 de
1977 2117 2022 2144 se

1178 2161 1272 2218 ipso
1294 2195 1305 2216 ,
1336 2161 1407 2204 lib.
1434 2162 1477 2206 Π
1502 2195 1514 2216 ,
1543 2161 1632 2206 Od.
1658 2177 1748 2206 xxx
1769 2196 1782 2218 ‚
1807 2179 1917 2207 vers.
1946 2179 2019 2208 10:

1180 2244 1202 2263 «t
1219 2225 1375 2280 Dicar,
1402 2242 1486 2282 qua
1505 2226 1670 2271 violens
1694 2228 1902 2285 obstrepit
1928 2230 2025 2272 Au-

1178 2289 1311 2345 fidus,
1332 2291 1542 2348 Princeps
1557 2292 1753 2335 AEotium
1770 2309 1948 2337 carmen
1969 2296 2022 2338 ad

1178 2356 1307 2401 Italos
1332 2357 1571 2402 Deduxisse
1601 2359 1767 2403 modos.
1798 2378 1818 2396 υ
1853 2360 2023 2405 AEolica

1176 2423 1298 2465 enim
1328 2422 1510 2469 dialecto
1539 2424 1659 2483 lyrici
1688 2425 1813 2480 graeci
1846 2426 2022 2481 potissi—

1178 2504 1303 2532 mum
1329 2489 1395 2531 usi
1425 2506 1436 2532 z
1466 2488 1568 2532 hinc
1586 2493 1729 2534 AEolia
1755 2493 1860 2548 lyra.
1886 2491 1945 2534 H.
1968 2514 2022 2522 ——

1177 2556 1291 2596 Dum
1299 2553 1418 2608 sent
1439 2554 1560 2597 Dum
1582 2554 1746 2611 plectro
1766 2555 1948 2599 chordas
1961 2555 2022 2598 fe-

1176 2618 1333 2662 riendo
1346 2627 1514 2673 cantat3
1537 2619 1617 2664 hoc
1631 2629 1717 2675 est,
1739 2619 1844 2662 dum
1859 2619 2021 2676 pariter

1175 2694 1302 2729 sonat
1322 2686 1434 2745 lyra,
1456 2694 1500 2730 et
1519 2695 1664 2730 cantat
1684 2686 1889 2730 carmina.

1231 2758 1296 2797 5ι.
1317 2756 1406 2798 Nec
1427 2753 1681 2808 aaarasata.
1707 2755 1798 2797 Nec
1817 2753 2018 2797 Deorum

1174 2817 1416 2861 voluntates
1442 2835 1454 2868 ;
1488 2833 1593 2873 quas
1622 2817 1722 2860 ideo
1748 2834 1902 2861 avaras
1932 2819 2018 2862 ad-

1174 2882 1329 2938 pellat,
1353 2882 1558 2938 quoniam
1586 2882 1769 2925 celerius
1791 2883 2018 2926 Tibullum

1171 2954 1438 3002 rapuerunt,
1465 2962 1594 3002 quam
1614 2946 1680 2989 fas
1710 2955 1804 2990 erat
1824 2963 1834 2990 :
1854 2947 2017 2991 admo-

1172 3009 1279 3052 dum
1300 3009 1417 3052 enim
1439 3011 1608 3066 juvenis
1632 3011 1772 3067 periit.

1228 3075 1293 3116 52.
1322 3076 1497 3130 Tempus
1516 3079 1725 3118 amicitia».
1747 3075 1867 3131 Quia
1888 3078 2016 3132 periit

1170 3154 1240 3181 me
1269 3155 1407 3195 puero
1429 3173 1441 3194 ‚
1475 3149 1549 3183 aut
1579 3148 1813 3196 antequam
1845 3157 2014 3197 possem

1171 3219 1271 3246 eum
1289 3203 1449 3247 videre.
1464 3204 1549 3247 Alii
1569 3214 1717 3248 tamen
1736 3206 1889 3249 volunt
1907 3239 1919 3261 ,
1939 3223 2016 3250 eo·-

1170 3267 1270 3311 dem
1285 3285 1417 3323 ann0‚
1431 3278 1473 3312 et
1487 3269 1639 3312 eadem
1655 3270 1723 3313 die
1740 3286 1840 3314 cum
1852 3270 2013 3314 Ovidio

1168 3342 1336 3376 natum.
1358 3334 1492 3378 Unde
1515 3344 1648 3378 exstat
1670 3334 1820 3379 Ovidii
1841 3335 1894 3379 de
1915 3337 2009 3394 ejus

1170 3407 1312 3440 morte
1335 3398 1510 3454 Elegia;
1534 3397 1632 3440 Vol.
1655 3399 1701 3442 II
1717 3431 1729 3454 ,
1749 3415 1843 3456 pag.
1869 3400 1955 3457 198.
