2280 3776
510 267 618 323 Ex
658 265 951 322 PONTO
988 267 1150 323 LIB.
1193 269 1242 323 1.
1285 239 1560 326 ms‘rr.
1606 274 1729 329 111.

250 380 401 461 Quid
431 381 654 443 referam
683 396 885 442 veteres
916 383 1173 444 Romanae
1203 384 1412 462 gemiti,
1441 387 1587 469 apud
1617 413 1758 471 quos

334 476 632 538 Exsulibus
663 475 821 538 tellus
848 475 1038 538 ultima
1071 478 1248 539 Tibur
1275 482 1424 541 erat?

251 573 554 658 Persequar
582 588 645 634 ut
671 589 896 635 cunctos
915 621 929 645 ,
962 572 1099 635 nulli
1129 575 1287 636 datus
1313 575 1570 637 omnibus
1598 578 1723 641 aevis

332 668 466 729 Tam
497 667 691 751 procul
722 693 750 729 a
776 669 952 753 patria
980 684 1091 742 est,
1123 670 1466 732 horridiorve
1496 671 1668 734 locus.

254 763 385 843 Quo
413 762 862 844 magis‘ignoscat
890 764 1149 849 sapientia
1178 779 1352 826 vestra
1385 766 1627 843 dolenti,
1961 792 2017 836 85

334 860 451 942 Qui
476 859 606 921 facit
633 884 695 922 ex
724 861 885 922 dictis
915 885 1029 922 non
1057 861 1131 923 ita
1159 861 1331 922 multa
1365 862 1490 923 tuis.

253 959 366 1019 Nec
398 970 575 1021 tamen
601 958 840 1033 inficior,
869 960 912 1021 si
942 959 1161 1043 possint
1186 973 1373 1021 nostra
1401 961 1548 1022 coire

333 1053 569 1116 Vulnera
588 1102 602 1127 ‚
633 1056 921 1139 praeceptis
952 1079 1115 1139 posse
1145 1055 1289 1116 coire
1319 1055 1445 1117 tuis.

257 1150 365 1211 Sed
393 1174 608 1224 vereor,
639 1176 707 1212 ne
736 1175 820 1212 me
850 1151 1053 1212 frustra
1081 1175 1290 1213 servare
1322 1152 1539 1214 labores
1563 1177 1576 1225 3

335 1249 454 1307 Neu
483 1247 636 1328 juver
664 1246 880 1307 admota
908 1246 1157 1329 perditus
1183 1271 1323 1326 aeger
1352 1271 1475 1331 ope.
1970 1287 2027 1329 9⁰

258 1344 373 1404 Nec
403 1341 604 1427 loquor
630 1343 776 1413 baec,
807 1342 933 1425 quia
966 1343 1040 1402 sit
1067 1341 1242 1424 major
1269 1343 1557 1426 prudentia
1588 1344 1785 1417 nobis;

339 1439 447 1500 Sed
481 1439 582 1500 sim
601 1486 615 1510 ‚
649 1463 809 1522 quam
839 1439 1083 1511 medic0‚
1111 1440 1297 1500 notior
1325 1442 1440 1523 ipse
1468 1440 1619 1500 mihi.

260 1539 341 1597 Ut
367 1550 543 1598 tamen
574 1536 681 1596 hoc
710 1536 788 1596 ita
815 1535 915 1607 sit,
951 1560 1152 1597 munus
1186 1550 1278 1596 tua
1307 1535 1508 1615 grande
1532 1534 1784 1597 voluntas

263 1693 797 1751 Trojani,Teurer,morte
812 1693 950 1750 Aiacis
963 1693 1108 1737 fratris

262 1758 423 1803 invisus
444 1758 552 1815 patri
570 1758 823 1811 Telamoni,
848 1774 981 1814 quum
1009 1773 1098 1801 non

262 1823 528 1879 reciperetur
566 1823 609 1866 in
647 1839 828 1881 regnum
851 1856 861 1874 ,
899 1822 1096 1882 Cyprum

261 1887 496 1940 concessit,
518 1895 644 1944 atque
666 1887 721 1930 ibi
745 1887 895 1930 urbem
919 1887 1099 1931 nomine

262 1951 439 2008 antiquo
473 1953 619 2009 patriae
648 1953 866 1996 Salamina
893 1952 1099 1997 condidit.

261 2018 492 2061 -Humus
506 2024 629 2074 emta
658 2020 812 2061 Veneri.
839 2015 1012 2077 Cyprus
1027 2018 1102 2060 in·—

260 2079 350 2127 sula
369 2082 411 2125 iu
428 2097 513 2138 qua
527 2081 677 2126 Venus
695 2081 984 2126 colebatur.—
994 2084 1032 2125 T
1026 2098 1100 2125 eu·-

259 2160 387 2193 crum,
408 2146 558 2204 Eurip.
575 2146 662 2190 fab.
682 2146 741 2190 ιδ.
765 2146 900 2203 Quod
921 2163 999 2191 nos
1017 2163 1102 2192 co-

262 2210 354 2255 nati
370 2226 520 2257 sumus
542 2211 671 2256 latine
692 2211 899 2256 reddere:

304 2285 478 2318 Tot-mone
498 2294 605 2318 erotus
627 2287 753 2319 Teucer
770 2299 790 2318 n
809 2287 909 2330 Trojn
934 2288 1040 2329 redit,

302 2345 406 2388 Troia
418 2354 567 2381 erem-tu.
590 2348 698 2380 Patrio
711 2348 825 2390 pulsus
846 2348 916 2381 solo
930 2372 942 2389 ,

307 2405 341 2438 Λ
366 2407 451 2443 cende
470 2407 580 2440 fratris
600 2408 716 2440 Pharin
735 2409 812 2440 visit
827 2410 931 2442 litora.

320 2475 387 2519 82.
409 2475 538 2518 Tibur
547 2483 648 2518 erat.
663 2473 873 2517 Nondum
888 2474 1007 2517 enim
1022 2473 1108 2517 Ro-

265 2539 385 2588 mani
400 2546 742 2601 propagaverant
755 2538 923 2594 imperii
941 2537 1064 2581 fines.

321 2610 387 2654 83.
410 2609 666 2651 Nullidatus
683 2606 872 2649 omnibus
883 2607 991 2647 eois.
1008 2601 1111 2646 Rot-

267 2672 626 2730 tendorphianus,
638 2670 828 2713 omnibas
837 2683 891 2710 ex
901 2670 979 2718 his,
993 2666 1111 2724 quod

269 2741 406 2799 placet
419 2758 428 2790 ;
446 2742 634 2784 omnibus
645 2741 749 2784 illis.
776 2733 1110 2780 Arondelianus.

273 2804 639 2849 1-1.-Nihilmuta
654 2803 732 2846 :sic
749 2810 897 2846 noster
913 2798 1026 2844 Met.
1041 2798 1107 2851 11,

272 2884 332 2912 vs.
344 2869 425 2929 649
439 2885 451 2914 2
465 2888 488 2910 ιι
506 2869 605 2912 Non
621 2869 709 2925 jam
723 2865 915 2910 mortalis
929 2899 941 2921 ,
955 2873 1001 2909 et
1012 2862 1113 2910 aevis

274 2931 493 2979 Omnibus
517 2943 565 2978 ut
582 2949 806 2977 maneas.»

330 2999 397 3042 86.
413 3000 682 3055 Quaesacitex
688 3002 813 3042 dictis
821 3013 902 3041 non
909 3002 972 3041 ita
979 2998 1114 3039 multa

278 3068 377 3108 tuae's.
397 3065 497 3118 Quoe
503 3064 625 3119 sactlr
637 3080 749 3108 unus
763 3063 960 3107 Vatican.
975 3070 1020 3106 et
1034 3062 1115 3105 Ar—

277 3127 493 3183 gentinus,
513 3129 736 3184 Quisacitc
754 3126 1115 3184 quomodoTana-

279 3191 434 3249 quillus
453 3192 592 3236 Faber
622 3193 668 3236 in
686 3192 898 3250 Epistolis
919 3191 1114 3248 conjicit.

279 3255 376 3315 Ego
394 3255 500 3300 olim
521 3255 716 3314 legebam
728 3289 742 3312 ,
761 3251 956 3312 St'fack’o.
982 3257 1044 3300 H.
1062 3280 1116 3290 —

283 3321 385 3375 Quoe
410 3337 491 3364 non
509 3319 629 3376 facit
646 3326 710 3365 ita
737 3324 879 3364 multa.
902 3320 1017 3377 Quae
1041 3328 1115 3364 tua

274 3377 487 3442 sapientia
505 3387 786 3444 consequitur
803 3385 860 3430 ita
881 3385 1018 3431 multa
1033 3417 1046 3441 ‚
1067 3394 1116 3429 ut

1188 1690 1317 1735 velles
1337 1708 1346 1735 :
1369 1708 1459 1736 non
1476 1693 1596 1738 enim
1611 1708 1660 1736 ea
1678 1702 1816 1750 potest
1832 1694 2029 1741 dolorem

1187 1754 1350 1799 tollere.
1362 1779 1417 1788 —
1430 1758 1501 1799 Es
1518 1762 1603 1800 luis
1623 1761 1757 1802 dictis.
1779 1759 1838 1802 Ex
1855 1763 2033 1805 ranimi-

1180 1821 1261 1864 bus
1282 1820 1488 1864 adductis.
1517 1823 1613 1866 Suis
1631 1832 1692 1866 est
1716 1824 1757 1866 in
1789 1825 1951 1868 Mureti
1979 1827 2032 1869 li-

1182 1885 1288 1941 bro,
1322 1900 1401 1942 pro
1422 1902 1509 1929 var.
1530 1885 1624 1930 lect.
1656 1888 1743 1932 Sed
1777 1890 1931 1933 venem
1964 1892 2031 1934 vir

1184 1949 1333 1994 doctus
1355 1952 1614 1994 sententiam
1638 1969 1726 1997 suae
1747 1955 2031 1999 emendatio—

1185 2016 1250 2060 nis·
1268 2015 1391 2059 nobis
1413 2017 1678 2073 explanasset
1695 2049 1707 2071 ,
1736 2035 1831 2075 quae
1850 2020 2031 2065 deberet

1184 2096 1274 2126 esse
1294 2096 1304 2123 :
1328 2089 1399 2124 tua
1413 2082 1639 2138 sapientia,
1655 2099 1751 2139 quae
1764 2101 1836 2138 ea,
1854 2099 1950 2140 quae
1968 2086 2033 2129 di-

1185 2145 1246 2189 cit
1260 2160 1378 2196 ;.non
1392 2145 1493 2190 facit
1504 2147 1642 2202 :atqui
1655 2146 1861 2191 lnaecesset
1875 2148 2031 2192 intem-

1186 2211 1348 2267 pestiva
1366 2210 1639 2267 exprobratio
1652 2244 1663 2264 ,
1681 2228 1760 2255 nec
1776 2214 2031 2257 conveniret

1185 2274 1464 2330 sequentibus
1489 2290 1499 2318 :
1526 2291 1659 2331 quare
1686 2281 1759 2331 qui
1774 2276 1956 2325 retineo.
1979 2278 2031 2321 B.

1243 2342 1308 2395 87.
1320 2341 1554 2395 St‘possent.
1568 2344 1741 2385 Possint
1747 2343 1958 2388 meliores.
1971 2345 2031 2387 H.

1242 2404 1308 2461 89.
1334 2406 1399 2447 Ne
1418 2421 1481 2447 me
1489 2404 1657 2459 frustra
1680 2422 1831 2449 sanare
1856 2411 2033 2454 labores.

1172 2519 1174 2521 ‚
1188 2467 1355 2510 sen-are
1368 2469 1534 2525 scripti:
1548 2477 1591 2512 et
1599 2469 1728 2526 paulo
1737 2486 1791 2514 an
1798 2479 1838 2514 te
1852 2488 2036 2528 propre-

1189 2538 1320 2587 cepte&
1324 2549 1453 2588 posse
1465 2539 1575 2578 coire
1586 2540 1684 2586 tais,
1695 2553 1808 2580 unus
1823 2539 2036 2584 Hasnien·

1190 2598 1245 2641 sis
1256 2597 1494 2654 fomentis,-
1526 2602 1748 2656 quomodo
1770 2604 1900 2660 paulo
1931 2614 2034 2650 ante

1191 2678 1318 2706 versu
1342 2666 1407 2719 44.
1428 2665 1488 2708 Η.

1245 2742 1314 2786 9⁰·
1345 2729 1565 2784 Nenjuoet
1580 2732 1762 2775 admota.
1786 2731 1902 2776 Alias
1910 2733 2038 2787 juver

1190 2791 1348 2850 legitur
1361 2825 1374 2848 ,
1397 2803 1448 2838 ut
1459 2795 1514 2839 sit
1524 2811 1673 2840 sensus
1689 2813 1699 2840 :
1715 2798 1807 2842 Nec
1820 2813 1934 2854 aeger
1945 2799 2037 2855 ipse

1193 2860 1387 2916 perditus
1399 2893 1417 2915 „
1426 2862 1513 2906 sive
1529 2861 1776 2919 desperatus
1788 2897 1800 2918 ,
1817 2867 1941 2922 juver
1953 2881 2039 2923 ope

1194 2934 1238 2969 et
1253 2940 1355 2969 cura
1372 2934 1445 2969 tua
1466 2927 1667 2972 admota:
1690 2946 1786 2986 quae
1806 2931 1932 2974 lectio
1948 2946 2036 2974 me·

1192 2992 1276 3036 lior
1293 3007 1342 3035 ac
1361 2991 1529 3048 planior
1547 3002 1624 3037 est.
1644 2994 1818 3040 Mlcn..
1837 3019 1893 3030 -
1912 2997 2038 3041 Alter

1195 3057 1430 3101 Vaticanus
1443 3063 1636 3114 protinus
1653 3076 1761 3116 eger
1775 3078 1865 3117 ope.

1249 3140 1275 3181 9
1286 3140 1296 3164 ι
1307 3154 1316 3163 .
1331 3125 1571 3166 Prudentia.
1584 3126 1799 3179 Sapientia
1814 3127 1998 3171 Putean-

1248 3203 1315 3246 9²·
1330 3187 1523 3242 sedum.
1542 3189 1795 3246 Sim-prisce
1810 3191 2037 3238 editiones.

1249 3257 1314 3315 93.
1336 3257 1429 3299 Tua
1452 3259 1657 3300 voluntas.
1682 3258 1806 3302 Tuus
1827 3276 1929 3318 erga
1961 3277 2035 3305 me

1199 3321 1368 3364 animus
1389 3329 1435 3364 et
1454 3336 1589 3366 amor.
1606 3345 1662 3355 —
1685 3325 1859 3369 Gmnde·
1877 3341 2035 3370 munus.

1198 3386 1314 3429 Loco
1332 3386 1479 3442 magni
1499 3386 1707 3431 muneris.
