2280 3776
541 341 975 398 TRISTIUM
1016 342 1179 398 LIB.

1234 342 1346 399 IV.
1389 342 1632 399 ELEG.
1678 345 1786 399 Vl.
1959 349 2051 400 181

300 454 423 515 Hoc
449 456 614 516 etiam
641 480 803 518 saevas
829 457 1091 541 paulatim
1120 459 1334 538 mitigat
1366 460 1473 520 iras
1498 483 1511 531 ;
2014 478 2062 519 15

380 552 505 611 Hoc
535 552 735 612 minuit
767 553 978 627 luctus,
1012 570 1310 638 moestaque
1338 550 1504 616 corda
1533 554 1686 615 levat.

304 646 512 707 Cuncta
537 662 718 730 potest
746 648 915 727 igitur
945 651 1109 711 tacito
1140 651 1276 733 pede
1304 651 1454 734 lapsa
1481 665 1720 713 vetustas

383 741 749 825 Praeterquam
779 766 935 805 curas
967 744 1258 806 adtenuare
1286 768 1447 805 meas.

302 837 381 895 Ut
421 836 592 919 patria
624 861 780 899 careo
798 885 814 912 ,
844 839 931 901 bis
958 839 1210 918 frugibus
1237 863 1357 901 area
1388 840 1514 900 trita
1542 854 1659 912 est;

382 931 642 994 Dissiluit
664 934 816 995 nudo
848 959 1034 1018 pressa
1062 934 1148 996 bis
1175 960 1274 997 uva
1305 935 1458 1019 pede.
2015 963 2069 992 20

302 1027 415 1086 Nec
447 1028 670 1108 quaesita
701 1043 879 1090 tamen
909 1031 1087 1113 spatio
1117 1031 1377 1114 patientia
1402 1030 1571 1109 longo
1604 1045 1717 1099 est:

382 1123 654 1206 Mensque
681 1123 809 1184 mali
839 1148 1057 1186 sensum
1085 1141 1275 1187 nostra
1296 1128 1526 1187 recentis
1557 1127 1740 1186 habet.

301 1215 549 1290 Scilicet,
583 1233 636 1279 et
663 1234 868 1281 veteres
894 1221 1156 1298 fugiunt
1139 1246 1269 1302 juga
1298 1245 1458 1281 curva
1486 1222 1732 1302 juvenci·
1719 1267 1733 1292 ,

382 1314 459 1373 Et
489 1313 728 1375 domitus
755 1314 922 1376 sraeno
954 1340 1093 1400 saepe
1122 1331 1392 1400 repugnat
1420 1339 1612 1399 equus.

301 1413 540 1476 Tristior
571 1432 651 1478 est
675 1417 836 1479 etiam
866 1442 1105 1502 praesens
1132 1443 1368 1480 aerumna
1397 1419 1615 1502 priore:
2017 1436 2072 1478 25

386 1514 464 1573 Ut
491 1514 565 1575 sit
594 1515 738 1576 enim
766 1515 873 1577 sibi
905 1541 1027 1600 par,
1058 1517 1253 1589 crevit,
1285 1532 1339 1578 et
1363 1532 1520 1577 aucta
1547 1540 1699 1577 mora
1725 1530 1823 1576 est.

304 1608 418 1669 Nec
448 1623 558 1669 tam
585 1625 716 1671 nota
745 1611 906 1685 mihi,
940 1634 1103 1694 quam
1132 1627 1294 1684 suut,
1327 1612 1463 1672 mala
1492 1626 1680 1673 nostra
1712 1611 1963 1683 fuerunt3

386 1705 496 1766 Sed
524 1707 696 1784 magis
723 1707 859 1781 hoc,
894 1731 1006 1791 quo
1031 1724 1161 1770 sunt
1187 1708 1515 1819 cognitiora,
1543 1722 1782 1786 gravant.

309 1804 415 1863 Est
439 1827 661 1887 quoque
690 1828 804 1865 non
831 1805 966 1865 mini
969 1829 1149 1878 mum,
1178 1806 1318 1867 vires
1346 1806 1551 1867 adferre
1580 1819 1847 1877 recentes»,

385 1902 499 1961 Nec
529 1917 985 1985 praeconsumtum
1015 1903 1278 1986 temporis
1306 1926 1421 1965 esse
1455 1902 1628 1963 malis
2021 1918 2074 1960 30

306 1998 527 2060 Fortior
555 1999 615 2059 in
640 1998 787 2059 fulva
816 2022 994 2060 novus
1023 2014 1108 2059 est
1136 1999 1373 2060 luctator
1389 2022 1587 2073 arena,

307 2157 424 2201 ribus
438 2156 650 2202 accideret
661 2172 805 2202 sonus.
817 2156 988 2201 Lucret.
1005 2156 1043 2212 1,
1058 2159 1153 2213 572,

281 2223 286 2227 ”
307 2223 444 2266 validi
465 2225 641 2274 silei-esf
677 2221 924 2278 iterumque
951 2221 1016 2271 ll,
1052 2222 1154 2276 4483

307 2284 428 2329 idem
444 2285 502 2339 V,
523 2286 604 2340 314
618 2318 630 2339 ,
652 2302 733 2328 non
745 2301 860 2329 ruere
877 2289 1046 2329 avulsos
1060 2289 1157 2327 sili-

310 2365 409 2404 ces,·
442 2351 626 2406 Noster,
646 2352 758 2394 Met.
783 2351 854 2405 11,
879 2353 984 2407 708,
1016 2354 1062 2392 ιἰι
1077 2353 1157 2393 du-

309 2433 399 2460 rum
414 2419 594 2470 silicem,-
614 2425 659 2460 et
673 2417 781 2471 Vll,
808 2434 899 2474 107,
921 2419 1066 2459 silices
1083 2432 1158 2459 so-

311 2483 417 2534 lute·‚·
438 2497 580 2538 neque
602 2480 777 2524 invenio
796 2479 862 2523 his
882 2479 983 2523 locis
1003 2495 1156 2535 quem-

316 2559 446 2600 quam
459 2577 470 2599 ,
490 2544 737 2588 autlibrum
750 2577 762 2597 ,
781 2552 854 2587 aut
864 2543 1092 2586 hominem
1106 2543 1156 2586 li-

316 2619 407 2654 tem
418 2611 618 2663 movisse3
630 2610 701 2654 lib.
713 2610 798 2664 XI,
811 2609 908 2663 303,
921 2616 1081 2651 motura
1089 2611 1164 2652 du·

316 2693 384 2720 ros
403 2680 529 2720 verba
540 2679 701 2727 silices,
725 2675 799 2718 ubi
816 2677 944 2718 duras
959 2690 1071 2718 unus
1090 2689 1163 2718 so-

316 2738 546 2783 lummodo
572 2739 691 2782 liber.
720 2737 855 2782 Paulo
876 2746 977 2781 ante
1004 2737 1048 2780 in
1079 2752 1164 2780 eo-

319 2803 420 2847 dem
436 2836 448 2858 ,
471 2807 517 2847 in
531 2806 689 2859 rigidos
709 2819 868 2846 versum
893 2805 1063 2854 silices-5
1089 2800 1165 2845 sed

320 2869 408 2912 duo
429 2872 617 2925 rigidam
639 2885 727 2926 quo
754 2868 885 2911 etiam
912 2866 1046 2910 modo
1060 2882 1167 2910 nou·

318 2933 401 2978 nisi
421 2943 508 2979 tres
527 2934 597 2980 lib.
613 2935 698 2989 XI,
719 2950 829 2977 vers.
844 2935 896 2988 45
912 2949 922 2976 :
936 2932 1079 2976 caeteri
1094 2965 1106 2987 ,
1127 2940 1168 2976 tc

321 3001 452 3053 rigidi
465 3003 610 3043 silices
622 3016 636 3042 .·
653 3007 796 3043 sextus
814 3006 945 3041 restat
963 2997 1080 3042 locus
1097 2996 1168 3040 lib.

322 3063 387 3106 lx
401 3094 412 3116 ,
431 3063 528 3117 513,
542 3063 617 3107 ubi
625 3079 726 3107 sane
741 3062 970 3106 duodecim
991 3060 1167 3105 inlibris

322 3125 490 3169 invenit
512 3127 721 3171 Heinsius
733 3160 745 3182 ,
763 3129 923 3183 rigidas
941 3130 1101 3175 silices,
1126 3134 1171 3169 et

324 3192 415 3246 ubi,
428 3208 572 3248 neque
585 3193 700 3247 alibi,
724 3193 1029 3250 adstipulantes
1042 3192 1172 3237 habet

327 3257 602 3300 membranas
620 3266 800 3300 nostras.
826 3257 1029 3301 AUCTOR
1042 3256 1171 3300 ‘Eux-

328 3333 529 3365 crottum
559 3320 794 3365 E‘ronmzs.
1117 3367 1123 3374 ,

390 3385 450 3427 15.
469 3386 700 3441 Moestaque
720 3387 848 3428 corda
864 3387 988 3428 levat.
1014 3386 1177 3430 Domat

337 3451 562 3496 Barberin.
589 3460 634 3498 et
658 3449 952 3509 fragmentum
974 3450 1171 3498 vatican.

1237 2157 1372 2216 placet
1391 2175 1401 2202 z
1426 2159 1506 2216 Ep.
1526 2158 1723 2202 Phaedrae
1739 2191 1752 2211 ,
1779 2158 1878 2211 156,
1899 2153 2079 2214 dumque

1235 2227 1362 2268 corda
1376 2227 1514 2268 doma.
1530 2225 1696 2268 Huius.

1291 2307 1315 2331 ιι
1326 2306 1357 2332 ι.
1376 2292 1466 2333 Nec
1485 2295 1659 2345 quesita
1678 2296 1818 2331 tamen
1836 2290 1973 2341 spatio
1987 2302 2080 2341 pa-

1236 2355 1383 2394 tientia
1396 2355 1519 2406 longo
1537 2359 1613 2394 est.
1633 2353 1729 2393 Non
1748 2358 1950 2406 quassata
1969 2365 2082 2394 unus

1238 2414 1378 2458 Vatic.
1399 2423 1443 2458 et
1463 2414 1624 2458 Arond.
1644 2413 1723 2458 sed
1735 2414 1796 2457 nil
1812 2423 1945 2457 muta.

1275 2480 1338 2522 23,
1351 2481 1521 2522 Scc‘lt‘ce!
1531 2511 1542 2532 ,
1557 2486 1598 2522 et
1610 2487 1775 2522 veteres.
1790 2479 1908 2524 Dicit
1919 2480 2085 2524 malum.

1238 2552 1361 2587 vetus
1372 2544 1449 2587 sibi
1459 2545 1517 2587 ita
1531 2559 1682 2587 recens
1694 2543 1830 2587 videri
1846 2578 1858 2599 ,
1872 2545 2084 2602 quemad-

1240 2608 1424 2651 modum
1444 2608 1598 2666 jugum
1626 2609 1883 2665 plerumque
1907 2618 1951 2653 et
1978 2609 2084 2654 srae-

1241 2689 1350 2716 num
1369 2673 1561 2728 juvencis
1572 2681 1617 2716 et
1631 2673 1752 2729 equis
1768 2707 1781 2727 ,
1804 2675 1877 2730 qui
1892 2676 2085 2731 quamvis

1243 2736 1318 2780 diu
1338 2737 1416 2780 illis
1432 2737 1598 2780 adsueti
1613 2737 1802 2792 fuerint,
1825 2747 1971 2781 tamen
1986 2747 2088 2782 tan-

1244 2818 1375 2859 quam
1394 2818 1554 2846 novam
1574 2801 1814 2846 molestiam
1830 2803 2088 2860 plerumque

1243 2866 1459 2921 rejiciunt.
1489 2869 1603 2922 luga
1635 2883 1744 2922 sepe
1759 2867 1944 2921 juvenci.
1974 2870 2091 2922 Juga

1244 2947 1371 2974 curva
1383 2930 1490 2974 alter
1503 2931 1802 2988 Palat.placet:
1812 2931 1871 2974 ita
1882 2947 1992 2988 saepe
2003 2933 2091 2975 No·

1248 3005 1361 3059 ster:
1376 2996 1636 3053 quandoque
1657 3006 1701 3040 et
1714 2998 1999 3051 pandajuga‚·
2016 3013 2092 3040 su-

1247 3077 1323 3117 pra
1343 3060 1422 3103 hac
1436 3059 1583 3117 Elegia
1597 3094 1608 3115 ,
1623 3079 1644 3097 «
1661 3061 1833 3103 Praebet
1852 3069 1894 3102 et
1910 3060 2092 3104 incurvo

1248 3124 1353 3168 colia
1373 3124 1612 3179 premenda
1625 3125 1768 3180 jugo.»
1791 3124 1961 3167 Hssms.

1304 3203 1368 3246 ²9·
1390 3190 1475 3231 Est
1490 3203 1646 3244 quoque
1663 3204 1744 3230 non
1755 3191 1976 3230 minimum.
1996 3190 2093 3231 Non

1248 3256 1421 3297 nihilum
1434 3252 1868 3309 Rottendorphianus
1878 3268 1979 3296 cum
1993 3253 2096 3296 Lei-

1250 3318 1401 3372 densi,
1437 3326 1481 3360 et
1509 3316 1781 3361 Combianus
1810 3332 1892 3374 pro
1927 3317 2096 3360 diversa

1250 3382 1435 3428 lectione
1452 3399 1464 3434 ;
1487 3397 1570 3425 non
1587 3385 1759 3424 nimium
1780 3390 1969 3437 quatuor
1987 3382 2070 3424 alii.

1307 3447 1372 3491 31.
1390 3447 1554 3491 Fortior
1571 3449 1615 3490 in
1625 3445 1766 3503 sulca.
1792 3445 2008 3503 Exemplis
2028 3461 2101 3489 ar-
