2280 3776
239 308 345 360 318

706 307 771 359 P.
817 306 1110 361 OVIDII
1148 306 1523 364 NASONIS

238 421 354 501 Qui
383 421 596 503 rapitur
624 420 752 480 fatis
771 467 784 491 ‚
818 419 950 501 quid
981 436 1174 502 praeter
1200 422 1308 483 fata
1335 425 1575 506 requirat
1598 427 1622 485 Ρ

318 519 469 600 Saepe
501 532 646 576 creat
674 515 866 575 molles
896 540 1081 600 aspera
1113 517 1266 601 spina
1295 543 1463 580 rosas.

242 617 356 695 Qui
386 615 601 697 rapitur
627 630 916 697 spumante
943 615 1056 676 salo
1075 663 1089 688 ‚
1121 640 1216 677 sua
1248 617 1469 678 brachia
1501 620 1645 679 cauti
1952 639 2004 680 35

318 711 589 788 Porrigit‚
633 727 688 771 et
718 712 903 794 spinas
930 713 1173 795 duraque
1203 738 1324 774 saxa
1355 716 1515 797 capit.

241 807 576 889 Accipitrem
607 823 855 869 metuens
886 811 1082 892 pennis
1111 809 1512 891 trepidantibus
1540 811 1647 873 ales

319 902 506 962 Audet
533 902 598 962 ad
630 903 896 965 humanos
924 905 1062 966 fessa
1093 906 1272 965 venire
1304 906 1491 967 sinus:

239 1001 351 1059 Nec
380 1020 437 1057 se
467 999 647 1058 vicino
677 1000 893 1060 dubitat
922 1001 1259 1061 committere
1290 1015 1432 1061 tecto
1450 1049 1465 1074 ‚

323 1099 463 1176 Quae
489 1097 629 1175 fugit
657 1099 886 1159 infestos
915 1101 1101 1159 territa
1133 1123 1287 1160 cerva
1319 1123 1495 1161 canes.
1956 1122 2011 1177 40

245 1196 362 1264 Da,
393 1217 612 1275 precor,
635 1218 910 1255 accessum
940 1195 1231 1277 lacrymis.,
1264 1197 1572 1268 mitissime,
1603 1198 1838 1272 nostriS,

326 1294 439 1350 Nec
468 1290 700 1368 rigidam
730 1292 935 1350 timidis
964 1292 1192 1351 vocibus
1225 1293 1369 1352 obde
1397 1293 1566 1353 sorem
1591 1319 1603 1364 ;

243 1387 537 1470 Verbaque
563 1402 749 1447 nostra
775 1388 960 1447 favens
989 1391 1238 1449 Romana
1264 1389 1330 1449 ad
1359 1391 1581 1450 numina
1611 1391 1809 1474 perfer,

323 1485 454 1542 Non
482 1482 584 1541 tibi
612 1481 849 1563 Tarpeio
879 1482 1026 1542 culta
1057 1498 1286 1545 tonante
1310 1486 1492 1546 minus
1518 1510 1531 1546 :

248 1582 610 1663 Mandatique
638 1580 745 1640 mei
775 1579 986 1658 legatus
1016 1582 1229 1665 suscipe
1259 1606 1472 1643 causam
1498 1607 1511 1653 ;
1760 1570 1763 1573 ¹
1963 1599 2019 1656 45

327 1676 492 1737 Nulla
519 1699 641 1736 meo
671 1674 916 1758 quamvis
948 1676 1171 1736 nomine
1201 1700 1356 1738 causa
1388 1677 1534 1737 bona
1565 1690 1661 1736 est.

248 1774 371 1832 Jam
403 1795 585 1854 prope·
608 1769 921 1853 deposituS‚
954 1785 1097 1830 certe
1120 1772 1229 1853 jam
1259 1772 1523 1849 frigidus,
1553 1795 1692 1850 aegre

304 1927 369 1968 33.
396 1926 483 1979 Qui
496 1928 656 1979 rapitur
660 1923 789 1977 salic.
812 1924 1022 1966 Nonnulli
1045 1941 1095 1967 ex

251 1991 438 2050 antiquis
477 1991 686 2034 omittunt
722 1990 805 2033 hoc
842 1990 1055 2034 distichon
1081 2008 1093 2043 ;

252 2056 429 2114 quidam
443 2055 702 2111 proximum.
725 2053 809 2096 Atii
821 2070 871 2096 ex
887 2055 1095 2097 ambobus

250 2137 392 2165 unum
427 2120 592 2162 faciunt
627 2128 813 2174 utroque
847 2119 1095 2161 mediorum

251 2200 457 2230 versuum
475 2183 646 2226 omisso.
662 2182 757 2238 Ego
778 2191 1012 2237 utrumque
1029 2182 1097 2224 di-

252 2250 421 2295 stichon
457 2246 731 2304 superfluum
770 2255 814 2288 et
854 2245 1097 2287 tollendum

255 2331 345 2359 esse
366 2329 532 2356 censeo.
553 2309 685 2353 Certe
701 2310 748 2351 in
763 2309 1024 2351 Sar-raviano
1040 2308 1098 2351 ita

252 2379 477 2437 legebatur
498 2393 507 2419 :
530 2394 551 2412 «ι
572 2374 665 2430 Qui
679 2373 892 2429 rapitur...
907 2373 1099 2429 Porrigit

256 2455 301 2489 et
318 2445 461 2502 spinas
487 2442 683 2497 duraque
708 2456 829 2491 saxa;
862 2458 883 2477 »
905 2439 1024 2482 hiatu
1051 2438 1097 2481 in

256 2511 399 2568 priore
415 2524 462 2550 ac
478 2506 714 2564 posteriore
727 2521 854 2548 versu
869 2503 1029 2548 relicto.
1039 2505 1099 2548 H.

258 2601 313 2609 —
340 2573 655 2629 Zinzerlingius
681 2605 692 2625 ,
726 2572 942 2614 Promuls.
967 2571 1100 2615 critic.

257 2659 347 2698 cap.
368 2640 512 2692 XLV,
535 2654 587 2680 eo
604 2637 802 2689 inclinat,
825 2645 872 2679 ut
891 2637 1102 2693 posterius

258 2704 472 2749 distichon
493 2711 635 2745 totum
657 2700 848 2755 abjiciat,
867 2701 983 2757 quod
1008 2717 1102 2757 pro-

259 2784 456 2813 manasse
474 2784 525 2810 ex
538 2766 683 2822 priore
705 2765 866 2808 credit:
889 2766 958 2808 cui
978 2765 1102 2808 facile

261 2832 762 2888 accedimus,admodum
769 2833 978 2888 probante
993 2833 1105 2876 Bur-

260 2917 438 2945 manno.

316 2971 380 3022 34.
391 2970 571 3023 Por-ugit
581 2969 645 3008 ad
648 2970 794 3020 spinas
804 2967 984 3021 dumque
995 2980 1104 3007 saxa

262 3051 422 3079 monus.
449 3034 541 3089 Qui
559 3066 570 3084 ‚
599 3032 769 3088 inquit,
791 3031 890 3075 fatis
908 3031 1074 3088 rapitur
1090 3062 1102 3084 ,

261 3100 369 3144 solet
399 3101 655 3154 cuicumque
679 3098 774 3140 loco
797 3096 928 3140 etiarn
955 3110 1104 3152 aspero

263 3179 417 3207 manus
436 3164 666 3205 admovere
680 3195 691 3215 ,
712 3170 761 3204 ut
779 3163 920 3217 majus
940 3160 1106 3216 pericu-

264 3230 357 3273 lum
388 3229 530 3271 evitet.
559 3230 613 3271 In
636 3229 923 3272 vetustissimo
949 3242 1104 3270 exem—

264 3295 372 3353 plari
398 3295 478 3337 hoc
499 3311 674 3338 carmen
696 3297 754 3338 ita
776 3296 935 3351 legitur
953 3327 964 3348 ,
995 3296 1107 3349 Saepc
1163 3321 1166 3324 -

266 3369 382 3405 creat
401 3363 543 3402 molles
564 3375 716 3414 aspera
739 3365 862 3413 spina
879 3374 1027 3408 rosas,·
1057 3365 1108 3401 ut

265 3426 321 3470 sit
350 3441 498 3469 sensus
520 3440 530 3468 ε
551 3441 601 3468 ex
625 3424 757 3479 spinis
781 3439 892 3479 saepe
919 3422 1108 3467 nascitur

1175 1941 1271 1967 rosa
1286 1958 1296 1978 ,
1315 1924 1396 1968 hoc
1411 1932 1474 1968 est
1486 1959 1496 1971 ,
1521 1939 1571 1966 ex
1591 1921 1696 1968 tristi
1719 1923 1809 1965 fato
1826 1921 2022 1978 plerum-

1178 2007 1262 2046 que
1282 1991 1471 2034 nascitur
1498 1990 1658 2032 laetum.
1688 1989 1862 2045 Quibus
1882 1989 2022 2033 verbis

1180 2055 1396 2111 designat,
1416 2071 1536 2111 posse
1551 2054 1742 2098 accidere
1759 2087 1770 2107 ,
1783 2063 1830 2096 ut
1845 2053 2022 2096 adversa

1178 2128 1317 2176 poetae
1334 2118 1512 2162 fortuna
1527 2152 1538 2172 ,
1560 2119 1593 2162 si
1609 2118 1856 2174 confugerit
1875 2117 1926 2160 ad
1943 2118 2025 2160 ho-

1179 2193 1262 2227 stes
1278 2183 1472 2226 offensos
1484 2217 1496 2236 ,
1517 2192 1713 2226 mutetur
1728 2184 1770 2225 in
1787 2182 1955 2227 melius.

1235 2250 1300 2305 87.
1317 2251 1588 2303 rAch‘pitrem
1620 2257 1810 2290 metucns.
1842 2249 2027 2301 Acctjm'-

1179 2322 1359 2368 tremque
1387 2318 1536 2357 timens
1568 2313 1825 2356 vetustiores
1847 2328 1858 2362 ;
1891 2310 1966 2354 sed
1990 2310 2027 2354 si

1180 2378 1425 2434 superiores
1443 2395 1590 2421 versus
1608 2377 1828 2429 tollantur,
1838 2377 2027 2433 =vulgatae

1181 2443 1356 2485 lectioni
1387 2458 1477 2485 non
1507 2451 1571 2486 est
1595 2440 1811 2484 movenda
1837 2450 2026 2484 contro-

1183 2507 1332 2550 versia.
1359 2509 1522 2551 Hmns.

1237 2573 1303 2616 38.
1325 2574 1470 2615 Audet
1482 2577 1527 2615 in
1547 2574 1763 2615 humanos.
1785 2573 1865 2615 Ad
1879 2573 2028 2612 buma-

1182 2654 1260 2681 nos
1280 2638 1440 2694 scripti.
1464 2639 1629 2681 Hssms.

1238 2706 1303 2758 4ο.
1322 2704 1506 2760 Infestos
1525 2718 1662 2746 canes.
1683 2700 1869 2755 Infestos
1885 2698 2024 2741 Com-

1182 2769 1242 2811 bii
1259 2778 1302 2812 et
1319 2768 1484 2812 Feschii
1501 2801 1512 2822 ,
1536 2777 1584 2810 ut
1595 2783 1705 2823 saepe
1720 2765 1816 2808 alibi
1838 2772 1998 2806 noster.

1241 2837 1308 2889 42.
1337 2837 1514 2877 Vocibus
1530 2835 1634 2875 obde
1638 2831 1788 2885 sorem.
1820 2831 1937 2872 obde
1956 2843 2026 2871 se-

1183 2916 1273 2943 ram
1293 2908 1460 2941 veteres
1479 2898 1685 2953 quinque.

1240 2967 1306 3019 44.
1340 2965 1516 3016 Tarpeio
1541 2969 1720 3004 tonante.
1744 2960 1855 3003 Jove
1882 2958 2025 3016 Capi-

1185 3029 1333 3072 tolino.
1358 3027 1470 3069 Vide
1487 3027 1610 3082 Virg.
1628 3026 1730 3069 AEn.
1751 3026 1891 3078 VIII,
1912 3025 1991 3067 652
2012 3041 2025 3077 ;

1186 3093 1414 3135 et-Lucan.
1431 3091 1579 3134 Phars.
1600 3091 1645 3145 I,
1674 3091 1774 3148 1963
1797 3089 1854 3143 V,
1877 3088 1971 3131 306.

1241 3162 1306 3214 45.
1328 3162 1512 3215 Legatos
1530 3168 1610 3203 etc.
1625 3158 1710 3200 Vel
1729 3156 1914 3199 nuncius
1927 3189 1939 3210 ‚
1958 3153 2026 3196 vel

1188 3235 1348 3268 orator.

1243 3293 1306 3345 47.
1326 3292 1426 3334 ιΙαιιι
1444 3306 1573 3345 prope
1598 3291 1822 3345 depositus.
1855 3284 2024 3329 Confe-

1187 3365 1295 3408 ctus,
1311 3356 1591 3408 exanimatus,
1604 3351 2024 3411 sepultuszsicPIaut.

1196 3423 1300 3464 Vino
1314 3423 1538 3477 depositus,
1558 3419 1602 3462 id
1616 3427 1703 3474 est,
1719 3417 1838 3462 Vino
1850 3414 2025 3471 sopitus.
