2280 3776
411 251 1710 339 TRJSTIURIIJB.IV.ELEG.IL

1838 255 1941 330 159

182 407 1927 439 W
1960 405 1965 409 ⁵

793 526 1184 598 ELEGIA
1235 527 1337 596 ΙΙ.

728 817 1409 875 ARGUMENTUM.

184 959 410 1004 Tiberium
431 958 735 1003 Germanicam
762 956 1083 1015 expeditionem
1116 955 1345 1013 suscepisse
1361 988 1373 1009 ,
1397 954 1442 998 in
1464 953 1687 1014 Scythiam
1706 953 1759 996 ad
1782 962 1954 1010 poetam

235 1030 354 1073 fama
389 1029 637 1087 pertulerat.
670 1028 787 1073 Dicit
815 1043 947 1086 ergo,
978 1027 1202 1072 victoriam
1233 1026 1413 1071 sortasse
1440 1026 1492 1070 ab
1522 1042 1576 1071 eo
1603 1033 1769 1083 partam
1790 1023 1919 1069 fuisse
1939 1055 1954 1076 ,

236 1113 373 1155 quum
392 1098 484 1143 haec
501 1099 709 1143 scriberet
730 1114 739 1142 t
762 1098 854 1155 ejus
879 1107 1026 1142 autem
1056 1097 1279 1155 triumpho
1302 1114 1346 1142 se
1373 1106 1521 1141 mente
1548 1097 1752 1141 interesse
1768 1130 1779 1151 ,
1803 1112 1953 1154 quan—-

237 1166 475 1224 doquidem
499 1183 679 1224 corpore
702 1182 794 1210 non
816 1167 945 1223 possit
966 1183 975 1210 :
999 1166 1114 1224 quod
1137 1167 1169 1211 si
1192 1168 1286 1224 quis
1308 1167 1345 1210 ei
1364 1166 1574 1224 triumphi
1604 1166 1792 1209 formam
1822 1175 1953 1210 retu—

234 1239 333 1282 lerit
354 1271 366 1293 ,
401 1238 596 1295 quamvis
630 1253 755 1291 ser0,
788 1246 934 1281 tamen
969 1237 1161 1282 ostendit
1191 1253 1235 1280 se
1274 1235 1527 1279 auditurum
1560 1245 1679 1280 tanta
1710 1236 1877 1289 laetitia,
1903 1246 1953 1280 nt

234 1306 460 1364 proprium
491 1305 821 1350 incommodum
841 1305 894 1349 sit
915 1304 1238 1362 posthabiturus
1257 1303 1437 1362 publicae
1457 1304 1626 1350 laetitiae.

185 1439 339 1526 JAM
367 1463 479 1525 fera
504 1464 811 1526 Caesaribus
844 1466 1163 1536 Germania,
1195 1479 1346 1526 totus
1374 1479 1439 1525 ut
1469 1465 1652 1532 orbis,

264 1562 424 1624 Victa
451 1578 611 1646 potes
637 1563 776 1623 flexo
807 1563 1159 1625 succubuisse
1184 1586 1323 1642 genu
1350 1588 1363 1623 ε

187 1657 424 1742 Altaque
449 1657 696 1718 velentur
723 1659 953 1720 fortasse
984 1657 1189 1718 Palatia
1218 1659 1375 1719 sertis
1398 1684 1412 1731 ;

266 1755 521 1836 Turaque
552 1753 607 1813 in
633 1753 757 1831 igne
789 1768 1011 1826 sonent,
1041 1753 1395 1836 inficiantque
1421 1754 1593 1826 diem3

187 1847 562 1931 Candidaque,
593 1849 826 1908 adducta
855 1847 1056 1908 collum
1085 1871 1342 1931 percussa
1372 1849 1575 1922 securi,

261 1945 497 2006 Victima
522 1968 802 2029 purpureo
833 1945 1095 2023 sanguine
1128 1946 1301 2024 tingat
1330 1945 1598 2006 humum:

183 2040 484 2123 Donaque,
515 2039 813 2100 amicorum
844 2038 1062 2123 templis
1092 2041 1361 2124 promissa
1388 2040 1631 2102 Deorum
1650 2088 1666 2117 ,

263 2138 516 2200 Reddere
542 2138 774 2199 victores
808 2138 988 2199 Caesar
1009 2152 1237 2222 uterque
1264 2152 1490 2221 parent3

242 2289 278 2318 ι.
294 2275 395 2318 Jam
404 2274 505 2329 fera
527 2275 760 2320 Cesaribus
786 2275 1024 2318 Germania.

184 2336 254 2381 De
280 2338 444 2383 Tiberii
474 2339 744 2396 expeditione
776 2339 1024 2397 intelligen-

187 2403 293 2446 dum
308 2436 322 2460 ,ἢ
340 2419 431 2447 non
457 2403 604 2448 Drusi.
630 2404 747 2447 ‘Nam
771 2404 841 2447 bic
864 2403 1027 2460 aliquot

188 2468 311 2512 annis
337 2477 436 2512 ante
463 2467 509 2511 in
534 2468 775 2512 Germania
804 2469 992 2525 perierat
1011 2502 1024 2524 ‚

141 2555 145 2557 -
188 2549 319 2590 quam
340 2540 467 2589 poeta
481 2533 694 2590 relegatus
709 2531 806 2575 fuit.
828 2533 998 2576 an.

245 2615 285 2640 2.
313 2598 436 2642 Victa
446 2605 602 2653 potest.
631 2598 757 2641 Potes
781 2597 1025 2656 Hamburg.

187 2671 234 2707 et
252 2671 340 2708 tres
361 2660 441 2706 alii.
465 2663 524 2705 H.

157 2745 169 2761 ¹
243 2730 281 2773 3.
301 2729 488 2786 Altaque
510 2731 711 2772 velantur.
747 2731 960 2778 Velentur‚
984 2737 1028 2771 et

188 2809 288 2837 mox
307 2802 454 2838 sonent
475 2802 519 2838 et
542 2797 807 2852 inficiantque
826 2795 1027 2838 meliores

188 2858 344 2915 scripti.
368 2861 427 2903 H.

183 2920 190 2926 ’
241 2924 280 2978 4.
307 2924 491 2980 Turaque
513 2929 558 2967 e'n
595 2928 690 2980 igne
719 2933 876 2967 sonent.
906 2923 1027 2967 Tura

189 2986 320 3030 etiam
344 2992 599 3032 crementur
623 2988 673 3031 in
701 2988 871 3045 templis
895 2988 1026 3031 Deo—

190 3067 291 3095 rum
323 3053 646 3098 immortalium.
681 3078 734 3088 —-
758 3057 1029 3111 Inficiantque

190 3120 312 3159 diem.
343 3116 473 3160 Diem
504 3118 629 3161 fumo
659 3120 889 3163 obscurum
916 3119 1027 3162 red-

190 3181 317 3236 dant,
341 3190 386 3225 et
405 3181 634 3226 offuscent.

244 3249 282 3290 5.
316 3248 516 3290 Adducta
543 3252 687 3291 securi.
718 3247 915 3291 Reducta
938 3281 950 3303 ,
980 3258 1029 3293 ut

192 3312 387 3369 graviore
403 3311 563 3355 incidat
582 3312 774 3369 pondere
792 3331 802 3363 ς
829 3315 950 3370 Virg.
970 3314 1025 3365 V,

194 3377 272 3430 478
295 3390 305 3419 2
330 3393 353 3415 «
378 3374 592 3433 durosque
628 3377 806 3422 reducta
838 3378 1029 3424 Libravit

1107 2274 1257 2319 dextra
1276 2276 1422 2320 media
1443 2276 1559 2319 inter
1578 2291 1743 2320 cornua
1758 2283 1911 2320 cestus.
1929 2295 1950 2315 »ι

1163 2343 1200 2382 5.
1222 2341 1428 2395 Sanguine
1450 2345 1578 2396 tingit
1594 2343 1770 2384 humum.
1799 2342 1955 2396 Tinga!

1108 2421 1209 2450 cum
1230 2407 1358 2462 prim.
1382 2406 1522 2449 Vatic.
1544 2406 1672 2449 multi
1693 2405 1762 2449 alii
1777 2411 1947 2462 μψστ,-

1108 2471 1222 2528 quod
1235 2472 1463 2516 Gronovio
1478 2473 1670 2530 placebat
1686 2508 1698 2528 ,
1720 2472 1950 2518 observat.

1106 2535 1177 2579 lib.
1201 2537 1248 2591 I,
1269 2554 1360 2594 cap.
1387 2538 1457 2589 13;
1482 2554 1583 2581 mox
1593 2547 1748 2594 patent
1763 2555 1843 2597 pro
1855 2557 1950 2596 pa-

1105 2610 1204 2643 rant
1220 2617 1319 2645 cum
1342 2603 1587 2661 Hamburg.
1610 2613 1655 2647 et
1673 2620 1763 2647 uno
1787 2605 1950 2649 Italico.

1165 2683 1199 2720 7.
1214 2669 1430 2724 Donaque,
1448 2674 1685 2713 amicorum.
1695 2669 1842 2723 Dona,
1855 2687 1952 2726 quae

1107 2733 1390 2789 imperatores
1423 2735 1595 2792 templis
1637 2735 1836 2779 Deorum
1870 2736 1951 2780 sibi

1106 2798 1349 2843 faventium
1374 2817 1384 2850 ;
1420 2800 1487 2842 vel
1518 2799 1635 2843 'dona
1674 2802 1945 2857 amicorum,

1109 2878 1203 2920 quae
1223 2879 1302 2919 pro
1330 2863 1661 2920 imperatoribus
1687 2866 1811 2910 amici
1833 2868 1951 2924 ipso-—

1109 2945 1206 2971 rum
1234 2929 1327 2971 Diis
1348 2929 1650 2985 promiserant.
1670 2930 1950 2988 P.-Virgit.

1110 2992 1375 3048 AEn.vl11,
1402 3008 1481 3049 720
1501 3010 1579 3051 sqq
1603 3011 1613 3038 :
1637 3013 1658 3032 «
1679 2996 1774 3051 Ipse
1794 2996 1951 3042 sedens

1108 3060 1237 3102 niveo
1247 3058 1469 3102 candentis
1479 3059 1627 3101 limine
1640 3058 1808 3114 Phoebi,
1820 3059 1951 3103 Dona

1109 3121 1375 3178 recognoscit
1409 3122 1670 3179 populorum
1693 3155 1705 3177 ‚
1746 3133 1949 3180 aptatque

1107 3187 1301 3244 superbis
1322 3187 1521 3230 Postibus
1550 3203 1560 3230 :
1589 3186 1800 3231 incedunt
1828 3189 1951 3233 victae
1985 3194 1990 3199 ’

1107 3252 1238 3309 longo
1259 3251 1411 3295 ordine
1437 3261 1598 3308 gentes.
1627 3271 1647 3291 »ι

1164 3318 1200 3360 8.
1221 3318 1397 3374 Uterque
1414 3318 1563 3362 Cesar.
1578 3318 1798 3376 Augustus
1813 3318 1950 3362 et'Ti-

1106 3381 1265 3424 berius.
