2280 3776
287 335 394 404 458

773 337 836 388 P.
884 333 1187 390 OVIDII
1232 331 1606 387 NASONIS

367 452 608 533 Vimque
633 451 834 510 fretum
862 447 1038 509 multo
1066 447 1249 532 perdit
1276 448 1347 508 ab
1377 471 1533 508 amne
1563 470 1734 507 suam.

286 549 410 608 Huc
428 551 623 628 LycuS‚
639 545 748 604 huc
767 543 1001 623 Sagaris,
1019 545 1350 628 Peniusque,
1370 544 1746 627 Hypanisque,
1762 541 2059 627 Cratesque

362 643 576 713 Influit,
613 657 668 701 et
695 641 890 702 crebro
918 643 1121 703 vortice
1147 657 1328 702 tortus
1360 641 1561 724 Halys:

280 739 717 820 Partheniusque
744 762 941 821 rapax,
975 753 1028 798 et
1056 738 1279 800 volvens
1306 762 1433 799 saxa
1461 739 1714 820 Cynapes

364 837 628 907 Labitur3
663 849 716 895 et
747 833 902 894 nullo
933 835 1141 894 tardior
1168 858 1323 894 amne
1352 835 1545 916 Tyras.
2006 847 2061 887 50

284 933 357 992 Et
385 946 445 991 tu
464 979 479 1004 ‚
507 931 748 990 femineae
773 929 1132 990 Thermodon
1162 928 1382 1007 cognite
1411 942 1634 998 turmae3

364 1030 439 1087 Et
467 1026 746 1110 quondam
777 1026 985 1097 Graii-s,
1014 1026 1214 1099 Phasi,
1246 1025 1416 1109 petite
1443 1024 1589 1085 viris.

338 1181 404 1234 46.
424 1183 570 1224 Perdit
580 1184 664 1223 vim
678 1197 810 1223 suam.
825 1181 925 1223 Non
942 1189 1006 1223 est
1018 1196 1131 1222 ama-

282 1261 384 1287 rum
401 1279 412 1300 ‚
438 1245 576 1288 immo
603 1245 727 1289 dulce
751 1278 763 1299 ‚
798 1255 844 1289 et
875 1246 1131 1302 congelatur

282 1320 433 1354 contra
463 1311 595 1354 maris
617 1319 852 1361 naturam3
889 1310 986 1354 vide
1013 1310 1129 1354 Gel-

279 1378 389 1421 lium
406 1412 417 1433 ,
440 1378 511 1422 lib.
530 1378 641 1420 XVI
658 1410 670 1431 ,
692 1393 784 1432 cap.
807 1379 844 1420 8.

334 1446 399 1500 47.
427 1445 526 1486 Huc
545 1445 684 1500 Lycus
703 1444 852 1498 influit.
878 1441 1019 1500 Lycus
1042 1440 1130 1485 flu-

281 1507 374 1550 vius
388 1506 546 1550 labitur
566 1507 611 1549 in
626 1506 710 1549 hoc
726 1521 847 1548 mare
865 1505 1101 1548 Ponticum
1115 1537 1127 1559 ,

280 1580 324 1614 et
342 1571 443 1615 ideo
462 1571 731 1627 congelatur.
759 1571 838 1614 Est
861 1578 1008 1613 autem
1039 1571 1132 1627 Ly-

275 1656 352 1682 -cus
362 1638 760 1682 ssuviusArmeniae.
777 1637 935 1682 Strabo
948 1670 959 1690 ,
984 1655 1005 1674 «
1017 1636 1132 1679 Mul-

279 1703 310 1745 ti
327 1736 339 1756 ‚
361 1704 527 1760 inquit,
542 1719 694 1746 amnes
708 1702 873 1746 suntin
888 1700 1099 1744 Armenia
1117 1716 1128 1752 ;

278 1768 354 1812 sed
382 1769 604 1812 clarissimi
631 1767 783 1812 Phasis
814 1776 858 1810 et
882 1767 1052 1826 Lycus,
1083 1766 1132 1809 in

280 1849 401 1876 mare
415 1834 651 1876 Ponticum
679 1841 902 1875 exeuntes.
924 1850 946 1869 »
964 1855 1017 1863 —
1038 1832 1134 1874 Huc

280 1899 463 1952 Sagaris.
474 1898 525 1940 In
537 1897 800 1941 oraPontica
812 1906 908 1954 post
917 1896 1133 1954 Bosphori

278 1961 426 2005 fauces
442 1971 485 2005 et
497 1963 695 2006 Rhesum
712 1978 889 2005 amnem
903 1994 915 2016 ,
937 1971 1132 2017 portum-

281 2044 366 2085 que
389 2027 546 2084 Calpas
560 2061 572 2082 ,
593 2037 657 2071 est
671 2028 842 2084 Sagaris
861 2028 1043 2081 fluvius,
1065 2044 1133 2070 or-

279 2103 350 2138 tus
364 2095 410 2137 in
423 2094 969 2153 Phrygia—Hypanisque.
985 2093 1131 2152 Hypa-

279 2158 348 2202 nis
365 2192 377 2214 ‚
409 2159 567 2202 fluvius
598 2168 663 2203 est
689 2159 878 2218 Scythiae
902 2175 954 2202 ex
974 2174 1132 2214 magna

279 2223 438 2282 palude
462 2223 686 2280 profluens
710 2256 722 2278 ,
754 2233 805 2267 ut
833 2223 960 2266 docet
982 2224 1134 2266 Hero-

279 2290 719 2346 dotus.--Cratesque.
743 2289 926 2333 cratem
947 2288 1133 2345 fluvium

282 2355 336 2398 ad
356 2371 479 2398 oram
492 2355 723 2399 Ponticam
736 2354 892 2408 fluere,
903 2353 974 2398 hic
987 2353 1135 2397 innuit

283 2418 485 2463 Ovidius.
505 2419 601 2476 Ego
619 2419 729 2463 nihil
748 2428 1026 2476 compertum
1044 2419 1132 2462 ha—

277 2484 434 2528 beo.-·
454 2488 696 2541 Peniusque,
717 2487 1015 2543 Hypanusque‚
1031 2485 1134 2528 Ora-

276 2560 428 2608 tesque.
438 2552 668 2607 Peniusque
679 2550 815 2594 codex
828 2549 948 2593 Petri
963 2549 1104 2592 Servii
1119 2566 1130 2601 ;

281 2621 556 2676 Hypanisque
569 2616 702 2660 etiam
722 2615 1005 2661 scribendum
1023 2633 1073 2659 ex
1085 2615 1135 2658 li-

281 2681 370 2724 bris
391 2681 602 2737 antiquis;
625 2680 699 2737 qui
712 2680 962 2724 notissimus
977 2688 1041 2724 est
1054 2677 1134 2722 flu-

277 2745 372 2789 vius
400 2762 410 2789 ε
445 2761 525 2802 pro
555 2747 782 2802 Oratesque
809 2754 979 2789 veteres
1000 2744 1134 2802 pleri-

282 2827 367 2867 que
382 2843 393 2864 ,
414 2813 658 2867 Cratesque;
678 2811 881 2853 nonnulli
905 2812 1130 2867 Caresque,

281 2876 351 2920 vel
372 2880 578 2933 Calesque
603 2895 615 2920 :
647 2877 764 2922 unde
786 2887 902 2921 recte
923 2878 990 2920 vir
1012 2893 1134 2921 sum-

281 2958 380 2986 mus
400 2944 568 2987 Isaacus
590 2943 768 2987 Vossius
783 2976 795 2997 ,
822 2941 1132 3000 reponendum

282 3023 373 3050 esse
406 3023 477 3050 me
509 3008 681 3051 monuit
705 3041 716 3062 ,
755 3010 968 3064 Calesque.
1001 3010 1132 3060 Κάλης

283 3076 403 3120 enim
424 3076 581 3120 fluvius
609 3085 674 3120 est
697 3075 829 3134 hujus
856 3084 1016 3120 tractus
1037 3075 1132 3119 Eu-

281 3143 438 3186 stathio
454 3143 636 3187 Scholiis
649 3143 695 3185 in
712 3144 986 3199 Periegeten.
997 3143 1134 3198 Κάληξ

280 3215 345 3249 εει
358 3207 622 3266 Thucydidi,
634 3209 704 3252 lib.
719 3207 804 3262 IV,
821 3210 1012 3263 Λάμαχος
1033 3211 1067 3252 ἓν
1084 3216 1131 3258 τῆ

278 3264 536 3335 Ιίρακλεώτιδι
561 3278 716 3336 ὁρμίσας
739 3278 773 3324 ἒς
795 3277 856 3319 τᾶν
878 3276 1038 3325 Kouma:
1060 3293 1133 3316 πο-

284 3341 433 3392 ταμέυς
461 3338 536 3380 ubi
561 3338 764 3381 describit
786 3337 991 3381 Lamachi
1022 3337 1131 3381 clas-

280 3419 374 3446 sem
397 3403 565 3458 impetu
595 3402 717 3445 fluvii
747 3403 960 3445 amissam:
985 3402 1027 3441 V
1030 3402 1131 3445 aler.

282 3468 459 3513 Flaccus
476 3501 487 3522 ,
522 3469 592 3512 lib.
614 3468 680 3512 IV
703 3484 712 3510 :
737 3486 758 3506 «
787 3468 910 3524 Quas
940 3469 1101 3511 Tana'i's
1117 3499 1129 3519 ‚

1212 1182 1435 1239 flavusque
1453 1180 1580 1225 Cales
1594 1214 1605 1235 ,
1627 1179 1914 1239 Hypanisque
1929 1209 1942 1231 ‚
1960 1177 2060 1221 Me-

1211 1247 1359 1303 lasque
1380 1246 1528 1290 Addat
1542 1262 1646 1302 opes
1661 1262 1673 1296 ς
1692 1263 1713 1284 »
1733 1244 1793 1288 sic
1809 1252 1916 1300 puto
1934 1242 2061 1286 casti-

1213 1312 1431 1371 gandum3
1454 1327 1559 1355 nam
1575 1312 1713 1370 Lyces
1730 1308 1877 1352 nullus
1894 1317 1958 1351 est
1973 1307 2060 1350 flu·

1211 1378 1304 1421 vius
1316 1410 1328 1432 ,
1351 1376 1433 1422 nisi
1451 1376 1575 1419 malis
1597 1378 1744 1432 Tyras,
1758 1374 1883 1430 cujus
1902 1382 1946 1416 et
1964 1373 2060 1417 No-

1210 1451 1301 1487 ster
1332 1443 1403 1487 hie
1423 1439 1640 1486 meminit.
1673 1441 1789 1484 Nam
1816 1438 2059 1490 Maserius,

1213 1506 1377 1552 Valerii
1401 1507 1616 1563 interpres
1630 1538 1642 1558 ‚
1676 1512 1801 1547 notat
1823 1505 1950 1560 Tyres
1970 1517 2060 1544 esse

1211 1573 1258 1616 in
1278 1571 1504 1615 nonnullis
1523 1570 1755 1614 codicibus.
1778 1568 1948 1611 HEINS.

1268 1638 1334 1691 48.
1355 1639 1507 1695 Halys.
1526 1635 1664 1693 Halys
1691 1633 1850 1676 fluvius
1879 1639 1945 1675 est
1972 1629 2062 1673 de-

1212 1717 1392 1745 currens
1418 1716 1442 1743 a
1468 1698 1683 1743 radicibus
1709 1697 1847 1741 Tauri
1871 1713 1951 1755 per
1970 1695 2060 1739 Ca-

1208 1768 1403 1812 taoniam
1422 1766 1834 1825 Cappadociamque
1852 1797 1864 1819 ,
1884 1772 1935 1807 ut
1954 1760 2059 1807 scri·

1209 1835 1273 1879 bit
1296 1834 1476 1879 Plinius.

1267 1902 1332 1960 49.
1344 1902 1605 1944 Parthenius.
1619 1897 1884 1943 Parthenius
1901 1894 2061 1939 fluvius

1211 1974 1275 2010 est
1305 1964 1639 2022 Paphlagonum
1662 1997 1674 2017 ,
1710 1961 1917 2006 Carambi
1949 1975 2061 2017 pro-

1210 2031 1434 2075 montorio
1454 2031 1701 2087 proximus,
1728 2036 1779 2072 ut
1798 2026 1946 2071 scribit
1970 2025 2061 2069 Pli-

1210 2098 1336 2149 nius;
1360 2096 1560 2154 caditque
1588 2096 1635 2139 in
1659 2095 1868 2139 Pontum.
1888 2115 1943 2126 -
1962 2094 2059 2134 Ba-

1203 2179 1353 2219 pacem
1370 2171 1517 2205 autem
1537 2159 1723 2217 adpellat
1737 2191 1752 2213 ,
1765 2165 1947 2216 propter
1965 2157 2060 2213 ejus

1210 2242 1410 2280 cursum,
1434 2226 1509 2283 qui
1531 2225 1681 2268 omnia
1698 2224 1812 2281 rapit
1832 2232 1877 2267 et
1902 2221 2061 2265 aufert.

1267 2295 1333 2335 50.
1357 2294 1421 2336 Et
1439 2294 1556 2335 nullo
1581 2293 1742 2334 tardior
1764 2305 1887 2332 amne
1915 2290 2060 2346 Tyras.

1212 2357 1353 2416 Tyras
1374 2356 1564 2416 Scythiae
1585 2355 1724 2398 amnis
1743 2363 1836 2408 est,
1868 2354 1914 2396 in
1935 2369 2059 2395 oram

1212 2423 1347 2466 Ponti
1373 2422 1594 2466 sinistram
1622 2420 1846 2469 defluens,
1870 2418 1944 2475 qui
1973 2434 2062 2474 op-

1211 2487 1315 2545 pido
1328 2503 1493 2531 nomen
1507 2485 1735 2543 imposuit;
1753 2483 1958 2527 meminit
1974 2482 2062 2526 Pli-

1211 2553 1310 2597 nius
1326 2586 1338 2607 ,
1365 2553 1437 2596 lib.
1459 2551 1540 2596 IV.
1552 2576 1607 2584 —
1618 2553 1680 2595 Et
1688 2553 1818 2594 nullo.
1833 2551 1961 2592 Hanc
1975 2552 2061 2591 ali-

1213 2635 1292 2676 quo
1316 2617 1552 2662 Leidensis.
1610 2657 1614 2660 .

1269 2686 1292 2727 5
1302 2701 1315 2726 1
1325 2718 1333 2726 .
1347 2686 1410 2726 Et
1422 2689 1468 2726 tu
1482 2717 1491 2734 ‚
1500 2683 1698 2738 feminea·
1709 2682 1965 2724 Thermodon
1980 2686 2060 2721 etc.

1213 2747 1502 2793 Thermodon
1521 2746 1679 2790 fluvius
1698 2754 1762 2789 est
1776 2745 1850 2801 qui
1867 2760 1890 2786 a
1910 2752 2060 2786 monte

1212 2814 1429 2857 Armenio
1453 2811 1657 2856 dilabitur
1673 2844 1684 2865 ‚
1713 2819 1842 2867 atque
1862 2808 1965 2851 inde
1987 2824 2060 2850 us-

1213 2894 1298 2934 que
1321 2876 1373 2922 ad
1396 2878 1638 2920 Amazones
1657 2874 1786 2918 celeri
1806 2889 1934 2918 cursu
1955 2888 2061 2929 pro-

1213 2941 1382 2998 ripitur.
1414 2941 1550 2985 Unde
1581 2939 1651 2983 hic
1679 2947 1805 2996 poeta
1835 2938 2059 2981 Thermo-

1213 3005 1300 3049 don
1308 3015 1348 3048 ta
1361 3006 1464 3050 dicit
1477 3021 1499 3047 a
1517 3005 1644 3048 turba
1655 3004 1866 3058 feminea,
1880 3002 1965 3046 hoc
1978 3011 2058 3055 est,

1214 3076 1266 3119 ab
1296 3071 1593 3116 Amazonibus
1609 3102 1621 3125 ,
1654 3069 1878 3127 cogn-itum
1899 3069 2059 3113 fuisse:

1214 3155 1299 3196 qua
1327 3137 1551 3193 illae·juxta
1580 3149 1683 3180 eum
1714 3134 1898 3178 fluvium
1926 3131 2060 3177 habi-

1214 3205 1376 3248 tabant.

1271 3274 1335 3315 52.
1365 3271 1427 3315 Et
1452 3269 1659 3324 quondam
1691 3267 1841 3309 Graiis
1854 3297 1865 3314 ‚
1897 3263 2052 3312 Phasi,

1206 3338 1338 3390 petite
1369 3337 1485 3378 vinis.
1523 3331 1673 3376 Phasis
1714 3331 1869 3386 ingens
1905 3325 2061 3369 fluvius

1213 3409 1278 3444 est
1295 3433 1306 3454 ,
1342 3399 1416 3457 qui
1449 3397 1708 3443 Colchidem
1735 3395 1951 3445 illabitur,
1975 3407 2057 3434 or-

1214 3475 1393 3522 tumque
1415 3481 1466 3509 ex
1488 3462 1699 3508 Armenia
1722 3458 2058 3504 ducit—Graiis
