2280 3776
302 365 413 420 356

750 366 813 417 Ρ.
861 363 1166 419 OVIDII
1218 363 1605 420 NASONIS

382 481 671 560 Quamque
699 492 858 559 potes
884 476 1155 558 profugo,
1188 502 1311 538 0301
1344 494 1526 561 poteS‚
1559 480 1710 541 adfer
1737 499 1917 565 opem.

303 579 396 636 Me
428 575 647 634 fortuna
678 572 803 645 tibi,
835 573 899 632 de
930 598 1034 656 qua
1063 599 1129 634 ne
1158 599 1489 658 conquerar,
1522 578 1627 637 1100
1656 593 1765 652 est,-

377 669 657 737 Tradidit3
687 670 793 728 hoc
822 693 931 729 uno
963 694 1070 729 uon
1101 670 1316 731 inimica
1342 673 1493 732 mihi.

294 765 499 849 Excipe
532 765 872 843 naufragium
904 790 1016 825 non
1049 767 1188 826 duro
1221 767 1378 829 litore
1405 783 1686 853 nostruin,

373 865 455 922 Ne
486 861 648 920 fuerit
678 875 815 920 terra
849 860 1020 919 tutior
1038 862 1183 921 unda
1206 877 1310 923 tua.
2003 896 2051 923 ιο

292 960 487 1039 Regia,
519 958 675 1018 crede
704 958 864 1030 mihi,
891 983 978 1019 res
1009 974 1090 1019 est
1121 961 1444 1022 subcurrere
1474 960 1642 1044 lapsis
1667 986 1679 1021 ε

373 1057 645 1118 Convenit
674 1071 728 1115 et
760 1071 912 1115 131110
932 1104 946 1126 ,
979 1072 1214 1139 quantus
1244 1083 1300 1118 es
1325 1059 1465 1141 ipse,
1497 1060 1628 1120 viro.

289 1158 584 1215 Fortunam
620 1152 773 1213 decet
808 1153 914 1211 hoc
944 1153 1101 1213 istam
1129 1178 1139 1213 :
1170 1178 1289 1236 quae
1318 1155 1550 1216 maxima
1582 1179 1752 1238 quum
1783 1156 1883 1227 sit,

368 1251 502 1308 Esse
533 1262 714 1330 potest
745 1247 925 1306 animo
958 1248 1046 1306 vix
1076 1263 1254 1309 tamen
1285 1273 1438 1332 aequa
1469 1265 1580 1309 tu0.

288 1346 643 1428 Conspicitur
671 1367 953 1426 nunquam
982 1344 1203 1404 meliore
1231 1347 1473 1428 potentia
1505 1370 1695 1419 causa,
1979 1339 2051 1404 ⁴15

368 1447 551 1525 Quam
584 1443 795 1525 quoties
824 1466 985 1501 vanas
1014 1466 1125 1502 non
1156 1443 1288 1502 sinit
1321 1468 1434 1504 esse
1463 1467 1667 1526 preces.

285 1544 411 1602 Hoc
439 1542 586 1599 nitor
616 1537 708 1597 ille
741 1537 818 1597 tui
852 1539 1062 1615 generis
1094 1538 1398 1599 desiderat:
1423 1539 1530 1598 hoc
1556 1554 1639 1599 est

368 1639 419 1696 A
450 1636 675 1718 Superis
703 1648 835 1694 ortae
861 1633 1170 1707 nobilitatis
1201 1659 1356 1718 opuS.

284 1733 407 1791 Hoc
437 1731 539 1789 tibi
571 1744 623 1790 et
653 1727 993 1811 EumolpuS,
1026 1729 1236 1807 generis
1266 1728 1597 1789 clarissimus
1628 1742 1850 1800 auctor,

359 1829 435 1886 Et
459 1827 614 1910 prior
645 1824 920 1908 Eumolpo
955 1826 1147 1886 suadet
1173 1825 1587 1886 Erichthonius.
1997 1857 2050 1886 20

282 1926 408 1984 Hoc
435 1938 613 1983 tecum
642 1945 932 1982 commune
961 1924 1080 1982 Deo
1109 1947 1120 1982 :
1150 1922 1299 2004 quod
1330 1935 1560 2004 uterque
1584 1922 1764 2000 rogati

283 2060 483 2120 Orithyae
508 2069 607 2102 nata
632 2091 643 2112 ,
678 2057 791 2100 filius
808 2089 819 2110 ,
857 2073 907 2100 ex
939 2044 1123 2106 Thracia
1196 2046 1378 2115 ..Ligario
1407 2044 1666 2111 confirmat,
1689 2056 1807 2100 nulla
1826 2073 1874 2100 re
1894 2056 2054 2106 homi—N

278 2129 323 2170 in
339 2125 530 2169 Atticam
542 2123 675 2165 venit.
692 2122 806 2163 Eum
825 2137 927 2164 sane
948 2122 1122 2164 Home-
1204 2120 1282 2166 nes
1295 2123 1470 2179 propius
1485 2124 1537 2166 ad
1553 2124 1670 2167 Deos
1682 2123 1901 2180 accedere,
1919 2142 2050 2182 quam

276 2209 350 2234 rus
363 2189 555 2234 carmine
570 2203 648 2230 suo
660 2185 824 2229 fortem
840 2185 1039 2241 adpellat.
1056 2186 1120 2228 M.

334 2273 369 2312 7.
401 2256 472 2296 Me
488 2251 665 2306 for-luna
690 2252 790 2298 tibi,
828 2252 879 2290 de
905 2265 987 2304 qua
1013 2245 1137 2304 quodi

275 2339 356 2366 non
378 2335 539 2377 queror,
567 2319 645 2358 hoc
666 2321 753 2364 est,
785 2316 990 2357 Tradidit.
1009 2314 1139 2385 Tres?

273 2391 386 2447 quod
393 2398 641 2441 conqueror-5
666 2398 739 2425 sex
759 2398 842 2424 non
861 2395 1113 2436 conqueror,·
1130 2392 1135 2397 ’

274 2471 388 2499 unus
409 2452 612 2495 Vatican.
631 2464 714 2490 non
733 2463 967 2503 conquerar.
986 2447 1116 2503 Lege,
1144 2476 1146 2479 v

273 2540 326 2566 ne
341 2531 597 2575 conquerar:
615 2513 774 2556 deinde
808 2515 1002 2556 Prodidit
1031 2513 1119 2556 Ar·-

275 2585 478 2645 gentinus
495 2614 506 2635 ,
542 2579 762 2635 eleganter
782 2594 792 2628 3
819 2577 899 2620 hoc
919 2585 983 2620 est
1000 2609 1011 2631 ,
1033 2592 1117 2619 ex-

276 2650 444 2710 posuit,
478 2643 648 2699 objecit.
682 2643 740 2684 H.

331 2717 369 2758 8.
406 2713 500 2755 Non
523 2711 623 2751 duro
647 2710 778 2748 litore.
809 2706 908 2748 Non
938 2722 1087 2763 aspero
1105 2739 1117 2761 ,

275 2779 347 2825 sed
381 2775 570 2830 benigno
589 2805 599 2825 ,
639 2768 804 2825 placido
822 2802 833 2823 ,
866 2778 909 2811 et
932 2770 1117 2826 propitio

277 2843 368 2889 solo
382 2874 393 2895 ,
412 2838 532 2896 quasi
550 2835 661 2878 dicat
677 2866 687 2886 ,
704 2849 783 2890 ego
801 2833 1013 2890 relegatus
1028 2844 1117 2877 tan-

278 2922 406 2965 quam
440 2901 698 2955 nausragus,
729 2898 903 2954 supplex
937 2898 988 2941 ad
1018 2899 1117 2942 litus

273 2985 403 3019 tuum
434 2967 664 3023 confugio,
700 2980 938 3021 precorque
967 2973 1016 3008 ut
1044 2981 1116 3008 me

274 3031 677 3093 benigneexcipias.

337 3118 398 3144 10.
414 3103 503 3143 Nec
511 3097 780 3152 suerit-terra.
800 3097 864 3139 Ex
884 3110 971 3152 quo
990 3101 1116 3151 poeta

275 3167 444 3217 innuit,
464 3164 547 3208 illic
563 3165 768 3206 tutiorem
781 3162 930 3206 sedem
941 3175 1117 3218 speran-

277 3231 396 3282 dam,
406 3245 534 3284 quam
549 3228 591 3270 in
605 3228 728 3270 mari.
741 3227 876 3283 Quod
888 3228 922 3270 si
935 3227 1012 3269 sibi
1027 3234 1114 3268 tam

275 3294 404 3349 longa
424 3293 696 3348 navigatione
729 3291 946 3348 pepercit,
975 3289 1115 3332 multo

278 3358 413 3415 magis
431 3358 523 3413 eius
544 3367 702 3399 terram
726 3356 926 3412 intelligit
956 3356 1114 3398 debere

190 3465 199 3480 ,
279 3425 321 3468 ei
332 3423 672 3480 parcere.Nostri
688 3424 920 3466 habentne.
939 3439 1016 3477 pro
1026 3438 1114 3465 nec.

337 3508 353 3532 ι
367 3507 398 3532 1.
427 3492 665 3533 Subcurrere
685 3493 829 3544 lapsis.
863 3488 1003 3532 Cicer.
1035 3503 1112 3542 pro

1203 2189 1386 2231 salutem
1406 2188 1656 2232 hominibus
1678 2189 1835 2233 dando.
1859 2191 2006 2235 ΡοΝΤ.

1227 2294 1237 2301 ,
1263 2247 1327 2296 13.
1344 2255 1479 2296 Decet
1501 2256 1592 2306 boc.
1619 2255 1726 2298 Haec
1753 2255 1984 2312 Argentin.
2006 2266 2050 2301 01

1205 2317 1332 2371 alius,
1368 2318 1485 2374 quod
1510 2319 1718 2362 Heinsius
1738 2321 1905 2375 probat.

1259 2383 1320 2425 18.
1335 2384 1380 2425 A
1396 2384 1562 2439 Superis
1581 2392 1678 2427 orta·
1692 2388 1937 2430 nobilHaltssr.
1953 2387 2049 2430 No-

1199 2448 1373 2493 bilitatis
1408 2466 1430 2492 a
1453 2450 1549 2494 Diis
1589 2451 1802 2509 originem
1839 2452 2048 2497 ducentis.

1200 2513 1300 2556 Hoc
1330 2522 1477 2557 autem
1505 2514 1607 2559 dicit
1639 2525 1816 2573 propter
1852 2516 2046 2560 Eumol-

1200 2593 1330 2633 pum,
1358 2578 1497 2622 filium
1530 2579 1723 2636 Neptuni
1751 2590 1794 2624 et
1824 2579 2043 2635 Chiones,

1201 2656 1296 2696 quae
1315 2641 1400 2685 filia
1422 2644 1574 2687 Boreae
1590 2677 1603 2699 ,
1626 2644 1874 2700 generissui
1893 2651 2043 2688 aucto-

1200 2722 1293 2749 rem
1311 2739 1322 2760 ,
1346 2717 1394 2750 ut
1412 2708 1607 2753 diximus.

1255 2787 1323 2812 20.
1351 2774 1661 2817 Ert‘cbtbom'us.
1694 2773 2004 2817 Erichthonius
2026 2807 2039 2829 ,

1199 2852 1274 2878 seu
1305 2836 1575 2881 Erechtheus
1591 2870 1602 2892 ,
1622 2849 1716 2880 ‘rex
1733 2837 1819 2880 fuit
1843 2838 2042 2881 Athena-

1200 2917 1298 2943 rum
1316 2933 1327 2955 ,
1346 2917 1475 2957 quem
1492 2902 1692 2944 Minerva
1714 2918 1736 2944 e
1753 2917 1855 2944 rure
1871 2903 1942 2945 ubi
1961 2919 2042 2945 na-

1198 2976 1267 3010 tus
1281 2977 1405 3020 erat,
1427 2968 1610 3023 suscepit
1628 3000 1639 3021 ,
1661 2966 1944 3024 educavitque
1963 3002 1974 3019 ‚
1998 2977 2044 3012 et

1199 3031 1456 3075 Atheniensi
1471 3032 1629 3088 populo
1640 3048 1719 3087 pro
1730 3049 1830 3089 rege
1841 3033 2040 3077 tradidit:

1197 3095 1382 3152 ideoque
1409 3096 1466 3139 1111
1491 3112 1636 3139 annua
1669 3097 1864 3140 solennia
1892 3097 2039 3140 Athe-

1196 3160 1367 3204 nienses
1385 3171 1518 3216 agunt
1543 3171 1768 3205 taurorum
1790 3178 2037 3219 agnorum-

1197 3242 1280 3282 que
1301 3226 1529 3271 sacrificiis.
1552 3227 1667 3274 Vide
1690 3229 1828 3272 Natal.
1847 3229 1917 3271 lib.
1951 3228 2033 3284 IV,

1194 3307 1284 3348 cap.
1308 3295 1344 3334 5.

1251 3375 1272 3399 2
1284 3375 1296 3399 ι
1306 3389 1314 3399 .
1332 3359 1426 3400 Hoc
1439 3366 1570 3400 tecum
1579 3374 1790 3401 commune
1802 3359 1920 3400 Deis.
1934 3357 2033 3401 Hoc

1195 3431 1280 3477 est,
1304 3423 1378 3464 tibi
1396 3438 1495 3465 cum
1519 3422 1612 3466 Diis
1630 3438 1861 3466 commune
1877 3454 1891 3477 ,
1914 3420 2031 3477 quod

1194 3499 1340 3543 preces
1356 3488 1576 3541 exaudias,
1599 3487 1967 3543 quemadmodum
1986 3495 2029 3527 et
