2280 3776
270 293 374 362 403
537 306 542 311 ·
717 297 782 348 P.
840 293 1556 351 ov1D11NAsoms

259 411 360 482 At,
397 410 443 469 si
470 409 610 468 forte
640 409 771 471 velis
803 410 859 468 in
888 434 990 470 nos
1017 410 1293 493 inquirere
1313 458 1326 482 ‚
1353 409 1514 471 nemo
1546 426 1630 472 est

341 506 457 585 Qui
484 528 567 575 se,
600 505 753 586 quod
781 505 1018 587 patitur,
1051 508 1434 568 commeruisse
1465 520 1643 585 neget.

261 601 445 673 Adde,
481 601 633 683 quod
663 600 961 661 exstinctos
990 601 1072 661 vel
1102 627 1269 685 aqua,
1300 603 1383 663 vel
1411 605 1617 676 Marte,
1651 601 1738 663 vel
1764 603 1904 682 igni,
1977 620 2031 664 35

342 697 513 759 Nulla
539 712 725 780 potest
750 698 947 758 iterum
978 699 1279 759 restituisse
1310 700 1440 760 dies.

262 794 532 855 Restituit
558 792 796 866 multOS,
828 809 922 853 aut
953 818 1127 875 poenae
1159 811 1312 877 parte
1337 796 1535 856 levavit

282 969 288 975 .
345 893 558 964 Caesar;
592 905 678 963 et,
712 891 770 949 in
804 890 995 950 multis
1024 915 1109 950 me
1137 891 1269 951 velit
1298 916 1444 963 esse,
1474 915 1684 974 precor.

260 990 349 1047 An
380 1003 464 1058 tn,
496 1012 667 1070 quum
695 987 790 1047 tali
817 987 1061 1070 populus
1090 989 1194 1049 sub
1225 988 1473 1072 principe
1503 989 1698 1062 simuS,

342 1084 626 1166 Adloquio
656 1084 882 1167 profugi
911 1084 1086 1171 credis
1115 1086 1290 1146 inesse
1316 1087 1564 1145 metum?
1984 1100 2038 1155 40

260 1180 515 1239 Forsitan
542 1180 657 1240 haec
689 1179 917 1239 domino
948 1179 1205 1240 Busiride
1233 1181 1353 1261 jure
1381 1180 1598 1240 timeres
1619 1225 1633 1252 ,

347 1278 464 1336 Aut
496 1275 661 1337 solito
693 1277 911 1338 clausos
939 1301 1096 1338 urere
1125 1278 1184 1337 in
1211 1301 1313 1337 aere
1339 1277 1502 1337 viros

269 1371 472 1431 Desine
502 1372 693 1432 mitem
723 1372 965 1432 animum
994 1396 1132 1432 vano
1161 1372 1419 1432 infamare
1448 1372 1678 1431 timore:

347 1468 496 1527 Saeva
525 1468 660 1550 quid
686 1467 745 1527 in
776 1467 1007 1551 placidis
1036 1492 1163 1530 saxa
1188 1470 1387 1529 vereris
1421 1469 1622 1550 aquis?

266 1568 393 1648 lpse
423 1589 522 1643 ego
545 1613 558 1638 ‚
589 1567 741 1649 quod
771 1567 951 1647 primo
980 1565 1174 1648 scripsi
1203 1566 1320 1626 sine
1350 1566 1572 1625 nomine
1597 1564 1790 1636 vobiS‚
1989 1578 2043 1634 45

347 1665 456 1723 Vix
487 1666 731 1725 excusari
760 1688 924 1747 posse
956 1664 1092 1723 mihi
1120 1663 1326 1723 videor.
1462 1744 1465 1745 ⁷

268 1760 376 1820 Sed
405 1784 575 1842 pavor
601 1762 852 1821 adtonito
870 1761 1111 1821 'rationis
1141 1761 1412 1821 ademerat
1435 1783 1599 1820 usum
1621 1783 1634 1832 ;

355 1857 608 1917 Cesserat
640 1882 800 1918 omne
828 1858 986 1917 novis
1015 1857 1418 1940 consiliumque
1444 1856 1638 1938 malis.»

272 1954 684 2035 Fortunamque
713 1978 888 2013 meam
916 1969 1188 2025 metuenS‚
1217 1978 1335 2013 non
1359 1954 1591 2014 vindicis
1620 1952 1784 2025 iram,

354 2051 623 2110 Terrebar
653 2050 817 2110 titulo
846 2051 1085 2110 nominis
1114 2051 1234 2133 ipse
1265 2051 1389 2110 mei.
1997 2063 2049 2106 50

278 2148 561 2207 Hactenus
590 2146 904 2206 admonitus
923 2146 1157 2207 memori
1179 2147 1413 2207 concede
1437 2162 1641 2230 poetae,

360 2244 540 2303 Ponat
564 2257 629 2302 ut
653 2243 723 2319 in
743 2242 946 2302 chartis
975 2242 1198 2302 nomina
1224 2266 1345 2302 cara
1374 2242 1503 2303 suis.

278 2339 465 2419 Turpe
493 2337 596 2396 erit
622 2326 934 2411 ambobusJ
948 2336 1121 2417 >longo
1144 2338 1279 2398 mihi
1306 2338 1591 2422 proximus
1620 2359 1726 2396 usu
1743 2382 1760 2409 ‚

364 2435 424 2494 Si
451 2434 603 2494 nulla
633 2435 764 2495 libri
791 2450 944 2518 parte
972 2435 1150 2514 legare
1178 2436 1300 2496 mei.

283 2534 367 2591 Ne
397 2547 575 2592 tamen
606 2533 710 2593 iste
734 2547 913 2594 metus
943 2557 1168 2594 somnos
1197 2534 1302 2594 tibi
1332 2556 1585 2615 rumpere
1608 2530 1821 2615 possit,
1999 2546 2052 2589 55

366 2633 497 2691 Non
521 2629 694 2701 ultra,
730 2655 891 2713 quam
919 2633 1026 2704 vis,
1056 2631 1334 2693 officiosus
1355 2656 1492 2705 ero:

343 2779 408 2836 39.
426 2778 496 2820 An
514 2783 569 2819 lu.
591 2778 656 2820 Ita
670 2778 821 2820 nostri.
838 2778 971 2820 Multi
985 2778 1123 2831 Attu,
1210 2785 1322 2824 san]-
1343 2814 1354 2832 ‚
1378 2780 1568 2835 judicit,
1607 2777 1791 2822 solemni
1821 2785 2054 2833 permuta-

288 2858 388 2886 tum
403 2842 549 2898 priscis
569 2841 842 2884 editionibus.
1211 2845 1330 2888 tione
1345 2877 1357 2899 ,
1378 2844 1545 2888 codices
1564 2842 1721 2898 scripti.

342 2908 407 2960 42.
420 2907 642 2949 Autsolilo
650 2911 937 2950 urereclausos
950 2916 1029 2950 etc.
1042 2907 1134 2949 Aut
1270 2915 1335 2955 50,
1363 2914 1563 2954 Terrebat·
1578 2911 1711 2953 titulo.
1731 2907 1850 2963 Quia
1870 2924 1957 2950 non
1976 2924 2056 2950 au-

292 2974 471 3016 domino
486 2973 716 3026 Phalaride
730 3006 741 3027 ,
769 2974 902 3029 quiin
917 2990 1030 3017 aereo
1042 2982 1134 3016 tau-
1215 2975 1372 3017 debam
1393 2974 1535 3017 facere
1560 2973 1835 3016 mentionem
1858 2972 1945 3016 mei
1972 2988 2057 3015 no—

291 3056 341 3082 ro
360 3040 450 3096 igni
468 3039 640 3083 subdito
658 3040 858 3084 homines
876 3042 1069 3084 necabat.
1214 3039 1343 3082 minis
1362 3038 1408 3081 in
1432 3038 1540 3081 meis
1562 3037 1725 3082 libellis.

347 3106 411 3159 43.
440 3108 596 3149 Desine
627 3110 763 3149 mitem
793 3111 987 3150 animum.
1018 3108 1130 3150 Ani·
1271 3108 1336 3148 51.
1369 3107 1519 3147 Poetae.
1552 3105 1703 3146 Sodali
1735 3101 1900 3146 Moreti
1938 3101 2026 3145 duo
2043 3134 2059 3156 ,.

293 3186 402 3211 mam
423 3186 536 3213 unus
558 3171 773 3215 Medonii.
795 3172 961 3215 HEINS.
1092 3175 1094 3177 ’
1215 3170 1383 3212 Bersm.
1409 3178 1452 3212 et
1478 3169 1619 3225 Marg.
1645 3167 1813 3227 Gryph.
1845 3192 1848 3196 ·

347 3237 413 3289 45.
446 3238 569 3289 Quod
581 3243 738 3292 scripsi.
763 3240 852 3292 Qui
862 3242 1019 3293 scripsi
1033 3246 1132 3280 tres.
1272 3236 1336 3279 53.
1356 3237 1582 3278 Ambobus.
1605 3234 1663 3278 Et
1690 3234 1767 3278 tibi
1791 3242 1836 3277 et
1862 3233 1984 3276 mihi.
2003 3256 2058 3265 —·

349 3305 414 3359 49.
435 3303 530 3343 Non
558 3305 663 3343 iram
687 3306 880 3346 vindicis.
903 3305 1003 3347 Non
1023 3303 1135 3345 iram
1217 3303 1438 3343 Proximus
1449 3302 1692 3355 mz‘bilongo
1708 3315 1798 3341 usu.
1821 3297 1867 3341 Si
1886 3307 1934 3341 tu
1948 3296 2057 3340 mihi

296 3363 480 3419 Augusti
500 3364 756 3408 vindicantis
783 3367 990 3422 injuriam
1018 3383 1041 3408 a
1063 3382 1135 3409 me
1217 3366 1475 3421 conjunctus
1509 3365 1638 3421 longa
1669 3362 1982 3408 consuetudine
2012 3369 2057 3404 et

296 3440 526 3487 acceptam.
553 3434 763 3485 Vindicis,
790 3436 1015 3488 principz's,
1046 3435 1135 3476 Coe-
1218 3430 1749 3475 amore.—Pr0x1·mus.ln
1771 3427 1916 3471 multis
1935 3434 2057 3470 vete-
