2268 3848
485 252 1153 341 T'RISTIUM'LIB.
1211 285 1261 339 1.
1311 284 1560 341 ELEG.
1608 288 1698 343 11.
1917 288 1979 342 15

196 404 300 465 Est
327 400 567 487 aliquid,
596 401 774 464 fatove
802 423 904 462 suo
927 399 1139 462 ferrove
1165 400 1450 464 cadentem

275 502 342 561 In
372 499 532 561 solita
562 499 802 560 moriens
827 522 1035 582 ponere
1067 523 1271 583 corpus
1302 499 1509 561 humo:

194 599 298 658 Est
326 596 578 659 mandata
608 596 724 658 suis
752 594 966 679 aliquid
994 619 1212 680 sperare
1244 594 1528 680 sepulcra,
1928 614 1982 657 55

273 695 350 755 Et
376 717 491 755 non
520 691 790 775 aequoreis
821 691 1068 776 piscibus
1099 717 1214 755 esse
1242 693 1448 755 cibum.

190 789 405 869 Fingite
432 810 520 849 me
547 786 778 866 dignum
806 785 900 846 tali
927 811 1060 846 nece
1087 810 1100 845 :
1128 813 1242 852 non
1272 813 1376 866 ego
1403 788 1559 851 solus

271 885 379 947 Hic
407 884 580 946 vehor
606 908 618 944 ε
648 882 954 943 immeritos
983 906 1082 944 cur
1108 907 1227 945 mea
1259 907 1424 967 poena
1452 884 1626 946 trahit
1654 886 1680 953 3

189 981 341 1043 Proh
371 981 604 1066 Superi,
636 980 948 1065 viridesque
977 980 1116 1054 Dei,
1150 981 1357 1065 quibus
1384 1004 1604 1065 aequora
1631 984 1806 1045 curae!

269 1083 519 1165 Utraque
542 1080 651 1163 jam
678 1094 886 1141 vestras
914 1079 1093 1141 sistite
1123 1079 1287 1141 turba
1318 1078 1513 1141 minas.

187 1177 485 1260 Quamque
513 1175 663 1237 dedit
687 1176 855 1236 vitam
884 1174 1177 1237 mitissima
1211 1174 1445 1236 Caesaris
1473 1174 1553 1235 ira
1574 1220 1590 1248 ‚

267 1274 428 1334 Hanc
455 1273 618 1335 sinite
644 1270 835 1334 infelix
862 1272 919 1333 in
947 1270 1067 1333 loca
1089 1272 1239 1355 jussa
1264 1270 1453 1332 seram.

184 1368 271 1443 Si,
306 1392 469 1452 quam
500 1368 837 1451 commerui,
866 1390 1086 1452 poenam
1117 1390 1206 1428 me
1231 1366 1472 1451 pendere
1503 1364 1671 1428 vultis
1691 1414 1707 1439 ‚

267 1463 447 1548 Culpa
474 1487 592 1526 mea
621 1478 731 1539 est,
758 1463 883 1547 ipso
909 1461 1125 1546 judice,
1155 1476 1333 1523 morte
1364 1461 1564 1523 minor.

238 1601 305 1646 53.
327 1603 412 1646 Est
429 1604 612 1660 aliquid,
624 1600 805 1659 satoque
818 1602 1040 1659 suoserro-
1124 1619 1146 1639 «ι
1170 1600 1383 1659 Displicet
1398 1599 1563 1645 haeredi
1576 1598 1774 1645 mandati
1785 1615 1888 1645 cura
1899 1616 1973 1644 se-

181 1684 260 1726 que
279 1670 506 1714 cadentem.
533 1672 715 1715 Caderm'
730 1669 820 1714 duo
839 1678 1031 1722 πίει-εις

179 1733 297 1778 sorte
326 1736 549 1780 cadentis:
576 1734 731 1792 reliqui
757 1734 852 1779 fere
877 1738 1035 1779 caden-

180 1800 279 1842 dum
297 1833 308 1851 ‚
343 1815 424 1857 pro
453 1803 687 1845 cadentum.
716 1799 888 1844 Mortui
911 1799 1032 1844 enim

179 1879 272 1908 non
290 1874 463 1922 ponunt
475 1882 520 1911 se
536 1865 581 1911 in
597 1875 713 1911 terra
726 1901 738 1923 ,
763 1866 839 1912 sed
854 1882 1033 1924 ponun-

179 1938 265 1975 tur.
292 1931 408 1992 Lege
436 1933 570 1978 etiam
590 1933 741 1990 satore
767 1949 846 1977 suo
864 1932 1033 1989 ferrove

178 2011 275 2053 quoe
296 2012 350 2041 eo
367 2006 590 2055 spectant,
614 2006 663 2042 ut
684 2006 873 2042 mortem
896 2012 1032 2055 spon-

175 2069 353 2107 taneam
381 2079 407 2108 a
433 2062 634 2108 violenta
655 2062 904 2122 distinguat.
937 2062 1030 2107 Se-

176 2129 327 2186 quenti
345 2145 472 2175 versu
487 2129 534 2174 in
550 2128 747 2188 plurimis
759 2133 891 2174 solita
904 2133 1031 2174 humo

173 2208 255 2250 pro
273 2197 416 2238 solida
433 2210 447 2238 .·
468 2193 550 2240 hoc
572 2203 661 2251 est,
682 2194 802 2252 quod
813 2194 1029 2239 Tristium

174 2258 247 2304 lib.
265 2259 350 2316 IV,
369 2259 436 2304 El.
455 2273 535 2318 111,
550 2262 618 2317 46,
633 2261 759 2312 dicit,
777 2270 935 2305 tactam
947 2277 1029 2304 na-

177 2328 316 2368 scenti
329 2327 496 2370 humum
511 2343 524 2370 .·
541 2345 563 2365 «ι
583 2326 642 2371 Et
661 2326 769 2371 cinis
785 2326 832 2369 in
855 2325 1028 2370 tumulo

178 2390 342 2447 positus
376 2393 575 2449 iacuisset
618 2394 732 2437 avito
751 2426 764 2449 ,
803 2392 1027 2450 Tactaque

176 2456 374 2500 nascenti
398 2472 556 2514 corpus
586 2456 767 2502 haberet
794 2458 971 2501 humus.
1002 2474 1025 2494 »

178 2521 332 2578 virgil.
346 2521 453 2566 AEn.
475 2523 540 2567 lx
556 2556 568 2579 ,
591 2525 672 2567 213
692 2539 702 2566 ε
726 2542 748 2561 «
771 2523 838 2567 Sit
858 2523 932 2579 qui
952 2538 1026 2565 me

175 2596 350 2644 raptum
378 2605 525 2646 pugna
550 2589 744 2646 pretiove
773 2588 1025 2632 redemtum

174 2650 364 2696 Mandet
380 2653 518 2697 humo
536 2654 684 2706 solita;
705 2663 800 2708 aut,
822 2654 855 2697 si
877 2669 960 2710 qua
981 2653 1026 2696 id

170 2716 352 2761 fortuna
367 2719 527 2762 vetabit
540 2752 551 2773 ,
569 2718 752 2762 Absenti
766 2718 878 2762 ferat
899 2718 1024 2762 infe-

174 2780 281 2837 rias,
307 2781 572 2839 decoretque
591 2780 802 2840 sepulcro.
825 2801 846 2821 »
874 2783 934 2826 H.

225 2850 293 2893 55.
305 2851 368 2892 Et
380 2852 580 2893 mandare
601 2854 691 2892 suis
704 2853 860 2906 aliqua,
877 2857 921 2892 et
933 2866 1023 2905 spe-

167 2930 263 2958 rare
282 2919 530 2972 sepulcrum.
564 2916 723 2974 Scripti
751 2915 840 2959 fere
869 2931 1023 2959 omnes

168 2982 336 3037 aliquid
347 2996 512 3037 sperare
522 2995 537 3034 ,·
565 2981 633 3024 vel
650 3014 661 3036 ,
683 2984 849 3038 aliquid
863 2988 906 3024 et
923 2998 1023 3036 spe-

168 3059 291 3100 rare,·
315 3055 403 3091 tres
422 3049 602 3104 aliquod
608 3060 622 3100 ;
645 3045 919 3090 Combianus
939 3051 1024 3092 ali-

168 3124 276 3167 quo‚·
296 3126 410 3155 unus
429 3111 665 3156 Vaticanus
697 3116 842 3168 aliqua
858 3128 1023 3167 sperare

168 3178 368 3231 sepulcra.
389 3175 538 3220 Scribe
557 3193 567 3220 :
587 3195 608 3215 «
625 3177 702 3221 Est
715 3176 920 3221 mandata
934 3178 1022 3221 suis

171 3239 331 3296 aliquid
343 3255 516 3297 sperare
527 3241 735 3298 sepulcra.
752 3260 774 3279 »
792 3241 813 3284 I
819 3249 859 3285 ta
870 3250 916 3285 et
932 3257 1023 3284 nu-

171 3305 307 3355 meri,
337 3307 412 3363 qui
436 3306 635 3352 duriores
661 3318 786 3352 erant
803 3342 815 3364 ,
838 3318 1021 3353 consta-

171 3370 283 3414 bunt
302 3371 472 3428 versui,
489 3381 533 3416 et
551 3389 713 3416 sensus.
732 3373 942 3417 Mandata
951 3391 1023 3417 se-

168 3439 342 3492 pulcra,
383 3444 431 3480 ut
463 3436 694 3482 Fastorum
718 3437 788 3482 lib.
815 3441 880 3493 V,
902 3440 982 3495 557
1010 3455 1020 3483 ε

1120 1666 1271 1723 pulcri.
1290 1684 1313 1705 ιο
1340 1667 1509 1710 Hmus.

1173 1734 1238 1777 58.
1258 1734 1346 1776 Hic
1358 1734 1513 1785 vehor5
1532 1732 1616 1774 huc
1632 1729 1810 1787 plurimi
1823 1729 1972 1787 scripti

1115 1807 1160 1843 et
1180 1797 1315 1842 editi:
1336 1796 1452 1843 forte
1469 1830 1481 1851 ,
1507 1799 1614 1850 hac,
1644 1796 1802 1842 scilieet
1818 1830 1830 1852 ‚
1858 1796 1972 1840 navi.

1114 1865 1285 1910 Notum
1315 1874 1409 1921 est,
1443 1880 1583 1908 unum
1612 1864 1793 1907 noxium
1816 1896 1829 1919 ,
1858 1879 1971 1920 sepe

1113 1931 1295 1977 exitium
1326 1930 1415 1975 aliis
1437 1965 1448 1986 ,
1483 1930 1640 1975 eadem
1674 1930 1774 1974 navi
1803 1930 1937 1974 vectis
1957 1963 1971 1985 ‚

1114 1996 1332 2041 creditum
1353 1995 1574 2040 concitare
1605 2011 1757 2053 posse;
1785 1994 1883 2038 vide
1914 1994 1970 2039 ad

1113 2066 1225 2111 Hor.
1247 2066 1335 2120 111,
1352 2064 1441 2109 Od.
1462 2078 1524 2119 11,
1542 2081 1582 2109 v.
1601 2064 1655 2108 25
1669 2080 1760 2122 sqq.
1778 2086 1837 2098 -
1855 2066 1971 2108 Proh

1110 2132 1274 2188 Superi,
1303 2130 1460 2188 quibus
1486 2130 1533 2174 in
1554 2138 1708 2175 ventos
1727 2138 1929 2187 potestas.

1165 2195 1234 2240 60.
1260 2196 1445 2253 Utraque
1452 2198 1586 2241 turba.
1602 2193 1661 2239 Et
1674 2193 1765 2239 celi
1777 2202 1822 2239 et
1835 2192 1967 2238 maris

1112 2262 1202 2306 Dii.
1225 2263 1354 2306 Mn.

1162 2328 1231 2370 62.
1251 2327 1303 2369 In
1322 2330 1420 2370 loca
1431 2326 1585 2380 jussa,
1618 2333 1699 2370 etc.
1723 2325 1778 2369 In
1799 2322 1965 2368 Ponti-

1107 2410 1206 2438 cam
1231 2409 1371 2436 oram.

1161 2459 1229 2501 63.
1251 2460 1302 2501 Se·
1316 2461 1512 2514 quoniam
1538 2460 1852 2511 memipaenam
1866 2489 1878 2507 ,
1901 2473 1966 2501 me

1099 2527 1272 2579 perdere
1293 2526 1433 2566 vultis.
1459 2524 1643 2565 Pendere
1665 2537 1780 2564 unus
1803 2520 1964 2564 Medi-

1106 2604 1207 2631 ceus
1231 2603 1312 2643 pro
1335 2586 1505 2629 diversa
1524 2585 1738 2638 lectione;
1763 2586 1963 2630 Rotten-

1105 2651 1334 2708 dorphian.
1350 2654 1574 2705 prendere,-
1599 2659 1810 2708 praeterea
1831 2650 1959 2707 prim.

1104 2715 1240 2759 editio
1266 2724 1311 2758 et
1339 2715 1428 2758 duo
1451 2714 1625 2772 scripti,
1651 2718 1695 2757 si
1711 2730 1836 2770 quara
1852 2731 1958 2769 pm-

1103 2786 1261 2834 merm'5
1291 2798 1362 2826 sex
1377 2815 1389 2836 ‚
1414 2787 1460 2824 si
1473 2797 1633 2838 quoque
1651 2798 1774 2837 quam
1791 2785 1928 2824 merui
1937 2795 1958 2835 ,⁰

1102 2846 1287 2889 totidem
1307 2863 1556 2903 quamquam
1576 2851 1732 2899 merua}
1756 2855 1845 2903 opt.
1865 2847 1961 2889 Va-

1102 2913 1230 2956 tican.
1263 2919 1310 2957 si
1333 2919 1467 2957 merui
1479 2930 1651 2969 penam
1674 2930 1923 2970 quamquam
1938 2929 1958 2969 ,·

1102 2977 1191 3020 duo
1209 2983 1309 3035 quia
1326 2996 1449 3035 quam
1469 2985 1645 3030 merua,-
1667 2980 1748 3022 alia
1770 2978 1959 3022 veterri-

1101 3058 1174 3086 ma
1183 3044 1315 3087 editio
1323 3048 1662 3101 qaiacommerui.
1671 3043 1822 3087 Scribe
1837 3059 1847 3086 :
1862 3045 1954 3101 «Si,

1102 3125 1235 3166 quam
1258 3110 1499 3153 commerui
1517 3142 1528 3163 ,
1549 3124 1726 3166 poenam
1745 3124 1817 3152 me
1833 3125 1953 3166 pen-

1101 3177 1205 3220 dere
1225 3177 1367 3220 vultis.
1390 3195 1412 3214 »
1433 3176 1742 3229 Trist.·lib.11,
1765 3177 1816 3230 4;
1837 3194 1860 3213 α
1878 3176 1953 3219 An

1099 3241 1234 3286 semel
1249 3251 1312 3285 est
1339 3257 1513 3298 poenam
1532 3241 1843 3285 commeruisse
1863 3257 1952 3298 pa-

1099 3325 1200 3352 rum
1216 3307 1236 3351 ?
1261 3326 1283 3346 »
1303 3331 1359 3340 —
1379 3310 1564 3352 Pendere
1575 3324 1742 3363 penam
1762 3306 1953 3349 familia-

1099 3377 1158 3420 ris
1171 3374 1332 3419 locutio
1347 3375 1531 3419 Nasoni:
1547 3375 1714 3419 Fastor.
1730 3374 1801 3418 III
1814 3407 1826 3428 ,
1847 3375 1950 3427 845:

1105 3458 1128 3478 «
1150 3438 1317 3497 Capitis
1345 3456 1445 3498 quae
1476 3439 1671 3497 pendere
1703 3454 1852 3496 poenas
1886 3437 1955 3481 Eu
