<?xml version="1.0" encoding="UTF-8"?>
<!DOCTYPE html PUBLIC "-//W3C//DTD XHTML 1.0 Transitional//EN"
    "http://www.w3.org/TR/xhtml1/DTD/xhtml1-transitional.dtd">
<html xmlns="http://www.w3.org/1999/xhtml" xml:lang="en" lang="en">
 <head>
  <title>
</title>
<meta http-equiv="Content-Type" content="text/html;charset=utf-8" />
  <meta name='ocr-system' content='tesseract 3.04.00' />
  <meta name='ocr-capabilities' content='ocr_page ocr_carea ocr_par ocr_line ocrx_word'/>
</head>
<body>
  <div class='ocr_page' id='page_1' title='image "./quaeextantomniao07oviduoft_0352.png"; bbox 0 0 2280 3776; ppageno 0'>
   <div class='ocr_carea' id='block_1_1' title="bbox 320 286 426 340">
    <p class='ocr_par' dir='ltr' id='par_1_1' title="bbox 320 286 426 340">
     <span class='ocr_line' id='line_1_1' title="bbox 320 286 426 340; baseline -0.009 0"><span class='ocrx_word' id='word_1_1' title='bbox 320 286 426 340; x_wconf 79' lang='lat'><strong>338</strong></span> 
     </span>
    </p>
   </div>
   <div class='ocr_carea' id='block_1_2' title="bbox 790 287 1614 350">
    <p class='ocr_par' dir='ltr' id='par_1_2' title="bbox 790 287 1614 350">
     <span class='ocr_line' id='line_1_2' title="bbox 790 287 1614 350; baseline 0.002 -10"><span class='ocrx_word' id='word_1_2' title='bbox 790 288 852 340; x_wconf 80' lang='lat' dir='ltr'><strong>P,</strong></span> <span class='ocrx_word' id='word_1_3' title='bbox 895 287 1188 350; x_wconf 84' lang='lat' dir='ltr'>OVIDII</span> <span class='ocrx_word' id='word_1_4' title='bbox 1230 287 1614 343; x_wconf 85' lang='lat' dir='ltr'><strong>NASONIS</strong></span> 
     </span>
    </p>
   </div>
   <div class='ocr_carea' id='block_1_3' title="bbox 308 401 2090 1929">
    <p class='ocr_par' dir='ltr' id='par_1_3' title="bbox 308 401 2090 1929">
     <span class='ocr_line' id='line_1_3' title="bbox 318 401 1699 486; baseline 0.001 -24"><span class='ocrx_word' id='word_1_5' title='bbox 318 401 656 482; x_wconf 85' lang='lat' dir='ltr'><strong>Ingenioque</strong></span> <span class='ocrx_word' id='word_1_6' title='bbox 686 423 807 459; x_wconf 91' lang='lat' dir='ltr'><strong>meo</strong></span> <span class='ocrx_word' id='word_1_7' title='bbox 828 446 842 471; x_wconf 85' lang='lat'>‚</span> <span class='ocrx_word' id='word_1_8' title='bbox 877 424 1009 461; x_wconf 86' lang='lat' dir='ltr'><strong>vena</strong></span> <span class='ocrx_word' id='word_1_9' title='bbox 1041 402 1188 483; x_wconf 89' lang='lat' dir='ltr'><strong>quod</strong></span> <span class='ocrx_word' id='word_1_10' title='bbox 1219 426 1455 486; x_wconf 86' lang='lat' dir='ltr'>paupere</span> <span class='ocrx_word' id='word_1_11' title='bbox 1483 419 1699 476; x_wconf 87' lang='lat' dir='ltr'><strong>manat,</strong></span> 
     </span>
     <span class='ocr_line' id='line_1_4' title="bbox 395 497 1587 578; baseline 0.003 -21"><span class='ocrx_word' id='word_1_12' title='bbox 395 497 651 566; x_wconf 88' lang='lat' dir='ltr'><strong>Plaudis‚</strong></span> <span class='ocrx_word' id='word_1_13' title='bbox 683 511 737 556; x_wconf 85' lang='lat' dir='ltr'><strong>et</strong></span> <span class='ocrx_word' id='word_1_14' title='bbox 763 521 790 556; x_wconf 89' lang='lat' dir='ltr'><strong>e</strong></span> <span class='ocrx_word' id='word_1_15' title='bbox 819 497 933 557; x_wconf 83' lang='lat' dir='ltr'><strong>rivb</strong></span> <span class='ocrx_word' id='word_1_16' title='bbox 964 497 1189 559; x_wconf 89' lang='lat' dir='ltr'><strong>flumina</strong></span> <span class='ocrx_word' id='word_1_17' title='bbox 1216 524 1410 578; x_wconf 85' lang='lat' dir='ltr'><strong>magna</strong></span> <span class='ocrx_word' id='word_1_18' title='bbox 1439 500 1587 561; x_wconf 86' lang='lat' dir='ltr'><strong>sacis.</strong></span> 
     </span>
     <span class='ocr_line' id='line_1_5' title="bbox 326 589 1793 672; baseline 0.001 -20"><span class='ocrx_word' id='word_1_19' title='bbox 326 594 492 652; x_wconf 85' lang='lat' dir='ltr'><strong>Grata</strong></span> <span class='ocrx_word' id='word_1_20' title='bbox 521 589 737 672; x_wconf 88' lang='lat' dir='ltr'><strong>quidem</strong></span> <span class='ocrx_word' id='word_1_21' title='bbox 771 605 900 650; x_wconf 86' lang='lat' dir='ltr'><strong>sunt</strong></span> <span class='ocrx_word' id='word_1_22' title='bbox 928 591 1041 652; x_wconf 89' lang='lat' dir='ltr'><strong>haec</strong></span> <span class='ocrx_word' id='word_1_23' title='bbox 1070 592 1253 653; x_wconf 88' lang='lat' dir='ltr'><strong>animo</strong></span> <span class='ocrx_word' id='word_1_24' title='bbox 1282 594 1543 672; x_wconf 82' lang='lat' dir='ltr'><strong>suffragia</strong></span> <span class='ocrx_word' id='word_1_25' title='bbox 1568 608 1758 655; x_wconf 82' lang='lat' dir='ltr'><strong>nostro</strong></span> <span class='ocrx_word' id='word_1_26' title='bbox 1777 640 1793 666; x_wconf 88' lang='lat'>‚</span> 
     </span>
     <span class='ocr_line' id='line_1_6' title="bbox 395 688 1734 776; baseline 0.004 -29"><span class='ocrx_word' id='word_1_27' title='bbox 395 689 500 747; x_wconf 80' lang='lat' dir='ltr'><strong>Vix</strong></span> <span class='ocrx_word' id='word_1_28' title='bbox 532 688 640 748; x_wconf 85' lang='lat' dir='ltr'><strong>sibi</strong></span> <span class='ocrx_word' id='word_1_29' title='bbox 675 713 841 770; x_wconf 90' lang='lat' dir='ltr'><strong>quum</strong></span> <span class='ocrx_word' id='word_1_30' title='bbox 874 690 1103 750; x_wconf 87' lang='lat' dir='ltr'><strong>miseros</strong></span> <span class='ocrx_word' id='word_1_31' title='bbox 1131 714 1292 773; x_wconf 90' lang='lat' dir='ltr'><strong>posse</strong></span> <span class='ocrx_word' id='word_1_32' title='bbox 1321 691 1531 775; x_wconf 89' lang='lat' dir='ltr'><strong>placere</strong></span> <span class='ocrx_word' id='word_1_33' title='bbox 1557 709 1734 776; x_wconf 89' lang='lat' dir='ltr'><strong>putes.</strong></span> 
     </span>
     <span class='ocr_line' id='line_1_7' title="bbox 314 785 2083 872; baseline 0.001 -27"><span class='ocrx_word' id='word_1_34' title='bbox 314 787 463 845; x_wconf 91' lang='lat' dir='ltr'><strong>Dum</strong></span> <span class='ocrx_word' id='word_1_35' title='bbox 495 799 674 844; x_wconf 88' lang='lat' dir='ltr'><strong>tamen</strong></span> <span class='ocrx_word' id='word_1_36' title='bbox 704 785 762 843; x_wconf 91' lang='lat' dir='ltr'><strong>in</strong></span> <span class='ocrx_word' id='word_1_37' title='bbox 789 785 953 845; x_wconf 89' lang='lat' dir='ltr'><strong>rebus</strong></span> <span class='ocrx_word' id='word_1_38' title='bbox 984 800 1256 848; x_wconf 78' lang='lat' dir='ltr'><strong>tentamus</strong></span> <span class='ocrx_word' id='word_1_39' title='bbox 1285 788 1518 871; x_wconf 84' lang='lat' dir='ltr'><strong>carmina</strong></span> <span class='ocrx_word' id='word_1_40' title='bbox 1546 790 1758 872; x_wconf 86' lang='lat' dir='ltr'><strong>parvis,</strong></span> <span class='ocrx_word' id='word_1_41' title='bbox 2032 806 2083 847; x_wconf 81' lang='lat'><strong>25</strong></span> 
     </span>
     <span class='ocr_line' id='line_1_8' title="bbox 399 882 1439 963; baseline 0.005 -21"><span class='ocrx_word' id='word_1_42' title='bbox 399 883 640 942; x_wconf 77' lang='lat' dir='ltr'><strong>Materiae</strong></span> <span class='ocrx_word' id='word_1_43' title='bbox 671 882 856 960; x_wconf 79' lang='lat' dir='ltr'>gracili</span> <span class='ocrx_word' id='word_1_44' title='bbox 888 884 1088 944; x_wconf 86' lang='lat' dir='ltr'><strong>sufficit</strong></span> <span class='ocrx_word' id='word_1_45' title='bbox 1118 884 1399 963; x_wconf 83' lang='lat' dir='ltr'>ingenium</span> <span class='ocrx_word' id='word_1_46' title='bbox 1426 910 1439 946; x_wconf 93' lang='lat'>:</span> 
     </span>
     <span class='ocr_line' id='line_1_9' title="bbox 317 981 1727 1066; baseline 0.001 -26"><span class='ocrx_word' id='word_1_47' title='bbox 317 983 509 1063; x_wconf 85' lang='lat' dir='ltr'><strong>Nuper</strong></span> <span class='ocrx_word' id='word_1_48' title='bbox 538 996 599 1040; x_wconf 88' lang='lat' dir='ltr'><strong>ut</strong></span> <span class='ocrx_word' id='word_1_49' title='bbox 629 981 737 1040; x_wconf 91' lang='lat' dir='ltr'><strong>huc</strong></span> <span class='ocrx_word' id='word_1_50' title='bbox 765 981 945 1059; x_wconf 87' lang='lat' dir='ltr'><strong>magni</strong></span> <span class='ocrx_word' id='word_1_51' title='bbox 979 982 1225 1064; x_wconf 86' lang='lat' dir='ltr'><strong>pervenit</strong></span> <span class='ocrx_word' id='word_1_52' title='bbox 1252 983 1392 1043; x_wconf 85' lang='lat' dir='ltr'><strong>fama</strong></span> <span class='ocrx_word' id='word_1_53' title='bbox 1426 982 1727 1066; x_wconf 84' lang='lat' dir='ltr'><strong>triumphi,</strong></span> 
     </span>
     <span class='ocr_line' id='line_1_10' title="bbox 396 1078 1544 1161; baseline 0.002 -25"><span class='ocrx_word' id='word_1_54' title='bbox 396 1079 584 1136; x_wconf 87' lang='lat' dir='ltr'><strong>Ausus</strong></span> <span class='ocrx_word' id='word_1_55' title='bbox 615 1101 731 1136; x_wconf 89' lang='lat' dir='ltr'><strong>sum</strong></span> <span class='ocrx_word' id='word_1_56' title='bbox 766 1092 925 1138; x_wconf 83' lang='lat' dir='ltr'><strong>tantae</strong></span> <span class='ocrx_word' id='word_1_57' title='bbox 955 1102 1166 1139; x_wconf 89' lang='lat' dir='ltr'><strong>sumere</strong></span> <span class='ocrx_word' id='word_1_58' title='bbox 1194 1078 1355 1139; x_wconf 91' lang='lat' dir='ltr'><strong>molis</strong></span> <span class='ocrx_word' id='word_1_59' title='bbox 1386 1103 1544 1161; x_wconf 74' lang='lat' dir='ltr'><strong>opuS.</strong></span> 
     </span>
     <span class='ocr_line' id='line_1_11' title="bbox 319 1172 1745 1259; baseline 0.003 -26"><span class='ocrx_word' id='word_1_60' title='bbox 319 1172 529 1233; x_wconf 81' lang='lat' dir='ltr'><strong>Obruit</strong></span> <span class='ocrx_word' id='word_1_61' title='bbox 556 1173 842 1233; x_wconf 86' lang='lat' dir='ltr'><strong>audentem</strong></span> <span class='ocrx_word' id='word_1_62' title='bbox 872 1198 1053 1234; x_wconf 87' lang='lat' dir='ltr'><strong>rerum</strong></span> <span class='ocrx_word' id='word_1_63' title='bbox 1085 1175 1428 1257; x_wconf 86' lang='lat' dir='ltr'><strong>gravitasque</strong></span> <span class='ocrx_word' id='word_1_64' title='bbox 1457 1175 1745 1259; x_wconf 89' lang='lat' dir='ltr'><strong>nitorque;</strong></span> 
     </span>
     <span class='ocr_line' id='line_1_12' title="bbox 396 1271 2090 1354; baseline -0.001 -23"><span class='ocrx_word' id='word_1_65' title='bbox 396 1273 509 1331; x_wconf 84' lang='lat' dir='ltr'><strong>Nec</strong></span> <span class='ocrx_word' id='word_1_66' title='bbox 536 1271 697 1353; x_wconf 89' lang='lat' dir='ltr'><strong>potui</strong></span> <span class='ocrx_word' id='word_1_67' title='bbox 726 1271 891 1353; x_wconf 89' lang='lat' dir='ltr'><strong>coepti</strong></span> <span class='ocrx_word' id='word_1_68' title='bbox 918 1271 1163 1354; x_wconf 89' lang='lat' dir='ltr'><strong>pondera</strong></span> <span class='ocrx_word' id='word_1_69' title='bbox 1189 1271 1329 1332; x_wconf 87' lang='lat' dir='ltr'><strong>ferre</strong></span> <span class='ocrx_word' id='word_1_70' title='bbox 1359 1273 1482 1332; x_wconf 88' lang='lat' dir='ltr'><strong>mei.</strong></span> <span class='ocrx_word' id='word_1_71' title='bbox 2037 1292 2090 1332; x_wconf 84' lang='lat'><strong>30</strong></span> 
     </span>
     <span class='ocr_line' id='line_1_13' title="bbox 308 1366 1633 1451; baseline 0.002 -25"><span class='ocrx_word' id='word_1_72' title='bbox 308 1366 429 1428; x_wconf 90' lang='lat' dir='ltr'><strong>Illic</strong></span> <span class='ocrx_word' id='word_1_73' title='bbox 449 1416 462 1440; x_wconf 90' lang='lat'><strong>‚</strong></span> <span class='ocrx_word' id='word_1_74' title='bbox 495 1392 655 1451; x_wconf 89' lang='lat' dir='ltr'><strong>quam</strong></span> <span class='ocrx_word' id='word_1_75' title='bbox 686 1367 904 1440; x_wconf 87' lang='lat' dir='ltr'><strong>laudes,</strong></span> <span class='ocrx_word' id='word_1_76' title='bbox 939 1369 1041 1429; x_wconf 87' lang='lat' dir='ltr'><strong>erit</strong></span> <span class='ocrx_word' id='word_1_77' title='bbox 1071 1369 1316 1430; x_wconf 82' lang='lat' dir='ltr'><strong>officiosa</strong></span> <span class='ocrx_word' id='word_1_78' title='bbox 1342 1370 1596 1431; x_wconf 88' lang='lat' dir='ltr'><strong>voluntas</strong></span> <span class='ocrx_word' id='word_1_79' title='bbox 1620 1396 1633 1428; x_wconf 89' lang='lat'><strong>:</strong></span> 
     </span>
     <span class='ocr_line' id='line_1_14' title="bbox 399 1464 1396 1542; baseline 0.002 -19"><span class='ocrx_word' id='word_1_80' title='bbox 399 1465 606 1523; x_wconf 83' lang='lat' dir='ltr'><strong>Caetera</strong></span> <span class='ocrx_word' id='word_1_81' title='bbox 635 1465 856 1524; x_wconf 87' lang='lat' dir='ltr'><strong>materia</strong></span> <span class='ocrx_word' id='word_1_82' title='bbox 891 1464 1173 1525; x_wconf 84' lang='lat' dir='ltr'><strong>debilitata</strong></span> <span class='ocrx_word' id='word_1_83' title='bbox 1200 1466 1396 1542; x_wconf 87' lang='lat' dir='ltr'><strong>jacent.</strong></span> 
     </span>
     <span class='ocr_line' id='line_1_15' title="bbox 315 1558 1734 1640; baseline 0.001 -21"><span class='ocrx_word' id='word_1_84' title='bbox 315 1559 487 1640; x_wconf 82' lang='lat' dir='ltr'><strong>Quod</strong></span> <span class='ocrx_word' id='word_1_85' title='bbox 525 1561 571 1619; x_wconf 89' lang='lat' dir='ltr'><strong>si</strong></span> <span class='ocrx_word' id='word_1_86' title='bbox 601 1560 745 1618; x_wconf 87' lang='lat' dir='ltr'><strong>forte</strong></span> <span class='ocrx_word' id='word_1_87' title='bbox 772 1559 915 1640; x_wconf 79' lang='lat' dir='ltr'><strong>liber</strong></span> <span class='ocrx_word' id='word_1_88' title='bbox 940 1571 1146 1617; x_wconf 85' lang='lat' dir='ltr'><strong>vestras</strong></span> <span class='ocrx_word' id='word_1_89' title='bbox 1175 1558 1424 1639; x_wconf 85' lang='lat' dir='ltr'><strong>pervenit</strong></span> <span class='ocrx_word' id='word_1_90' title='bbox 1450 1558 1519 1618; x_wconf 90' lang='lat' dir='ltr'><strong>ad</strong></span> <span class='ocrx_word' id='word_1_91' title='bbox 1547 1583 1734 1630; x_wconf 79' lang='lat' dir='ltr'><strong>aureS‚</strong></span> 
     </span>
     <span class='ocr_line' id='line_1_16' title="bbox 391 1654 1416 1718; baseline 0.001 -1"><span class='ocrx_word' id='word_1_92' title='bbox 391 1656 645 1717; x_wconf 88' lang='lat' dir='ltr'><strong>Tutelam</strong></span> <span class='ocrx_word' id='word_1_93' title='bbox 674 1656 875 1717; x_wconf 89' lang='lat' dir='ltr'><strong>mando</strong></span> <span class='ocrx_word' id='word_1_94' title='bbox 905 1655 1105 1716; x_wconf 88' lang='lat' dir='ltr'><strong>sentiat</strong></span> <span class='ocrx_word' id='word_1_95' title='bbox 1129 1654 1221 1715; x_wconf 89' lang='lat' dir='ltr'><strong>ille</strong></span> <span class='ocrx_word' id='word_1_96' title='bbox 1251 1670 1416 1718; x_wconf 88' lang='lat' dir='ltr'><strong>tuam.</strong></span> 
     </span>
     <span class='ocr_line' id='line_1_17' title="bbox 309 1751 2090 1835; baseline -0.001 -21"><span class='ocrx_word' id='word_1_97' title='bbox 309 1756 432 1814; x_wconf 90' lang='lat' dir='ltr'><strong>Hoc</strong></span> <span class='ocrx_word' id='word_1_98' title='bbox 460 1753 563 1813; x_wconf 87' lang='lat' dir='ltr'><strong>tibi</strong></span> <span class='ocrx_word' id='word_1_99' title='bbox 593 1753 833 1825; x_wconf 80' lang='lat' dir='ltr'><strong>factum,</strong></span> <span class='ocrx_word' id='word_1_100' title='bbox 862 1751 948 1813; x_wconf 82' lang='lat' dir='ltr'><strong>vel</strong></span> <span class='ocrx_word' id='word_1_101' title='bbox 979 1753 1029 1812; x_wconf 78' lang='lat' dir='ltr'><strong>si.</strong></span> <span class='ocrx_word' id='word_1_102' title='bbox 1055 1776 1171 1812; x_wconf 90' lang='lat' dir='ltr'><strong>non</strong></span> <span class='ocrx_word' id='word_1_103' title='bbox 1195 1753 1316 1835; x_wconf 86' lang='lat' dir='ltr'><strong>ipse</strong></span> <span class='ocrx_word' id='word_1_104' title='bbox 1344 1775 1621 1830; x_wconf 82' lang='lat' dir='ltr'><strong>rogarem,</strong></span> <span class='ocrx_word' id='word_1_105' title='bbox 2036 1772 2090 1814; x_wconf 80' lang='grc'><strong>35</strong></span> 
     </span>
     <span class='ocr_line' id='line_1_18' title="bbox 393 1849 1511 1929; baseline -0.004 -15"><span class='ocrx_word' id='word_1_106' title='bbox 393 1854 634 1914; x_wconf 84' lang='lat' dir='ltr'><strong>Accedat</strong></span> <span class='ocrx_word' id='word_1_107' title='bbox 664 1851 915 1918; x_wconf 89' lang='lat' dir='ltr'><strong>cumulus</strong></span> <span class='ocrx_word' id='word_1_108' title='bbox 945 1850 1118 1929; x_wconf 65' lang='lat' dir='ltr'><strong>gratia</strong></span> <span class='ocrx_word' id='word_1_109' title='bbox 1144 1865 1334 1911; x_wconf 89' lang='lat' dir='ltr'><strong>nostra</strong></span> <span class='ocrx_word' id='word_1_110' title='bbox 1359 1849 1511 1910; x_wconf 83' lang='lat' dir='ltr'><strong>levis.</strong></span> 
     </span>
    </p>
   </div>
   <div class='ocr_carea' id='block_1_4' title="bbox 309 1969 2089 2029">
    <p class='ocr_par' dir='ltr' id='par_1_4' title="bbox 309 1969 2089 2029">
     <span class='ocr_line' id='line_1_19' title="bbox 309 1969 2089 2029; baseline -0.002 -12"><span class='ocrx_word' id='word_1_111' title='bbox 309 1977 476 2018; x_wconf 83' lang='lat' dir='ltr'><strong>ductum</strong></span> <span class='ocrx_word' id='word_1_112' title='bbox 518 1990 682 2017; x_wconf 82' lang='lat' dir='ltr'><strong>carmen</strong></span> <span class='ocrx_word' id='word_1_113' title='bbox 721 1981 872 2015; x_wconf 86' lang='lat' dir='ltr'><strong>nostro</strong></span> <span class='ocrx_word' id='word_1_114' title='bbox 902 1973 1031 2015; x_wconf 92' lang='lat' dir='ltr'><strong>Pont.</strong></span> <span class='ocrx_word' id='word_1_115' title='bbox 1046 1972 1133 2029; x_wconf 83' lang='lat' dir='ltr'><strong>-IV</strong></span> <span class='ocrx_word' id='word_1_116' title='bbox 1147 2004 1159 2025; x_wconf 91' lang='lat'>,</span> <span class='ocrx_word' id='word_1_117' title='bbox 1239 1971 1324 2015; x_wconf 86' lang='lat' dir='ltr'><strong>acri</strong></span> <span class='ocrx_word' id='word_1_118' title='bbox 1340 1971 1465 2015; x_wconf 84' lang='lat' dir='ltr'><strong>Tibia</strong></span> <span class='ocrx_word' id='word_1_119' title='bbox 1483 1986 1628 2021; x_wconf 82' lang='lat' dir='ltr'><strong>sumes</strong></span> <span class='ocrx_word' id='word_1_120' title='bbox 1645 1969 1863 2014; x_wconf 83' lang='lat' dir='ltr'><strong>celebrare</strong></span> <span class='ocrx_word' id='word_1_121' title='bbox 1881 2003 1893 2023; x_wconf 89' lang='lat'>,</span> <span class='ocrx_word' id='word_1_122' title='bbox 1918 1969 2049 2014; x_wconf 84' lang='lat' dir='ltr'><strong>Clio?</strong></span> <span class='ocrx_word' id='word_1_123' title='bbox 2068 1989 2089 2008; x_wconf 65' lang='grc' dir='ltr'><strong>»ι</strong></span> 
     </span>
    </p>
   </div>
   <div class='ocr_carea' id='block_1_5' title="bbox 256 2036 1165 3451">
    <p class='ocr_par' dir='ltr' id='par_1_5' title="bbox 308 2036 1164 2286">
     <span class='ocr_line' id='line_1_20' title="bbox 312 2036 1161 2095; baseline -0.005 -13"><span class='ocrx_word' id='word_1_124' title='bbox 312 2039 433 2095; x_wconf 87' lang='lat' dir='ltr'><strong>Eleg.</strong></span> <span class='ocrx_word' id='word_1_125' title='bbox 455 2054 472 2081; x_wconf 92' lang='lat'>1</span> <span class='ocrx_word' id='word_1_126' title='bbox 490 2073 502 2094; x_wconf 88' lang='lat'><strong><em>,</em></strong></span> <span class='ocrx_word' id='word_1_127' title='bbox 524 2056 582 2081; x_wconf 87' lang='lat' dir='ltr'><strong>vs.</strong></span> <span class='ocrx_word' id='word_1_128' title='bbox 607 2055 625 2080; x_wconf 88' lang='lat'>1</span> <span class='ocrx_word' id='word_1_129' title='bbox 643 2072 652 2085; x_wconf 84' lang='grc'><strong><em>.</em></strong></span> <span class='ocrx_word' id='word_1_130' title='bbox 678 2047 723 2080; x_wconf 88' lang='lat' dir='ltr'><strong>et</strong></span> <span class='ocrx_word' id='word_1_131' title='bbox 739 2036 925 2093; x_wconf 83' lang='lat' dir='ltr'><strong>Virgilio</strong></span> <span class='ocrx_word' id='word_1_132' title='bbox 946 2036 991 2078; x_wconf 87' lang='lat' dir='ltr'><strong>in</strong></span> <span class='ocrx_word' id='word_1_133' title='bbox 1015 2037 1161 2093; x_wconf 69' lang='lat' dir='ltr'><strong>Buco-</strong></span> 
     </span>
     <span class='ocr_line' id='line_1_21' title="bbox 308 2100 1164 2159; baseline -0.006 -12"><span class='ocrx_word' id='word_1_134' title='bbox 308 2103 401 2147; x_wconf 84' lang='lat' dir='ltr'><strong>licis</strong></span> <span class='ocrx_word' id='word_1_135' title='bbox 417 2138 428 2159; x_wconf 91' lang='lat'>,</span> <span class='ocrx_word' id='word_1_136' title='bbox 451 2102 599 2158; x_wconf 87' lang='lat' dir='ltr'><strong>Eclog.</strong></span> <span class='ocrx_word' id='word_1_137' title='bbox 618 2102 684 2146; x_wconf 82' lang='lat' dir='ltr'><strong>VI</strong></span> <span class='ocrx_word' id='word_1_138' title='bbox 703 2134 714 2155; x_wconf 92' lang='lat'>‚</span> <span class='ocrx_word' id='word_1_139' title='bbox 737 2118 796 2144; x_wconf 86' lang='lat' dir='ltr'><strong>vs.</strong></span> <span class='ocrx_word' id='word_1_140' title='bbox 817 2104 854 2144; x_wconf 88' lang='lat'><strong>5.</strong></span> <span class='ocrx_word' id='word_1_141' title='bbox 876 2100 1164 2143; x_wconf 73' lang='lat' dir='ltr'><strong>H.—Strt‘ctos</strong></span> 
     </span>
     <span class='ocr_line' id='line_1_22' title="bbox 310 2163 1162 2225; baseline -0.007 -14"><span class='ocrx_word' id='word_1_142' title='bbox 310 2168 395 2225; x_wconf 84' lang='lat' dir='ltr'><strong>legi</strong></span> <span class='ocrx_word' id='word_1_143' title='bbox 433 2184 456 2210; x_wconf 88' lang='lat' dir='ltr'><strong>a</strong></span> <span class='ocrx_word' id='word_1_144' title='bbox 487 2165 767 2222; x_wconf 82' lang='lat' dir='ltr'><strong>quibusdam,</strong></span> <span class='ocrx_word' id='word_1_145' title='bbox 802 2164 845 2207; x_wconf 90' lang='lat' dir='ltr'><strong>id</strong></span> <span class='ocrx_word' id='word_1_146' title='bbox 877 2172 966 2218; x_wconf 81' lang='lat' dir='ltr'><strong>est,</strong></span> <span class='ocrx_word' id='word_1_147' title='bbox 994 2163 1162 2218; x_wconf 85' lang='lat' dir='ltr'><strong>nudos,</strong></span> 
     </span>
     <span class='ocr_line' id='line_1_23' title="bbox 315 2229 1049 2286; baseline -0.01 -9"><span class='ocrx_word' id='word_1_148' title='bbox 315 2243 468 2277; x_wconf 86' lang='lat' dir='ltr'><strong>tenues</strong></span> <span class='ocrx_word' id='word_1_149' title='bbox 486 2266 496 2286; x_wconf 89' lang='lat'>,</span> <span class='ocrx_word' id='word_1_150' title='bbox 522 2240 646 2276; x_wconf 81' lang='lat' dir='ltr'><strong>notat</strong></span> <span class='ocrx_word' id='word_1_151' title='bbox 666 2232 976 2283; x_wconf 86' lang='lat' dir='ltr'><strong>Bersmannus.</strong></span> <span class='ocrx_word' id='word_1_152' title='bbox 1046 2229 1049 2232; x_wconf 70' lang='grc'><strong>’</strong></span> 
     </span>
    </p>

    <p class='ocr_par' dir='ltr' id='par_1_6' title="bbox 300 2292 1165 2488">
     <span class='ocr_line' id='line_1_24' title="bbox 368 2292 1162 2343; baseline -0.006 0"><span class='ocrx_word' id='word_1_153' title='bbox 368 2318 433 2343; x_wconf 82' lang='lat'><strong>22.</strong></span> <span class='ocrx_word' id='word_1_154' title='bbox 454 2302 643 2342; x_wconf 76' lang='lat' dir='ltr'><strong>Plaudc&#39;s.</strong></span> <span class='ocrx_word' id='word_1_155' title='bbox 666 2296 918 2341; x_wconf 85' lang='lat' dir='ltr'><strong>Gratularis.</strong></span> <span class='ocrx_word' id='word_1_156' title='bbox 934 2292 988 2328; x_wconf 57' lang='grc' dir='ltr'><strong>ἕ-</strong></span> <span class='ocrx_word' id='word_1_157' title='bbox 1005 2297 1049 2338; x_wconf 88' lang='grc' dir='ltr'><em>Ε</em></span> <span class='ocrx_word' id='word_1_158' title='bbox 1064 2299 1162 2338; x_wconf 67' lang='lat' dir='ltr'><strong>rivo.</strong></span> 
     </span>
     <span class='ocr_line' id='line_1_25' title="bbox 314 2360 1165 2422; baseline -0.009 -14"><span class='ocrx_word' id='word_1_159' title='bbox 314 2366 379 2408; x_wconf 85' lang='lat' dir='ltr'><strong>Ex</strong></span> <span class='ocrx_word' id='word_1_160' title='bbox 393 2380 524 2422; x_wconf 88' lang='lat' dir='ltr'><strong>parva</strong></span> <span class='ocrx_word' id='word_1_161' title='bbox 536 2361 712 2419; x_wconf 87' lang='lat' dir='ltr'><strong>poeticae</strong></span> <span class='ocrx_word' id='word_1_162' title='bbox 730 2360 1165 2414; x_wconf 61' lang='lat' dir='ltr'><strong>facultate—Magna</strong></span> 
     </span>
     <span class='ocr_line' id='line_1_26' title="bbox 300 2422 1163 2488; baseline -0.008 -16"><span class='ocrx_word' id='word_1_163' title='bbox 300 2430 437 2486; x_wconf 69' lang='lat' dir='ltr'><strong>facis.</strong></span> <span class='ocrx_word' id='word_1_164' title='bbox 468 2430 620 2469; x_wconf 76' lang='lat' dir='ltr'><strong>Trahae‘s</strong></span> <span class='ocrx_word' id='word_1_165' title='bbox 643 2426 864 2481; x_wconf 84' lang='lat' dir='ltr'><strong>eleganter</strong></span> <span class='ocrx_word' id='word_1_166' title='bbox 883 2440 998 2488; x_wconf 77' lang='lat' dir='ltr'><strong>¹unus</strong></span> <span class='ocrx_word' id='word_1_167' title='bbox 1021 2422 1163 2465; x_wconf 85' lang='lat' dir='ltr'><strong>Vatic.</strong></span> 
     </span>
    </p>

    <p class='ocr_par' dir='ltr' id='par_1_7' title="bbox 256 2487 1162 3180">
     <span class='ocr_line' id='line_1_27' title="bbox 368 2487 1162 2547; baseline -0.009 -12"><span class='ocrx_word' id='word_1_168' title='bbox 368 2495 432 2547; x_wconf 74' lang='lat'><strong>24.</strong></span> <span class='ocrx_word' id='word_1_169' title='bbox 463 2495 545 2535; x_wconf 75' lang='lat' dir='ltr'><strong>Vix</strong></span> <span class='ocrx_word' id='word_1_170' title='bbox 565 2494 652 2533; x_wconf 76' lang='lat' dir='ltr'><strong>sibi</strong></span> <span class='ocrx_word' id='word_1_171' title='bbox 661 2507 780 2546; x_wconf 81' lang='lat' dir='ltr'><strong>quum</strong></span> <span class='ocrx_word' id='word_1_172' title='bbox 794 2493 978 2531; x_wconf 79' lang='lat' dir='ltr'><strong>miseros.</strong></span> <span class='ocrx_word' id='word_1_173' title='bbox 1000 2487 1162 2530; x_wconf 88' lang='lat' dir='ltr'><strong>Sensus</strong></span> 
     </span>
     <span class='ocr_line' id='line_1_28' title="bbox 256 2555 1160 2614; baseline -0.008 -13"><span class='ocrx_word' id='word_1_174' title='bbox 256 2594 258 2596; x_wconf 94' lang='lat'>.</span> <span class='ocrx_word' id='word_1_175' title='bbox 314 2567 377 2600; x_wconf 83' lang='lat' dir='ltr'><strong>est</strong></span> <span class='ocrx_word' id='word_1_176' title='bbox 399 2574 408 2600; x_wconf 92' lang='lat'>:</span> <span class='ocrx_word' id='word_1_177' title='bbox 431 2565 549 2614; x_wconf 84' lang='lat' dir='ltr'><strong>grata</strong></span> <span class='ocrx_word' id='word_1_178' title='bbox 570 2565 671 2599; x_wconf 87' lang='lat' dir='ltr'><strong>sunt</strong></span> <span class='ocrx_word' id='word_1_179' title='bbox 692 2563 735 2597; x_wconf 86' lang='lat' dir='ltr'><strong>et</strong></span> <span class='ocrx_word' id='word_1_180' title='bbox 756 2555 849 2597; x_wconf 83' lang='lat' dir='ltr'><strong>laeta</strong></span> <span class='ocrx_word' id='word_1_181' title='bbox 871 2569 965 2609; x_wconf 84' lang='lat' dir='ltr'><strong>quae</strong></span> <span class='ocrx_word' id='word_1_182' title='bbox 987 2568 1066 2608; x_wconf 89' lang='lat' dir='ltr'><strong>pro</strong></span> <span class='ocrx_word' id='word_1_183' title='bbox 1089 2568 1160 2595; x_wconf 90' lang='lat' dir='ltr'><strong>me</strong></span> 
     </span>
     <span class='ocr_line' id='line_1_29' title="bbox 310 2618 1160 2678; baseline -0.006 -12"><span class='ocrx_word' id='word_1_184' title='bbox 310 2623 436 2666; x_wconf 81' lang='lat' dir='ltr'><strong>facis:</strong></span> <span class='ocrx_word' id='word_1_185' title='bbox 457 2622 651 2678; x_wconf 87' lang='lat' dir='ltr'><strong>quamvis</strong></span> <span class='ocrx_word' id='word_1_186' title='bbox 669 2620 738 2663; x_wconf 84' lang='lat' dir='ltr'><strong>vix</strong></span> <span class='ocrx_word' id='word_1_187' title='bbox 759 2618 961 2662; x_wconf 80' lang='lat' dir='ltr'><strong>credibile</strong></span> <span class='ocrx_word' id='word_1_188' title='bbox 982 2618 1061 2672; x_wconf 87' lang='lat' dir='ltr'><strong>sit,</strong></span> <span class='ocrx_word' id='word_1_189' title='bbox 1084 2619 1160 2661; x_wconf 90' lang='lat' dir='ltr'><strong>mi·</strong></span> 
     </span>
     <span class='ocr_line' id='line_1_30' title="bbox 317 2684 1158 2742; baseline -0.006 -12"><span class='ocrx_word' id='word_1_190' title='bbox 317 2704 465 2731; x_wconf 89' lang='lat' dir='ltr'><strong>serum</strong></span> <span class='ocrx_word' id='word_1_191' title='bbox 485 2702 702 2742; x_wconf 82' lang='lat' dir='ltr'><strong>quemque</strong></span> <span class='ocrx_word' id='word_1_192' title='bbox 726 2700 847 2741; x_wconf 89' lang='lat' dir='ltr'><strong>posse</strong></span> <span class='ocrx_word' id='word_1_193' title='bbox 870 2684 954 2726; x_wconf 85' lang='lat' dir='ltr'><strong>ulla</strong></span> <span class='ocrx_word' id='word_1_194' title='bbox 976 2700 1021 2726; x_wconf 90' lang='lat' dir='ltr'><strong>re</strong></span> <span class='ocrx_word' id='word_1_195' title='bbox 1046 2700 1158 2740; x_wconf 86' lang='lat' dir='ltr'><strong>gau-</strong></span> 
     </span>
     <span class='ocr_line' id='line_1_31' title="bbox 312 2749 1161 2805; baseline -0.002 -11"><span class='ocrx_word' id='word_1_196' title='bbox 312 2753 446 2805; x_wconf 87' lang='lat' dir='ltr'><strong>dere,</strong></span> <span class='ocrx_word' id='word_1_197' title='bbox 479 2760 522 2793; x_wconf 80' lang='lat' dir='ltr'><strong>et</strong></span> <span class='ocrx_word' id='word_1_198' title='bbox 553 2750 611 2792; x_wconf 90' lang='lat' dir='ltr'><strong>illi</strong></span> <span class='ocrx_word' id='word_1_199' title='bbox 641 2765 737 2792; x_wconf 83' lang='lat' dir='ltr'><strong>earn</strong></span> <span class='ocrx_word' id='word_1_200' title='bbox 767 2749 946 2804; x_wconf 85' lang='lat' dir='ltr'><strong>placere.</strong></span> <span class='ocrx_word' id='word_1_201' title='bbox 974 2750 1058 2791; x_wconf 83' lang='lat' dir='ltr'><strong>Vel</strong></span> <span class='ocrx_word' id='word_1_202' title='bbox 1079 2749 1161 2792; x_wconf 87' lang='lat' dir='ltr'><strong>hoc</strong></span> 
     </span>
     <span class='ocr_line' id='line_1_32' title="bbox 312 2812 1159 2871; baseline -0.006 -13"><span class='ocrx_word' id='word_1_203' title='bbox 312 2815 415 2858; x_wconf 86' lang='lat' dir='ltr'><strong>dicit</strong></span> <span class='ocrx_word' id='word_1_204' title='bbox 437 2822 640 2871; x_wconf 54' lang='lat' dir='ltr'><strong>{gratum</strong></span> <span class='ocrx_word' id='word_1_205' title='bbox 662 2821 725 2855; x_wconf 87' lang='lat' dir='ltr'><strong>est</strong></span> <span class='ocrx_word' id='word_1_206' title='bbox 749 2813 772 2855; x_wconf 84' lang='lat' dir='ltr'><strong>a&#39;</strong></span> <span class='ocrx_word' id='word_1_207' title='bbox 795 2821 834 2855; x_wconf 84' lang='lat' dir='ltr'><strong>te</strong></span> <span class='ocrx_word' id='word_1_208' title='bbox 860 2812 1031 2868; x_wconf 86' lang='lat' dir='ltr'><strong>probari</strong></span> <span class='ocrx_word' id='word_1_209' title='bbox 1056 2829 1159 2855; x_wconf 84' lang='lat' dir='ltr'><strong>car-</strong></span> 
     </span>
     <span class='ocr_line' id='line_1_33' title="bbox 310 2876 1159 2935; baseline -0.004 -13"><span class='ocrx_word' id='word_1_210' title='bbox 310 2895 415 2922; x_wconf 88' lang='lat' dir='ltr'><strong>men</strong></span> <span class='ocrx_word' id='word_1_211' title='bbox 445 2893 596 2920; x_wconf 87' lang='lat' dir='ltr'><strong>meum</strong></span> <span class='ocrx_word' id='word_1_212' title='bbox 613 2911 622 2927; x_wconf 89' lang='lat'>‚</span> <span class='ocrx_word' id='word_1_213' title='bbox 650 2877 765 2932; x_wconf 90' lang='lat' dir='ltr'><strong>quod</strong></span> <span class='ocrx_word' id='word_1_214' title='bbox 790 2885 865 2920; x_wconf 87' lang='lat' dir='ltr'><strong>tuo</strong></span> <span class='ocrx_word' id='word_1_215' title='bbox 890 2877 1050 2935; x_wconf 81' lang='lat' dir='ltr'><strong>judicio</strong></span> <span class='ocrx_word' id='word_1_216' title='bbox 1073 2876 1159 2919; x_wconf 86' lang='lat' dir='ltr'><strong>ali—</strong></span> 
     </span>
     <span class='ocr_line' id='line_1_34' title="bbox 311 2942 1160 3002; baseline -0.002 -16"><span class='ocrx_word' id='word_1_217' title='bbox 311 2944 416 3000; x_wconf 92' lang='lat' dir='ltr'><strong>quid</strong></span> <span class='ocrx_word' id='word_1_218' title='bbox 431 2960 520 2986; x_wconf 83' lang='lat' dir='ltr'><strong>esse</strong></span> <span class='ocrx_word' id='word_1_219' title='bbox 534 2942 756 2985; x_wconf 86' lang='lat' dir='ltr'><strong>existimo:</strong></span> <span class='ocrx_word' id='word_1_220' title='bbox 773 2959 874 2984; x_wconf 86' lang='lat' dir='ltr'><strong>nam</strong></span> <span class='ocrx_word' id='word_1_221' title='bbox 892 2942 1160 3002; x_wconf 73' lang='lat' dir='ltr'><strong>meoiudicio</strong></span> 
     </span>
     <span class='ocr_line' id='line_1_35' title="bbox 309 3007 1159 3063; baseline -0.004 -11"><span class='ocrx_word' id='word_1_222' title='bbox 309 3009 419 3052; x_wconf 89' lang='lat' dir='ltr'><strong>nibil</strong></span> <span class='ocrx_word' id='word_1_223' title='bbox 438 3018 502 3051; x_wconf 87' lang='lat' dir='ltr'><strong>est</strong></span> <span class='ocrx_word' id='word_1_224' title='bbox 523 3007 638 3063; x_wconf 91' lang='lat' dir='ltr'><strong>quod</strong></span> <span class='ocrx_word' id='word_1_225' title='bbox 657 3007 846 3050; x_wconf 89' lang='lat' dir='ltr'><strong>credam.</strong></span> <span class='ocrx_word' id='word_1_226' title='bbox 867 3009 952 3049; x_wconf 85' lang='lat' dir='ltr'><strong>Vix</strong></span> <span class='ocrx_word' id='word_1_227' title='bbox 973 3007 1090 3050; x_wconf 89' lang='lat' dir='ltr'><strong>enim</strong></span> <span class='ocrx_word' id='word_1_228' title='bbox 1113 3007 1159 3049; x_wconf 84' lang='lat' dir='ltr'><strong>in</strong></span> 
     </span>
     <span class='ocr_line' id='line_1_36' title="bbox 310 3072 1159 3129; baseline -0.004 -12"><span class='ocrx_word' id='word_1_229' title='bbox 310 3074 389 3117; x_wconf 86' lang='lat' dir='ltr'><strong>hac.</strong></span> <span class='ocrx_word' id='word_1_230' title='bbox 403 3073 574 3122; x_wconf 79' lang='lat' dir='ltr'><strong>miseria</strong></span> <span class='ocrx_word' id='word_1_231' title='bbox 588 3072 697 3114; x_wconf 79' lang='lat' dir='ltr'><strong>mihi</strong></span> <span class='ocrx_word' id='word_1_232' title='bbox 713 3072 788 3128; x_wconf 86' lang='lat' dir='ltr'><strong>ipsi</strong></span> <span class='ocrx_word' id='word_1_233' title='bbox 804 3072 950 3129; x_wconf 87' lang='lat' dir='ltr'><strong>placeo</strong></span> <span class='ocrx_word' id='word_1_234' title='bbox 964 3105 975 3125; x_wconf 88' lang='lat'>‚</span> <span class='ocrx_word' id='word_1_235' title='bbox 992 3072 1159 3114; x_wconf 90' lang='lat' dir='ltr'><strong>nedum</strong></span> 
     </span>
     <span class='ocr_line' id='line_1_37' title="bbox 310 3139 640 3180; baseline -0.012 0"><span class='ocrx_word' id='word_1_236' title='bbox 310 3139 503 3180; x_wconf 83' lang='lat' dir='ltr'><strong>carmina</strong></span> <span class='ocrx_word' id='word_1_237' title='bbox 528 3153 640 3180; x_wconf 90' lang='lat' dir='ltr'><strong>mea.</strong></span> 
     </span>
    </p>

    <p class='ocr_par' dir='ltr' id='par_1_8' title="bbox 310 3202 1159 3451">
     <span class='ocr_line' id='line_1_38' title="bbox 367 3202 1159 3255; baseline -0.001 -12"><span class='ocrx_word' id='word_1_238' title='bbox 367 3204 431 3244; x_wconf 82' lang='lat'><strong>28.</strong></span> <span class='ocrx_word' id='word_1_239' title='bbox 459 3204 599 3244; x_wconf 79' lang='lat' dir='ltr'><strong>Tanloe</strong></span> <span class='ocrx_word' id='word_1_240' title='bbox 609 3218 766 3243; x_wconf 84' lang='lat' dir='ltr'><strong>sumere</strong></span> <span class='ocrx_word' id='word_1_241' title='bbox 775 3204 897 3243; x_wconf 76' lang='lat' dir='ltr'><strong>molis</strong></span> <span class='ocrx_word' id='word_1_242' title='bbox 909 3217 1024 3244; x_wconf 87' lang='lat' dir='ltr'><strong>onus.</strong></span> <span class='ocrx_word' id='word_1_243' title='bbox 1044 3202 1159 3255; x_wconf 82' lang='lat' dir='ltr'><strong>Opus</strong></span> 
     </span>
     <span class='ocr_line' id='line_1_39' title="bbox 311 3265 1159 3320; baseline -0.002 -12"><span class='ocrx_word' id='word_1_244' title='bbox 311 3265 511 3308; x_wconf 87' lang='lat' dir='ltr'><strong>meliores</strong></span> <span class='ocrx_word' id='word_1_245' title='bbox 531 3265 734 3320; x_wconf 86' lang='lat' dir='ltr'><strong>plerique.</strong></span> <span class='ocrx_word' id='word_1_246' title='bbox 764 3266 823 3308; x_wconf 90' lang='lat' dir='ltr'><strong>H.</strong></span> <span class='ocrx_word' id='word_1_247' title='bbox 843 3290 897 3297; x_wconf 90' lang='lat'>—</span> <span class='ocrx_word' id='word_1_248' title='bbox 919 3266 1040 3306; x_wconf 85' lang='lat' dir='ltr'><strong>Vere</strong></span> <span class='ocrx_word' id='word_1_249' title='bbox 1066 3281 1076 3307; x_wconf 70' lang='grc' dir='ltr'>ε</span> <span class='ocrx_word' id='word_1_250' title='bbox 1101 3265 1159 3307; x_wconf 85' lang='lat' dir='ltr'><strong>ita</strong></span> 
     </span>
     <span class='ocr_line' id='line_1_40' title="bbox 310 3328 1157 3383; baseline 0 -12"><span class='ocrx_word' id='word_1_251' title='bbox 310 3345 468 3371; x_wconf 82' lang='lat' dir='ltr'><strong>sumere</strong></span> <span class='ocrx_word' id='word_1_252' title='bbox 483 3328 621 3371; x_wconf 83' lang='lat' dir='ltr'><strong>utitur</strong></span> <span class='ocrx_word' id='word_1_253' title='bbox 643 3331 848 3372; x_wconf 82' lang='lat' dir='ltr'><strong>Horatius</strong></span> <span class='ocrx_word' id='word_1_254' title='bbox 861 3363 872 3383; x_wconf 83' lang='lat'>‚</span> <span class='ocrx_word' id='word_1_255' title='bbox 893 3330 935 3383; x_wconf 88' lang='lat' dir='ltr'><strong>I,</strong></span> <span class='ocrx_word' id='word_1_256' title='bbox 958 3329 1045 3371; x_wconf 91' lang='lat' dir='ltr'><strong>Od.</strong></span> <span class='ocrx_word' id='word_1_257' title='bbox 1064 3342 1130 3370; x_wconf 80' lang='lat' dir='ltr'><strong>XII</strong></span> <span class='ocrx_word' id='word_1_258' title='bbox 1147 3345 1157 3371; x_wconf 88' lang='lat'>:</span> 
     </span>
     <span class='ocr_line' id='line_1_41' title="bbox 313 3393 1159 3451; baseline 0.001 -16"><span class='ocrx_word' id='word_1_259' title='bbox 313 3412 334 3431; x_wconf 87' lang='lat'>«</span> <span class='ocrx_word' id='word_1_260' title='bbox 359 3394 509 3449; x_wconf 85' lang='lat' dir='ltr'><strong>Quem</strong></span> <span class='ocrx_word' id='word_1_261' title='bbox 526 3393 666 3436; x_wconf 82' lang='lat' dir='ltr'><strong>virum</strong></span> <span class='ocrx_word' id='word_1_262' title='bbox 679 3427 691 3447; x_wconf 91' lang='lat'>‚</span> <span class='ocrx_word' id='word_1_263' title='bbox 718 3404 792 3437; x_wconf 85' lang='lat' dir='ltr'><strong>aut</strong></span> <span class='ocrx_word' id='word_1_264' title='bbox 812 3394 945 3437; x_wconf 81' lang='lat' dir='ltr'><strong>heroa</strong></span> <span class='ocrx_word' id='word_1_265' title='bbox 959 3395 1049 3451; x_wconf 85' lang='lat' dir='ltr'><strong>lyra</strong></span> <span class='ocrx_word' id='word_1_266' title='bbox 1062 3426 1075 3448; x_wconf 91' lang='lat'>,</span> <span class='ocrx_word' id='word_1_267' title='bbox 1090 3394 1159 3436; x_wconf 88' lang='lat' dir='ltr'><strong>vel</strong></span> 
     </span>
    </p>
   </div>
   <div class='ocr_carea' id='block_1_6' title="bbox 1242 2034 2097 2985">
    <p class='ocr_par' dir='ltr' id='par_1_9' title="bbox 1242 2034 2094 2156">
     <span class='ocr_line' id='line_1_42' title="bbox 1242 2034 2094 2092; baseline 0 -13"><span class='ocrx_word' id='word_1_268' title='bbox 1242 2045 1285 2079; x_wconf 87' lang='lat' dir='ltr'><strong>et</strong></span> <span class='ocrx_word' id='word_1_269' title='bbox 1306 2037 1352 2086; x_wconf 90' lang='grc' dir='ltr'><strong>Ι,</strong></span> <span class='ocrx_word' id='word_1_270' title='bbox 1380 2035 1515 2091; x_wconf 88' lang='lat' dir='ltr'><strong>Epist.</strong></span> <span class='ocrx_word' id='word_1_271' title='bbox 1539 2049 1595 2078; x_wconf 87' lang='lat'><strong>111</strong></span> <span class='ocrx_word' id='word_1_272' title='bbox 1617 2067 1628 2089; x_wconf 92' lang='lat'>,</span> <span class='ocrx_word' id='word_1_273' title='bbox 1661 2052 1682 2092; x_wconf 91' lang='lat'><strong>7</strong></span> <span class='ocrx_word' id='word_1_274' title='bbox 1705 2051 1714 2078; x_wconf 90' lang='lat'>:</span> <span class='ocrx_word' id='word_1_275' title='bbox 1736 2053 1757 2072; x_wconf 89' lang='lat'>«</span> <span class='ocrx_word' id='word_1_276' title='bbox 1787 2034 1900 2091; x_wconf 87' lang='lat' dir='ltr'><strong>Quis</strong></span> <span class='ocrx_word' id='word_1_277' title='bbox 1920 2035 1999 2078; x_wconf 87' lang='lat' dir='ltr'><strong>sibi</strong></span> <span class='ocrx_word' id='word_1_278' title='bbox 2025 2053 2094 2079; x_wconf 86' lang='lat' dir='ltr'><strong>res</strong></span> 
     </span>
     <span class='ocr_line' id='line_1_43' title="bbox 1243 2098 2026 2156; baseline -0.001 -13"><span class='ocrx_word' id='word_1_279' title='bbox 1243 2109 1380 2156; x_wconf 84' lang='lat' dir='ltr'><strong>gestas</strong></span> <span class='ocrx_word' id='word_1_280' title='bbox 1408 2099 1589 2156; x_wconf 85' lang='lat' dir='ltr'><strong>Augusti</strong></span> <span class='ocrx_word' id='word_1_281' title='bbox 1610 2098 1796 2142; x_wconf 76' lang='lat' dir='ltr'><strong>scribere</strong></span> <span class='ocrx_word' id='word_1_282' title='bbox 1815 2100 1947 2142; x_wconf 85' lang='lat' dir='ltr'><strong>sumit</strong></span> <span class='ocrx_word' id='word_1_283' title='bbox 1966 2100 1985 2142; x_wconf 68' lang='grc' dir='ltr'><strong><em>ἲ</em></strong></span> <span class='ocrx_word' id='word_1_284' title='bbox 2006 2119 2026 2138; x_wconf 88' lang='lat'>»</span> 
     </span>
    </p>

    <p class='ocr_par' dir='ltr' id='par_1_10' title="bbox 1244 2167 2094 2402">
     <span class='ocr_line' id='line_1_44' title="bbox 1298 2167 2094 2226; baseline 0.004 -19"><span class='ocrx_word' id='word_1_285' title='bbox 1298 2183 1361 2224; x_wconf 85' lang='lat'><strong>29.</strong></span> <span class='ocrx_word' id='word_1_286' title='bbox 1379 2167 1656 2226; x_wconf 57' lang='lat' dir='ltr'><strong>Gracilesque</strong></span> <span class='ocrx_word' id='word_1_287' title='bbox 1673 2169 1871 2222; x_wconf 84' lang='lat' dir='ltr'><strong>nitorque.</strong></span> <span class='ocrx_word' id='word_1_288' title='bbox 1890 2169 2094 2210; x_wconf 61' lang='lat' dir='ltr'><strong>Gravitas</strong></span> 
     </span>
     <span class='ocr_line' id='line_1_45' title="bbox 1246 2225 2094 2287; baseline 0.002 -15"><span class='ocrx_word' id='word_1_289' title='bbox 1246 2225 1299 2273; x_wconf 74' lang='lat' dir='ltr'><strong>ad</strong></span> <span class='ocrx_word' id='word_1_290' title='bbox 1314 2246 1461 2273; x_wconf 89' lang='lat' dir='ltr'><strong>rerum</strong></span> <span class='ocrx_word' id='word_1_291' title='bbox 1478 2229 1826 2287; x_wconf 81' lang='lat' dir='ltr'><strong>magnitudinem</strong></span> <span class='ocrx_word' id='word_1_292' title='bbox 1843 2264 1854 2285; x_wconf 92' lang='lat'><strong>,</strong></span> <span class='ocrx_word' id='word_1_293' title='bbox 1869 2235 1981 2274; x_wconf 78' lang='lat' dir='ltr'><strong>nitor</strong></span> <span class='ocrx_word' id='word_1_294' title='bbox 1990 2249 2094 2275; x_wconf 89' lang='lat' dir='ltr'><strong>vero</strong></span> 
     </span>
     <span class='ocr_line' id='line_1_46' title="bbox 1246 2294 2093 2352; baseline 0 -15"><span class='ocrx_word' id='word_1_295' title='bbox 1246 2295 1298 2338; x_wconf 88' lang='lat' dir='ltr'><strong>ad</strong></span> <span class='ocrx_word' id='word_1_296' title='bbox 1335 2294 1707 2352; x_wconf 84' lang='lat' dir='ltr'><strong>pulchritudinem</strong></span> <span class='ocrx_word' id='word_1_297' title='bbox 1743 2304 1787 2338; x_wconf 90' lang='lat' dir='ltr'><strong>et</strong></span> <span class='ocrx_word' id='word_1_298' title='bbox 1819 2294 2093 2339; x_wconf 84' lang='lat' dir='ltr'><strong>nobilitatem.</strong></span> 
     </span>
     <span class='ocr_line' id='line_1_47' title="bbox 1244 2357 1642 2402; baseline 0.003 -1"><span class='ocrx_word' id='word_1_299' title='bbox 1244 2359 1417 2402; x_wconf 86' lang='lat' dir='ltr'><strong>illarum</strong></span> <span class='ocrx_word' id='word_1_300' title='bbox 1439 2357 1642 2402; x_wconf 81' lang='lat' dir='ltr'><strong>refertur·</strong></span> 
     </span>
    </p>

    <p class='ocr_par' dir='ltr' id='par_1_11' title="bbox 1242 2424 2097 2676">
     <span class='ocr_line' id='line_1_48' title="bbox 1288 2424 2092 2485; baseline 0 -17"><span class='ocrx_word' id='word_1_301' title='bbox 1288 2426 1446 2470; x_wconf 83' lang='lat' dir='ltr'><strong>30.Nec</strong></span> <span class='ocrx_word' id='word_1_302' title='bbox 1457 2434 1537 2468; x_wconf 85' lang='lat' dir='ltr'><strong>etc.</strong></span> <span class='ocrx_word' id='word_1_303' title='bbox 1548 2425 1641 2469; x_wconf 91' lang='lat' dir='ltr'><strong>Nec</strong></span> <span class='ocrx_word' id='word_1_304' title='bbox 1654 2424 1774 2485; x_wconf 85' lang='lat' dir='ltr'><strong>potui</strong></span> <span class='ocrx_word' id='word_1_305' title='bbox 1785 2441 1955 2482; x_wconf 84' lang='lat' dir='ltr'><strong>aequare</strong></span> <span class='ocrx_word' id='word_1_306' title='bbox 1965 2442 2092 2470; x_wconf 85' lang='lat' dir='ltr'><strong>versu</strong></span> 
     </span>
     <span class='ocr_line' id='line_1_49' title="bbox 1244 2488 2092 2546; baseline 0.002 -15"><span class='ocrx_word' id='word_1_307' title='bbox 1244 2505 1346 2532; x_wconf 88' lang='lat' dir='ltr'><strong>meo</strong></span> <span class='ocrx_word' id='word_1_308' title='bbox 1355 2505 1504 2532; x_wconf 88' lang='lat' dir='ltr'><strong>rerum</strong></span> <span class='ocrx_word' id='word_1_309' title='bbox 1515 2488 1984 2546; x_wconf 81' lang='lat' dir='ltr'><strong>magnitudinem,quia</strong></span> <span class='ocrx_word' id='word_1_310' title='bbox 2003 2506 2092 2533; x_wconf 86' lang='lat' dir='ltr'><strong>non</strong></span> 
     </span>
     <span class='ocr_line' id='line_1_50' title="bbox 1242 2547 2097 2610; baseline 0.001 -14"><span class='ocrx_word' id='word_1_311' title='bbox 1242 2553 1529 2610; x_wconf 77' lang='lat' dir='ltr'><strong>respondebat</strong></span> <span class='ocrx_word' id='word_1_312' title='bbox 1569 2570 1744 2597; x_wconf 87' lang='lat' dir='ltr'><strong>carmen</strong></span> <span class='ocrx_word' id='word_1_313' title='bbox 1780 2570 1931 2597; x_wconf 85' lang='lat' dir='ltr'><strong>meum</strong></span> <span class='ocrx_word' id='word_1_314' title='bbox 1963 2547 2097 2597; x_wconf 83' lang='lat' dir='ltr'><strong>rebus&#39;</strong></span> 
     </span>
     <span class='ocr_line' id='line_1_51' title="bbox 1243 2619 2092 2676; baseline -0.001 -14"><span class='ocrx_word' id='word_1_315' title='bbox 1243 2619 1486 2676; x_wconf 81' lang='lat' dir='ltr'><strong>gestis,quae</strong></span> <span class='ocrx_word' id='word_1_316' title='bbox 1500 2628 1625 2663; x_wconf 85' lang='lat' dir='ltr'><strong>erant</strong></span> <span class='ocrx_word' id='word_1_317' title='bbox 1637 2619 1825 2674; x_wconf 78' lang='lat' dir='ltr'><strong>majores</strong></span> <span class='ocrx_word' id='word_1_318' title='bbox 1840 2635 1940 2661; x_wconf 88' lang='lat' dir='ltr'><strong>meo</strong></span> <span class='ocrx_word' id='word_1_319' title='bbox 1952 2635 2092 2661; x_wconf 82' lang='lat' dir='ltr'><strong>versu.</strong></span> 
     </span>
    </p>

    <p class='ocr_par' dir='ltr' id='par_1_12' title="bbox 1242 2682 2091 2985">
     <span class='ocr_line' id='line_1_52' title="bbox 1297 2682 2091 2739; baseline -0.001 -13"><span class='ocrx_word' id='word_1_320' title='bbox 1297 2684 1362 2726; x_wconf 84' lang='lat'><strong>31.</strong></span> <span class='ocrx_word' id='word_1_321' title='bbox 1383 2686 1482 2726; x_wconf 75' lang='lat' dir='ltr'><em>Illic</em></span> <span class='ocrx_word' id='word_1_322' title='bbox 1498 2717 1508 2734; x_wconf 93' lang='lat'><strong><em>‚</em></strong></span> <span class='ocrx_word' id='word_1_323' title='bbox 1531 2700 1653 2739; x_wconf 82' lang='lat' dir='ltr'><strong>quam</strong></span> <span class='ocrx_word' id='word_1_324' title='bbox 1671 2686 1828 2726; x_wconf 80' lang='lat' dir='ltr'><strong>laudes.</strong></span> <span class='ocrx_word' id='word_1_325' title='bbox 1851 2684 1902 2726; x_wconf 89' lang='lat' dir='ltr'><strong>In</strong></span> <span class='ocrx_word' id='word_1_326' title='bbox 1920 2682 2091 2726; x_wconf 77' lang='lat' dir='ltr'><strong>descri-</strong></span> 
     </span>
     <span class='ocr_line' id='line_1_53' title="bbox 1242 2744 2091 2804; baseline -0.001 -12"><span class='ocrx_word' id='word_1_327' title='bbox 1242 2747 1387 2792; x_wconf 89' lang='lat' dir='ltr'><strong>bendo</strong></span> <span class='ocrx_word' id='word_1_328' title='bbox 1401 2757 1547 2791; x_wconf 80' lang='lat' dir='ltr'><strong>tamen</strong></span> <span class='ocrx_word' id='word_1_329' title='bbox 1571 2744 1822 2804; x_wconf 86' lang='lat' dir='ltr'><strong>hujusmodi</strong></span> <span class='ocrx_word' id='word_1_330' title='bbox 1837 2747 2061 2803; x_wconf 88' lang='lat' dir='ltr'><strong>triumpho</strong></span> <span class='ocrx_word' id='word_1_331' title='bbox 2074 2782 2091 2801; x_wconf 48' lang='grc' dir='ltr'><strong>,ι</strong></span> 
     </span>
     <span class='ocr_line' id='line_1_54' title="bbox 1242 2810 2088 2868; baseline 0 -14"><span class='ocrx_word' id='word_1_332' title='bbox 1242 2812 1439 2868; x_wconf 86' lang='lat' dir='ltr'><strong>quamvis</strong></span> <span class='ocrx_word' id='word_1_333' title='bbox 1463 2827 1553 2854; x_wconf 91' lang='lat' dir='ltr'><strong>non</strong></span> <span class='ocrx_word' id='word_1_334' title='bbox 1574 2812 1633 2855; x_wconf 80' lang='lat' dir='ltr'><strong>ita</strong></span> <span class='ocrx_word' id='word_1_335' title='bbox 1655 2810 1876 2868; x_wconf 83' lang='lat' dir='ltr'><strong>eleganter</strong></span> <span class='ocrx_word' id='word_1_336' title='bbox 1900 2811 1963 2854; x_wconf 86' lang='lat' dir='ltr'><strong>rei</strong></span> <span class='ocrx_word' id='word_1_337' title='bbox 1987 2828 2088 2854; x_wconf 87' lang='lat' dir='ltr'><strong>ma-</strong></span> 
     </span>
     <span class='ocr_line' id='line_1_55' title="bbox 1243 2875 2087 2933; baseline -0.001 -14"><span class='ocrx_word' id='word_1_338' title='bbox 1243 2876 1521 2933; x_wconf 83' lang='lat' dir='ltr'><strong>gnitudinem</strong></span> <span class='ocrx_word' id='word_1_339' title='bbox 1543 2876 1767 2918; x_wconf 88' lang='lat' dir='ltr'><strong>adsecutus</strong></span> <span class='ocrx_word' id='word_1_340' title='bbox 1795 2875 1877 2930; x_wconf 85' lang='lat' dir='ltr'><strong>sit,</strong></span> <span class='ocrx_word' id='word_1_341' title='bbox 1902 2875 2087 2918; x_wconf 83' lang='lat' dir='ltr'><strong>laudan—</strong></span> 
     </span>
     <span class='ocr_line' id='line_1_56' title="bbox 1242 2938 2087 2985; baseline 0.002 -3"><span class='ocrx_word' id='word_1_342' title='bbox 1242 2940 1340 2982; x_wconf 85' lang='lat' dir='ltr'><strong>dam</strong></span> <span class='ocrx_word' id='word_1_343' title='bbox 1377 2949 1525 2983; x_wconf 84' lang='lat' dir='ltr'><strong>tamen</strong></span> <span class='ocrx_word' id='word_1_344' title='bbox 1561 2955 1651 2983; x_wconf 86' lang='lat' dir='ltr'><strong>esse</strong></span> <span class='ocrx_word' id='word_1_345' title='bbox 1685 2938 1787 2984; x_wconf 86' lang='lat' dir='ltr'><strong>dicit</strong></span> <span class='ocrx_word' id='word_1_346' title='bbox 1818 2941 2087 2985; x_wconf 78' lang='lat' dir='ltr'><strong>voluntatem</strong></span> 
     </span>
    </p>
   </div>
   <div class='ocr_carea' id='block_1_7' title="bbox 1201 3003 1490 3046">
    <p class='ocr_par' dir='ltr' id='par_1_13' title="bbox 1201 3003 1490 3046">
     <span class='ocr_line' id='line_1_57' title="bbox 1201 3003 1490 3046; baseline 0 0"><span class='ocrx_word' id='word_1_347' title='bbox 1201 3030 1205 3034; x_wconf 94' lang='lat'>·</span> <span class='ocrx_word' id='word_1_348' title='bbox 1240 3003 1490 3046; x_wconf 84' lang='lat' dir='ltr'><strong>officiosam.</strong></span> 
     </span>
    </p>
   </div>
   <div class='ocr_carea' id='block_1_8' title="bbox 1238 3069 2119 3449">
    <p class='ocr_par' dir='ltr' id='par_1_14' title="bbox 1238 3069 2119 3320">
     <span class='ocr_line' id='line_1_58' title="bbox 1295 3069 2089 3125; baseline 0.003 -15"><span class='ocrx_word' id='word_1_349' title='bbox 1295 3069 1360 3111; x_wconf 81' lang='lat'><strong>32.</strong></span> <span class='ocrx_word' id='word_1_350' title='bbox 1377 3070 1563 3111; x_wconf 79' lang='lat' dir='ltr'><strong>Materia</strong></span> <span class='ocrx_word' id='word_1_351' title='bbox 1576 3071 1821 3112; x_wconf 76' lang='lat' dir='ltr'><strong>debilitante</strong></span> <span class='ocrx_word' id='word_1_352' title='bbox 1825 3069 1991 3125; x_wconf 77' lang='lat' dir='ltr'><strong>jacent.</strong></span> <span class='ocrx_word' id='word_1_353' title='bbox 2006 3072 2089 3113; x_wconf 84' lang='lat' dir='ltr'><strong>De-</strong></span> 
     </span>
     <span class='ocr_line' id='line_1_59' title="bbox 1239 3127 2087 3191; baseline 0.001 -15"><span class='ocrx_word' id='word_1_354' title='bbox 1239 3131 1408 3176; x_wconf 74' lang='grc' dir='ltr'><strong>όίΙίΙάΙα</strong></span> <span class='ocrx_word' id='word_1_355' title='bbox 1433 3133 1633 3176; x_wconf 86' lang='lat' dir='ltr'><strong>meliores</strong></span> <span class='ocrx_word' id='word_1_356' title='bbox 1654 3151 1666 3184; x_wconf 75' lang='grc' dir='ltr'><strong>ς</strong></span> <span class='ocrx_word' id='word_1_357' title='bbox 1698 3144 1743 3177; x_wconf 78' lang='lat' dir='ltr'><strong>et</strong></span> <span class='ocrx_word' id='word_1_358' title='bbox 1764 3138 1903 3188; x_wconf 18' lang='lat' dir='ltr'><strong>*Quod</strong></span> <span class='ocrx_word' id='word_1_359' title='bbox 1919 3127 2087 3191; x_wconf 74' lang='lat' dir='ltr'><strong>se‘sorte</strong></span> 
     </span>
     <span class='ocr_line' id='line_1_60' title="bbox 1238 3199 2119 3258; baseline 0.002 -17"><span class='ocrx_word' id='word_1_360' title='bbox 1238 3203 1360 3247; x_wconf 55' lang='lat' dir='ltr'><strong>libem</strong></span> <span class='ocrx_word' id='word_1_361' title='bbox 1384 3215 1474 3241; x_wconf 89' lang='lat' dir='ltr'><strong>non</strong></span> <span class='ocrx_word' id='word_1_362' title='bbox 1499 3202 1605 3253; x_wconf 80' lang='lat' dir='ltr'><strong><em>Qu1‘‚·</em></strong></span> <span class='ocrx_word' id='word_1_363' title='bbox 1624 3207 1667 3242; x_wconf 84' lang='lat' dir='ltr'><strong>et</strong></span> <span class='ocrx_word' id='word_1_364' title='bbox 1688 3202 1783 3242; x_wconf 84' lang='lat' dir='ltr'><strong>Hoc</strong></span> <span class='ocrx_word' id='word_1_365' title='bbox 1796 3199 2078 3258; x_wconf 65' lang='lat' dir='ltr'><strong>tibt&#39;fapluro.</strong></span> <span class='ocrx_word' id='word_1_366' title='bbox 2117 3235 2119 3237; x_wconf 88' lang='lat'>.</span> 
     </span>
     <span class='ocr_line' id='line_1_61' title="bbox 1240 3264 1651 3320; baseline 0.002 -14"><span class='ocrx_word' id='word_1_367' title='bbox 1240 3280 1319 3320; x_wconf 88' lang='lat' dir='ltr'><strong>pro</strong></span> <span class='ocrx_word' id='word_1_368' title='bbox 1338 3266 1455 3307; x_wconf 88' lang='lat' dir='ltr'><strong>Haec.</strong></span> <span class='ocrx_word' id='word_1_369' title='bbox 1484 3264 1651 3307; x_wconf 75' lang='lat' dir='ltr'><strong>HEINS.</strong></span> 
     </span>
    </p>

    <p class='ocr_par' dir='ltr' id='par_1_15' title="bbox 1239 3326 2079 3449">
     <span class='ocr_line' id='line_1_62' title="bbox 1293 3326 2079 3373; baseline 0 -3"><span class='ocrx_word' id='word_1_370' title='bbox 1293 3329 1358 3370; x_wconf 84' lang='lat'><strong>33.</strong></span> <span class='ocrx_word' id='word_1_371' title='bbox 1380 3330 1508 3372; x_wconf 79' lang='lat' dir='ltr'><strong>Liber</strong></span> <span class='ocrx_word' id='word_1_372' title='bbox 1527 3338 1607 3371; x_wconf 84' lang='lat' dir='ltr'><strong>etc.</strong></span> <span class='ocrx_word' id='word_1_373' title='bbox 1640 3326 1835 3373; x_wconf 79' lang='lat' dir='ltr'><strong>Carmen</strong></span> <span class='ocrx_word' id='word_1_374' title='bbox 1856 3344 2006 3372; x_wconf 89' lang='lat' dir='ltr'><strong>meum</strong></span> <span class='ocrx_word' id='word_1_375' title='bbox 2028 3328 2079 3371; x_wconf 85' lang='lat' dir='ltr'><strong>de</strong></span> 
     </span>
     <span class='ocr_line' id='line_1_63' title="bbox 1239 3392 1753 3449; baseline 0 -15"><span class='ocrx_word' id='word_1_376' title='bbox 1239 3393 1464 3449; x_wconf 85' lang='lat' dir='ltr'><strong>triumpho</strong></span> <span class='ocrx_word' id='word_1_377' title='bbox 1488 3392 1753 3436; x_wconf 85' lang='lat' dir='ltr'><strong>Germanici.</strong></span> 
     </span>
    </p>
   </div>
  </div>
 </body>
</html>
