2280 3776
298 337 405 409 390

761 338 823 389 P.
878 336 1177 391 OVIDII
1232 338 1615 395 NASONIS

373 450 630 532 Adposui
659 450 829 521 seniS,
866 465 917 509 te
949 450 1115 525 duce,
1148 453 1392 536 quinque
1424 455 1610 537 pedes.
2020 481 2074 522 30

296 548 409 607 Nec
438 570 523 606 me
555 546 796 606 Maeonio
825 571 1150 626 consurgere
1182 551 1421 611 carmine
1440 598 1454 623 ,
1484 575 1584 612 nec
1612 577 1698 613 me

379 642 575 702 Dicere
603 668 928 721 magnorum
957 670 1152 729 passus
1182 671 1239 708 es
1269 664 1387 709 acta
1418 626 1636 710 ducum.

297 741 551 801 Forsitan
582 743 829 821 exiguas,
862 743 1070 826 aliquas
1100 760 1280 805 tamen
1300 794 1314 819 ‚
1343 771 1504 808 arcus
1527 763 1582 807 et
1607 748 1754 828 ignis

380 835 594 914 Ingenii
621 837 762 898 vires
792 839 1160 900 comminuere
1189 842 1312 901 mei.

302 934 549 1017 Namque
578 960 678 1014 ego
711 937 843 997 dum
873 953 1032 998 canto
1065 953 1158 999 tua
1186 963 1382 1018 regna,
1413 955 1628 1023 tuaeque
1652 943 1896 1024 parentis
1914 990 1929 1016 ,
2022 960 2076 1003 35

382 1030 447 1088 In
479 1030 694 1091 nullum
724 1056 843 1093 mea
866 1056 1019 1095 mens
1047 1034 1249 1112 grande
1274 1035 1482 1094 vacavit
1509 1059 1668 1118 opus,

303 1125 414 1183 Nec
446 1127 575 1185 satis
604 1126 662 1185 id
685 1126 893 1200 fuerat;
923 1127 1128 1190 stultus
1157 1155 1379 1214 quoque
1403 1133 1641 1192 carmina
1666 1132 1770 1193 feci
1790 1181 1804 1205 ,

381 1221 615 1282 Artibus
646 1239 708 1303 ut
732 1248 925 1307 posses
951 1250 1067 1286 non
1094 1227 1252 1288 rudis
1280 1251 1398 1290 esse
1426 1229 1595 1301 meis;

305 1316 415 1374 Pro
446 1317 649 1399 quibus
679 1319 929 1381 exsilium
954 1322 1155 1382 misero
1185 1324 1322 1383 mihi
1351 1323 1564 1384 reddita
1587 1346 1829 1385 merces:

389 1412 456 1472 Id
485 1439 706 1497 quoque
734 1417 793 1476 in
823 1419 1107 1493 extremiS,
1141 1435 1194 1480 et
1220 1421 1337 1481 sine
1363 1444 1527 1504 pace,
1558 1421 1710 1481 lo'cis.
2030 1437 2086 1492 4ο

303 1511 380 1569 At
407 1534 521 1570 non
553 1511 856 1575 Chionides
885 1514 1196 1599 Eumolpus
1221 1517 1280 1576 in
1310 1517 1535 1600 Orphea
1566 1516 1720 1589 talis;

386 1610 454 1667 In
486 1609 705 1692 Phryga
730 1634 830 1670 nec
861 1613 1117 1695 Satyrum
1148 1614 1274 1675 talis
1303 1614 1580 1698 Olympus
1609 1629 1756 1676 erat:

307 1705 534 1766 Praemia
566 1731 665 1767 nec
696 1709 909 1769 Chiron
937 1710 1005 1769 ab
1036 1711 1243 1772 Achilli
1270 1711 1398 1773 talia
1427 1713 1598 1795 cepit,

359 1841 425 1882 32.
448 1842 625 1882 Ducum.
647 1842 783 1882 Deu‘m
803 1857 916 1883 unus
937 1840 1123 1885 Heinsii.

1232 1843 1374 1898 nium,
1392 1859 1444 1886 ex
1456 1841 1626 1896 Deiope
1639 1839 1900 1896 Triptolemi
1911 1847 2082 1893 natum,

361 1906 426 1947 33.
453 1908 582 1959 Ignis.
606 1907 731 1959 Ignes
756 1906 863 1948 editi
883 1907 1087 1950 nonnulli
1107 1915 1152 1949 et
1232 1907 1441 1966 mysteria
1462 1905 1638 1949 Cereris
1662 1905 1868 1948 Eleusine
1890 1903 2082 1947 docuisse

307 1971 422 2014 ultra
440 1971 592 2027 viginti
612 1971 770 2025 scripti.

362 2038 427 2092 37.
459 2039 618 2080 Stultus
648 2052 803 2092 quoque
834 2042 1025 2079 carmina
1044 2037 1153 2092 fi’ci.

310 2104 442 2146 Stulto
480 2118 637 2157 quoque
670 2105 852 2144 carmine
884 2102 1154 2158 Argentinus

1229 1971 1400 2024 volunt,
1411 1970 1591 2025 ejusque
1602 1969 1667 2011 rei
1677 1977 1901 2011 auctorem
1918 1968 2082 2011 Istrum

1232 2035 1381 2079 citant.
1424 2034 1546 2078 Hinc
1576 2043 1619 2076 et
1653 2032 1929 2090 Eumolpidae
1957 2032 2083 2087 dicti,

1235 2101 1309 2157 qui
1324 2100 1480 2144 tradita
1495 2102 1547 2144 ab
1565 2099 1785 2156 Eumolpo
1802 2116 1935 2155 sacra,
1954 2100 2086 2143 Eleu-

312 2177 356 2210 et
382 2166 673 2222 Rottendorp.
697 2166 756 2210 sic
781 2182 937 2222 supra,
972 2166 1043 2210 lib.
1079 2168 1124 2211 ΙΙ
1141 2200 1153 2222 ,
1232 2168 1325 2211 sine
1339 2175 1644 2224 procurarunt.
1667 2166 1843 2209 MICYL.

312 2233 389 2276 Ele
395 2251 432 2289 g.
452 2246 500 2275 lx
515 2265 526 2286 ‚
547 2249 603 2275 vs.
623 2233 672 2288 73
688 2264 699 2285 ‚
716 2235 887 2275 stultam
899 2237 1157 2288 conscripsi-

309 2316 401 2342 mus
417 2310 557 2343 artem.
582 2299 749 2342 Hnms.

366 2366 431 2418 41.
456 2365 522 2407 At
546 2380 628 2406 non
663 2365 887 2406 Chionides
911 2365 1156 2420 Eumolpus.

314 2430 433 2473 Libri
447 2428 574 2471 multi
591 2443 674 2470 non
685 2420 962 2479 Echionides,
993 2426 1062 2471 vel
1084 2425 1159 2470 ne'c

314 2496 579 2538 Echionides.
602 2492 692 2536 Sed
715 2492 886 2549 vulgata
902 2492 1029 2536 lectio
1046 2492 1159 2535 hene

313 2579 357 2605 se
372 2562 514 2604 habet.
531 2566 724 2615 Εὔμολπσς
735 2565 967 2607 Ποσειδῶνος
985 2566 1050 2603 καὶ
1067 2563 1163 2603 Χιό-

316 2648 381 2677 νης
401 2625 627 2669 Pausaniae
653 2640 662 2667 ε
691 2633 734 2667 at
749 2624 1010 2679 Theocrito,
1035 2624 1161 2683 Idyll.

315 2706 408 2737 XXV
424 2725 436 2746 ,
478 2695 764 2746 Φιλαμμονίὸης
801 2688 1044 2746 Eumolpus
1085 2690 1162 2733 di-

314 2759 441 2803 citur.
481 2758 630 2799 Mater
664 2765 811 2799 autem
844 2756 1164 2801 Philammonis

321 2823 510 2876 Chione,
527 2830 576 2864 ut
587 2822 749 2865 Noster
760 2821 848 2877 ipse
865 2821 976 2864 Met.
991 2821 1062 2864 lib.
1077 2822 1161 2876 XI,

318 2905 378 2931 vs.
405 2889 482 2945 317
512 2895 743 2932 memorat.
774 2886 937 2930 Docuit
967 2886 1038 2929 hic
1070 2886 1166 2929 Eu-

318 2953 490 3008 molpus
513 2951 678 2995 cithara
706 2951 948 2994 Herculem
978 2966 1162 3004 canere,

318 3028 425 3063 teste
446 3018 611 3061 ibidem
626 3017 877 3060 Theocrito.
899 3017 1084 3073 Argent.
1105 3017 1168 3059 At

318 3102 401 3129 non
432 3087 579 3128 crudas
611 3085 844 3137 Eumolpus
868 3096 883 3134 ,·
922 3081 1129 3124 mendose
1154 3095 1164 3122 :

320 3166 420 3192 mox
433 3183 445 3204 ,
460 3151 715 3205 Achillipro
727 3148 901 3191 Achille
914 3155 1093 3190 veteres.
1105 3145 1164 3188 H.

323 3217 616 3268 -Eumolpus
637 3216 874 3257 Chionides.
895 3211 1135 3267 Eumolpus
1151 3241 1163 3263 ‚

323 3279 518 3335 Neptuni
534 3288 577 3321 et
594 3279 786 3322 Chiones
805 3279 932 3322 filius.
946 3280 1060 3320 --In
1084 3278 1167 3320 Or-

315 3349 437 3401 phea.
458 3346 573 3401 Erga
592 3354 905 3401 praeceptorem
919 3345 1165 3402 Orpheum.

324 3412 453 3454 MER.
479 3432 534 3442 —-
557 3411 801 3463 Eumolpus.
835 3410 1039 3467 Plerique
1074 3425 1166 3451 non

325 3474 564 3520 Thracium
581 3474 848 3531 Eumolpum
866 3505 878 3529 ,
900 3473 972 3517 sed
995 3473 1167 3516 Eleusi-

1290 2236 1356 2286 4²·
1383 2234 1435 2274 In
1457 2233 1626 2289 Phryga
1653 2247 1729 2273 nec
1762 2232 1965 2289 Satyrum.
1994 2230 2087 2274 Nec

1236 2297 1371 2341 etiam
1383 2296 1602 2355 Olympus
1615 2296 1709 2340 talis
1721 2295 1806 2338 fuit
1818 2296 1863 2338 in
1878 2295 2087 2354 Satyrum

1238 2364 1464 2422 Marsyam
1489 2397 1501 2418 ,
1541 2363 1678 2420 qualis
1706 2371 1754 2411 tu
1781 2362 1826 2405 in
1854 2378 1926 2406 me
1953 2361 2087 2405 fuisti.
2138 2387 2151 2390 ·-

1239 2429 1310 2473 De
1326 2428 1523 2488 Olympo
1536 2429 1740 2472 meminit
1750 2427 1906 2472 suidas
1919 2428 1985 2471 his
1996 2444 2089 2471 ver-

1239 2495 1305 2539 bis
1321 2512 1333 2539 2
1352 2488 1528 2550 ὄλυμπος
1553 2498 1680 2543 Μυσὲς
1710 2498 1875 2546 αὐλητὴς
1894 2501 1960 2538 καὶ
1978 2513 2089 2543 ποιη-

1239 2569 1308 2613 τὴς
1324 2567 1449 2616 μελῶν
1466 2566 1533 2605 καὶ
1553 2563 1720 2617 ἐλεγείων
1734 2593 1747 2615 ,
1774 2562 1961 2616 ἧγεμώντε
1984 2562 2089 2615 γενέ-

1240 2646 1349 2685 μενος
1369 2636 1437 2678 τῆς
1460 2637 1712 2689 κρουματικῆς
1731 2635 1918 2681 μουσικῆς
1934 2635 2001 2672 τῖς
2022 2626 2089 2667 διὰ

1242 2699 1316 2737 τῶν
1342 2695 1464 2736 αὐλῶν
1483 2723 1495 2745 ,
1534 2697 1707 2746 μαθητὴς
1737 2695 1776 2733 δὲ
1817 2696 1884 2732 καὶ
1910 2690 2089 2750 ἐρώμενος

1242 2761 1440 2820 Μαρσύου,
1461 2760 1504 2801 τό
1524 2759 1624 2812 γένος
1645 2761 1744 2825 guz-05
1763 2760 1923 2814 Σατὺρου
1938 2785 1950 2807 ,
1974 2753 2089 2796 ἄκου-

1245 2831 1335 2868 ero&
1356 2829 1397 2867 δέ
1420 2829 1487 2868 καὶ
1512 2826 1646 2869 παιδος
1673 2821 1872 2875 Ὑάγνιδος·
1897 2821 2020 2873 γέγονε
2050 2822 2088 2860 δὲ

1243 2891 1311 2951 πρὸ
1326 2895 1401 2932 τῶν
1417 2894 1599 2947 Τρωικῶν
1627 2887 1643 2928 ὅ
1669 2879 1862 2939 ὅλυμπος·
1893 2885 1932 2938 ἒξ
1959 2883 1997 2926 οὗ
2025 2888 2090 2926 καὶ

1245 2958 1322 3011 ἔρος
1347 2957 1389 2997 τό
1415 2955 1452 2994 ἓν
1476 2957 1607 3007 Μυσίᾳ
1632 2950 1870 3005 δνομάζετοιι.
1897 2948 2088 3006 Marsyae

1245 3028 1393 3062 autem
1410 3017 1498 3060 sive
1511 3016 1739 3060 historiam
1753 3049 1765 3070 ‚
1786 3015 1874 3058 sive
1894 3014 2089 3057 fabulam

1244 3082 1342 3126 vide
1357 3082 1472 3139 apud
1486 3081 1679 3125 eundem
1694 3080 1878 3125 Suidam
1895 3113 1907 3134 ,
1930 3088 1974 3123 et
1987 3078 2091 3122 Dio-

1246 3146 1405 3190 dorum
1422 3180 1434 3201 ,
1454 3147 1526 3190 lib.
1550 3146 1629 3190 IV.

1300 3213 1365 3266 43.
1401 3214 1580 3254 Praemia
1618 3227 1694 3254 nec
1726 3211 1888 3253 Chiron.
1920 3208 2088 3251 Notum

1244 3286 1308 3320 est
1330 3276 1457 3320 Statii
1479 3285 1524 3319 et
1553 3275 1739 3318 aliorum
1758 3269 2057 3316 monumentis
2074 3301 2086 3322 ,

1246 3341 1464 3385 Achillem
1504 3340 1584 3384 sub
1623 3338 1830 3382 Chironis
1868 3333 2089 3390 disciplina

1246 3408 1433 3451 maxima
1452 3405 1755 3450 benevolentia
1772 3401 2015 3452 nutritum;
2034 3400 2091 3442 vi-

1247 3472 1300 3515 de
1320 3473 1399 3517 sub
1415 3472 1596 3527 princip.
1615 3470 1687 3513 lib.
1704 3470 1723 3512 Ι
1740 3468 1794 3511 de
1813 3467 1909 3511 Art.
1932 3465 2034 3508 Am.
