2280 3776
513 247 622 301 EX
662 245 963 301 PONTO
1002 246 1167 301 LIB.
1211 246 1324 302 IV.
1369 247 1645 302 EPIST.
1685 252 1781 335 ,II'
1921 251 2028 320 423

342 357 474 419 Otia
502 358 757 431 materia,
790 356 1203 439 subripiamque
1231 356 1417 419 diem?
1980 378 2036 434 40

260 458 398 517 Nam
428 456 552 540 quia
582 479 681 516 nec
709 455 893 516 vinum
916 502 929 527 ,
959 478 1056 515 nec
1083 478 1170 515 me
1202 469 1349 515 tenet
1375 454 1488 516 alea
1519 454 1709 530 fallax,

343 554 448 614 Per
481 577 600 635 quae
626 552 763 613 clam
789 551 1015 612 tacitum
1049 566 1265 633 tempus
1296 552 1449 612 abire
1481 553 1655 626 solet3

260 650 375 711 Nec
402 672 518 720 me,
553 649 701 732 quod
731 670 1009 732 cuperem,
1043 647 1089 709 si
1116 670 1216 730 per
1240 647 1354 708 fera
1383 647 1531 709 bella
1559 649 1777 723 liceret,

344 745 602 807 Oblectat
631 744 781 807 cultu
807 759 947 807 terra
975 758 1173 805 novata
1202 766 1303 805 suo
1331 769 1344 804 :
1892 816 1905 825 q

263 843 444 924 Quid,
476 843 583 904 nisi
613 842 888 914 Pierides,
919 840 1112 902 solatia
1138 841 1362 921 frigida,
1391 857 1589 916 restat,
1668 839 1670 841 ’
1981 865 2038 921 45

340 942 466 1003 Non
491 939 629 1001 bene
659 940 724 1001 de
748 938 917 999 ¹nobis
947 962 1067 1022 quae
1095 962 1337 1009 meruere
1366 940 1536 1000 Deae?

257 1039 336 1100 At
367 1052 451 1109 tu,
481 1037 569 1098 cui
600 1037 815 1099 bibitur
844 1034 1054 1098 felicius
1081 1034 1300 1096 Aonius
1326 1034 1488 1109 som,

341 1132 566 1194 Utiliter
589 1132 833 1194 studium
861 1131 1010 1215 quod
1041 1130 1142 1192 tibi
1171 1131 1344 1206 cedit,
1374 1155 1524 1193 ama:

258 1229 533 1312 Sacraque
561 1230 847 1290 Musarum
874 1228 1070 1291 merito
1101 1228 1251 1301 cole;
1282 1229 1540 1313 quodque
1569 1228 1812 1308 legamus
1831 1276 1846 1300 ,

338 1328 463 1387 Huc
494 1325 719 1411 aliquod
747 1351 888 1389 curae
918 1327 1075 1388 mitte
1103 1327 1334 1389 recentis
1360 1351 1518 1411 opus·
1980 1348 2034 1391 50

259 1485 306 1513 re
335 1469 592 1526 putandum.
620 1470 690 1514 De
729 1468 912 1515 Corallis
952 1479 1098 1514 autem
1177 1472 1302 1527 gt'da,
1329 1478 1500 1515 restant.
1527 1472 1688 1514 Restat
1710 1486 1811 1515 cum
1847 1481 2036 1528 quatuor

257 1543 302 1579 et
325 1534 483 1579 Strabo
516 1535 720 1580 meminit
737 1536 849 1582 libro
870 1537 1072 1594 septimo.
1182 1535 2034 1596 scriptis.——Solateiaesre'51'ela.ltaquoque

312 1602 703 1659 4o.Sub1-12m'amque
724 1605 846 1645 dt'cm.
865 1601 997 1646 Clam
1021 1619 1102 1646 ra-
1185 1601 1301 1660 apud
1320 1600 1522 1657 Graecos,
1557 1606 1679 1667 ψυχρὰ
1710 1606 1851 1665 τέρψις.
1882 1604 2031 1660 Enrip.

257 1666 370 1723 piam
383 1675 524 1712 totum
541 1668 671 1711 diem.
689 1668 964 1726 Subripimus
982 1669 1103 1712 enim
1154 1672 1158 1677 “
1241 1668 1309 1723 46.
1340 1669 1441 1723 Qua·
1463 1684 1545 1711 non
1568 1672 1669 1711 bene
1689 1685 1870 1712 meruere
1888 1672 1941 1713 de
1955 1686 2036 1713 no-

259 1730 378 1775 diem
391 1766 400 1783 ‚
416 1732 592 1790 quando
611 1749 808 1778 vacamus
824 1733 949 1778 alicui
969 1734 1032 1778 rei
1045 1734 1103 1790 jo-
1186 1733 1264 1775 belr-
1284 1732 1400 1789 Quo
1416 1731 1523 1776 mihi
1549 1741 1810 1776 nocuerunt.

257 1812 366 1842 cosae
382 1831 393 1853 ,
412 1798 471 1842 ita
491 1808 540 1843 ut
558 1799 648 1842 dies
668 1799 879 1843 elabatur.
1238 1798 1303 1853 48.
1323 1799 1521 1867 stadium.
1539 1797 1748 1842 Studium
1770 1798 1950 1856 poetice
1966 1813 2031 1839 ar-

285 1865 350 1918 4¹·
373 1866 482 1907 Nam
493 1881 620 1920 neque
631 1881 695 1907 me
707 1869 861 1909 vinum.
876 1866 988 1910 Nam
1001 1868 1101 1919 quia
1182 1862 1247 1907 tis.
1277 1888 1331 1899 —-
1344 1866 1482 1920 ‘Quod
1500 1868 1584 1908 tibi
1615 1867 1737 1908 cedit.
1777 1862 1915 1921 Quod
1950 1862 2027 1906 tibi

256 1944 333 1973 nec
350 1933 491 1972 vinum
505 1929 715 1972 meliores.
733 1929 794 1972 H.
1179 1926 1385 1971 succedit.
1398 1928 1588 1974 utiliter:
1614 1930 1703 1973 sive
1740 1930 1888 1973 utilius
1904 1960 1918 1982 ,
1949 1928 2031 1971 hoc.

310 1994 377 2048 45..
395 1995 610 2048 Qut'dm’si
620 1995 998 2047 Plbn'dcs,solat1'a
1006 1993 1099 2046 sn‘-
1179 2001 1266 2063 est,
1297 1993 1477 2050 melius,
1504 2010 1636 2058 quam
1651 1994 1773 2038 mihi.

794 2226 1315 2307 EPISTOLA
1365 2229 1522 2299 111.

1054 2364 1241 2380 m

695 2504 1006 2566 AMICO
1033 2580 1036 2583 ῃ
1062 2506 1571 2568 INS-TABILI.

839 2777 1440 2859 ARGUMENTUM.

259 2882 487 2928 Invehitur
514 2883 559 2928 in
590 2884 779 2929 amicum
806 2885 1049 2943 perfidum,
1078 2902 1269 2943 eumque
1297 2885 1584 2931 instabilitatis
1610 2887 1799 2931 fortunae
1823 2887 2028 2933 humana:

900 2969 1147 2998 memorem
1168 2971 1258 2999 esse
1275 2954 1410 3011 jubet.

270 3055 332 3143 C
350 3099 388 3144 0
401 3100 439 3144 N
452 3099 490 3156 Q
501 3099 543 3143 U
555 3099 591 3144 E
604 3102 643 3146 R
656 3102 691 3161 A
703 3103 741 3147 R
752 3133 767 3159 ,
799 3111 882 3148 an·
895 3102 1100 3150 taceam
1120 3090 1143 3149 Ρ
1172 3112 1374 3171 ponam
1401 3089 1519 3150 sine
1544 3088 1766 3150 nomine
1788 3089 2030 3151 crimen?

341 3182 432 3240 An
458 3196 652 3243 notum
670 3229 684 3256 ,
719 3183 815 3266 qui
843 3185 949 3257 sis,
981 3186 1240 3248 omnibus
1267 3211 1382 3249 esse
1409 3187 1606 3249 velim?

320 3333 354 3358 1.
384 3319 544 3361 Ponam
556 3323 647 3362 sine
665 3324 830 3366 nomine
846 3326 1012 3368 crimen.
1029 3324 1102 3368 An
1124 3325 1263 3370 debeo
1281 3334 1452 3370 tantum
1468 3327 1637 3373 crimen
1655 3337 1782 3372 tuum
1804 3343 2031 3385 suppresso

263 3380 444 3426 nomine
467 3382 726 3427 ostendere?
