2280 3776
272 303 378 358 312

732 305 796 357 P.
853 302 1157 358 OVIDII
1201 303 1583 361 NASONIS

275 420 513 500 Quaque
541 418 691 489 ierit,
725 417 852 477 felix
885 417 1151 499 adjectum
1178 419 1464 503 plausibus
1493 446 1682 496 omen;
1985 443 2037 487 35

358 515 606 595 Saxaque
632 513 828 573 roratis
856 514 1138 575 erubuisse
1167 518 1325 578 rosis.

277 612 538 670 Protinus
565 625 792 688 argento
822 635 1005 673 versos
1032 612 1300 674 imitantia
1326 638 1538 687 murm,

356 706 597 765 Barbara
629 730 750 765 cum
779 705 935 767 victis
967 709 1171 791 oppida
1196 709 1305 770 lata
1330 710 1494 770 viris:

275 803 632 886 Fluminaque
651 850 666 875 ‚
697 818 750 864 et
774 820 1017 878 montes,
1051 821 1104 866 et
1133 808 1191 866 in
1217 806 1343 868 altis
1371 830 1570 890 pascua
1598 807 1774 880 silvis;

356 900 633 981 Armaque
659 923 782 959 curn
809 899 931 961 telis
958 901 1015 960 in
1045 917 1190 963 strue
1220 903 1380 962 mista
1409 903 1538 963 suiS.
1749 917 1755 923 ’
1985 922 2040 978 40

276 994 470 1075 Deque
502 994 875 1077 triumphato,
910 997 1059 1078 quod
1087 996 1183 1056 Sol
1210 997 1539 1070 incenderit,
1573 1021 1707 1057 auro

356 1089 536 1148 Aurea
566 1090 802 1150 Romani
832 1105 970 1150 tecta
992 1090 1161 1152 fuisse
1191 1091 1315 1152 fori.

274 1186 495 1267 Totque
526 1185 713 1248 tulisse
742 1186 904 1248 duces
928 1189 1156 1271 captivis
1187 1189 1371 1249 addita
1404 1186 1558 1249 collis

274 1339 554 1396 Propertium
586 1338 980 1383 animadversiones
1000 1372 1013 1391 ‚
1042 1340 1116 1382 ubi

274 1406 367 1463 pari
388 1404 521 1447 modo
548 1404 848 1447 Nasoni-anum
878 1403 1020 1446 locum
1044 1419 1116 1446 ca-

274 1469 479 1526 stigatum
502 1467 697 1521 offendi,
722 1468 853 1524 idque
876 1468 956 1511 sub
979 1468 1116 1510 finem

272 1532 370 1576 libri
386 1533 512 1577 tertii.
528 1533 850 1576 H.—Parent1·s.
867 1532 1115 1589 Augustum

270 1598 473 1641 vitricum
498 1614 507 1640 :
538 1613 669 1654 quem
700 1605 870 1653 patrem
899 1596 1112 1654 adpellat,

272 1680 349 1720 per
365 1662 644 1719 adoptionem
658 1695 669 1716 ‚
685 1671 728 1705 et
741 1662 908 1704 Liviam
926 1670 1116 1705 matrem

272 1721 479 1784 designat.

327 1795 393 1837 36.
412 1796 543 1836 Bost‘s
566 1798 731 1837 rorattlr.
752 1794 876 1838 Rosis
900 1810 1000 1837 rore
1028 1794 1114 1837 ad-

271 1861 426 1917 spersis
442 1895 452 1909 ‚
488 1869 533 1903 et
563 1861 807 1904 recentibus
829 1893 840 1916 ,
874 1871 961 1906 aut*
983 1877 1114 1904 mane

274 1935 375 1970 cam
398 1941 497 1969 rore
519 1926 718 1969 collectis.

328 1994 394 2049 37.
420 1993 615 2035 Protinus
637 1998 806 2046 argento
829 2001 909 2035 etc.
940 1994 1116 2036 Portata

273 2067 393 2112 sunt,
408 2058 576 2113 inquit,
592 2057 645 2100 de
658 2073 780 2100 more
794 2058 838 2100 in
853 2074 903 2101 ea
917 2058 1114 2100 ovatione

272 2123 498 2180 triumpho
511 2121 663 2175 simili,
680 2122 835 2179 oppida
849 2138 899 2165 ex
911 2132 1090 2179 argento
1102 2154 1114 2176 ,

274 2189 329 2232 ad
355 2188 685 2232 similitudinem
717 2197 940 2245 captarum
968 2187 1115 2231 civita-

273 2265 391 2310 tum,
412 2271 497 2298 una
512 2271 613 2298 cum
629 2255 729 2299 viris
742 2255 952 2312 superatis
964 2255 1015 2297 ab
1027 2255 1118 2311 ipso

274 2323 465 2365 Tiberio.
486 2345 541 2354 -—
568 2323 695 2365 Veros
726 2324 938 2364 imilanlia
968 2336 1117 2363 muros.

283 2392 432 2431 Versos
445 2387 727 2431 Sarravianus
747 2395 792 2429 et
810 2385 1002 2443 plerique
1019 2384 1088 2428 alii
1106 2403 1116 2437 ;

272 2460 404 2496 recte.
426 2451 639 2508 Sequenti
660 2468 787 2494 versu
806 2451 926 2494 idem
947 2450 1116 2494 Sarrav.

273 2526 317 2560 et
332 2527 418 2561 tres
433 2517 501 2560 alii
508 2522 639 2572 pict'clc
651 2516 999 2572 v1'r1255Exce1-pta
1016 2516 1119 2558 Vos-

271 2583 321 2625 sii
342 2586 508 2625 vinctis.
523 2583 638 2624 Puto
641 2585 776 2639 fictir,
798 2598 848 2625 ex
866 2590 1045 2638 argento
1060 2581 1119 2623 vi-

275 2647 443 2690 delicet.
467 2648 588 2689 H.-
601 2648 702 2690 Non
720 2646 891 2702 placent
910 2645 970 2688 illi
982 2649 1116 2700 picti,

274 2711 341 2754 vel
346 2712 452 2766 ficti
464 2714 576 2753 viri:
599 2709 746 2754 nescio
768 2725 823 2751 an
846 2725 938 2751 non
959 2709 1121 2765 glossa-

275 2783 346 2817 tor
367 2773 616 2831 adposuerit
633 2790 785 2817 vocem
804 2773 919 2816 illam
937 2807 948 2828 ‚
963 2779 1111 2829 μίεὶιὶς,

275 2841 345 2882 alii
366 2840 486 2893 voci,
521 2849 732 2895 tanquam
757 2839 1087 2895 explicationem
1106 2872 1117 2894 ,

274 2916 319 2949 et
332 2906 447 2950 forte
468 2905 703 2962 legendum
725 2921 734 2948 ε
755 2909 953 2948 Barbara
966 2922 1057 2948 cum
1071 2910 1121 2948 ti-

274 2975 376 3014 tulis
391 2975 542 3027 oppida
561 2974 650 3014 lata
664 2975 779 3022 sut's,·
801 2987 903 3013 nam
922 2972 1037 3014 viros
1057 2971 1122 3013 ef-

276 3036 381 3094 fingi
402 3046 445 3079 et
461 3036 627 3092 imponi
640 3035 813 3079 ferculis
831 3052 921 3079 non
937 3035 1120 3079 memini

279 3117 351 3144 me
373 3102 513 3158 legere
533 3119 543 3153 ;
568 3101 642 3144 sed
667 3101 812 3144 titulos
834 3101 1016 3145 adscribi
1037 3116 1119 3143 no-

277 3175 372 3209 tum
395 3177 457 3209 est
478 3183 487 3210 :
511 3167 587 3210 hos
611 3168 746 3223 pictos
764 3167 894 3210 fuisse
916 3167 1121 3222 glossator

275 3231 466 3273 indicare
481 3231 627 3275 voluit.
646 3235 757 3275 Viris
771 3241 915 3275 autern
933 3240 976 3275 et
987 3246 1110 3280 meus,

274 3302 369 3337 tuus
383 3327 392 3343 ‚
426 3312 526 3337 suus
542 3330 552 3345 ‚
574 3297 725 3352 saepius
749 3305 1053 3352 permutantur
1073 3295 1118 3337 in

276 3357 422 3401 Ovidii
447 3357 574 3402 libris.
601 3360 761 3403 BunM.
782 3384 834 3392 —
852 3360 999 3404 Nostri
1023 3359 1121 3402 vul-

275 3433 415 3479 gatam
448 3433 657 3479 tuentur3
689 3442 771 3469 nec
799 3426 908 3470 ullus
937 3427 1119 3483 scriptus

1199 1349 1274 1382 aut
1307 1339 1449 1383 editus
1487 1335 1831 1382 Burmannianae
1867 1337 2043 1382 lectioni

1199 1402 1398 1447 adsentit.

1252 1469 1317 1527 39.
1332 1471 1605 1525 Fluminaque
1614 1476 1658 1511 et
1667 1474 1826 1510 montes
1836 1501 1847 1519 ‚
1868 1475 1912 1510 et
1923 1472 1966 1510 in
1980 1471 2044 1510 al-

1196 1542 1265 1595 tas
1276 1537 1439 1590 proflua
1455 1538 1601 1578 silms.
1621 1537 1674 1576 In
1688 1537 1791 1577 alttlt
1808 1537 1928 1577 silvis
1949 1535 2042 1591 ple-

1195 1599 1320 1655 rique
1343 1608 1510 1642 veteres
1526 1617 1536 1652 3
1566 1598 1777 1654 Excerpta
1807 1597 2011 1655 Scaligeri
2027 1630 2039 1651 ,

1200 1662 1469 1707 Combianus
1491 1696 1503 1718 ,
1538 1672 1584 1707 et
1616 1672 1703 1706 tres
1735 1662 1833 1716 alii,
1863 1667 1909 1706 in
1939 1666 2041 1706 allis

1189 1745 1356 1784 pascua
1370 1732 1512 1778 silvie,
1540 1727 1656 1784 quod
1675 1727 1834 1784 placet,
1854 1727 1936 1770 nisi
1952 1743 2042 1770 ma-

1197 1795 1260 1838 vis
1282 1810 1331 1837 z«
1354 1793 1642 1850 Fluminaque
1667 1793 1713 1835 in
1738 1801 1910 1835 montes
1931 1801 1974 1835 et
1994 1792 2041 1834 in

1199 1861 1301 1904 altas
1313 1861 1484 1917 proflua
1498 1861 1620 1903 silvas
1637 1877 1646 1911 3
1667 1878 1689 1896 »
1705 1874 1810 1901 nam
1822 1858 1851 1901 J
1856 1859 2041 1901 unianus

1196 1931 1241 1970 in
1259 1934 1429 1971 montes.
1446 1925 1768 1970 Arondelianus
1789 1941 1799 1967 ι
1823 1942 1843 1961 «
1870 1923 2042 1966 Flumi-

1196 2007 1339 2047 naque
1361 1999 1404 2034 et
1422 1990 1569 2034 fontes
1588 1997 1632 2032 et
1659 1988 1752 2031 latis
1779 1986 1949 2044 proflua
1968 1986 2043 2029 sil-

1198 2057 1271 2099 vis.
1291 2074 1312 2093 »
1339 2057 1505 2099 HEINS.

1253 2124 1321 2176 40.
1352 2124 1453 2165 Cum
1479 2128 1590 2164 strue
1601 2120 1761 2176 juncta
1782 2123 1885 2162 suis.
1906 2119 2043 2160 Mista

1197 2203 1277 2230 sua
1288 2186 1483 2243 plerique
1495 2193 1663 2228 veteres
1677 2217 1689 2240 ‚
1708 2184 1790 2227 nisi
1803 2183 1920 2240 quod
1935 2198 2042 2224 non-

1199 2253 1308 2296 nulli
1325 2257 1452 2295 mista
1465 2256 1583 2301 sui-55
1604 2260 1736 2295 recte.
1759 2251 1819 2293 H.

1256 2319 1322 2372 41.
1341 2319 1486 2374 Deque
1502 2325 1739 2371 tropaeorum
1749 2350 1759 2366 ‚
1779 2317 1893 2372 quod
1903 2316 1980 2357 Sol
1984 2318 2044 2356 in-

1200 2387 1395 2429 cenderat
1413 2418 1424 2436 ,
1455 2400 1569 2427 auro.
1602 2385 1846 2427 Incendere!
1872 2382 2043 2425 Sarrav.

1201 2450 1385 2507 Argent.
1402 2450 1558 2506 aliique
1577 2448 1776 2492 nonnulli
1793 2464 1804 2498 ;
1826 2446 2043 2490 Basileen·

1199 2516 1254 2560 sis
1274 2527 1390 2560 recte
1410 2519 1638 2560 incenderit
1664 2532 1677 2558 .·
1703 2523 1910 2572 praeterea
1928 2529 2042 2555 uuus

1202 2583 1438 2627 Vaticanus
1451 2616 1463 2638 ,
1486 2586 1631 2639 Deque
1645 2584 1894 2637 triumphato
1911 2597 2014 2623 auro
2026 2613 2036 2630 ,

1201 2646 1422 2704 quomodo
1439 2648 1483 2691 in
1503 2648 1660 2692 Fastis:
1680 2665 1701 2684 «
1719 2647 1874 2702 Deque
1890 2645 2041 2687 trium·
2099 2701 2101 2705 ι

1200 2713 1330 2770 phato
1346 2714 1508 2757 viscera
1527 2721 1635 2770 tosta
1655 2713 1776 2756 bove.
1798 2729 1819 2748 υ
1844 2711 1902 2753 H.

1245 2781 1310 2833 42.
1334 2781 1460 2822 Tecta
1469 2776 1752 2831 Bomamfori.
1763 2776 1934 2818 Domus
1943 2774 2042 2817 fmi-

1200 2842 1315 2886 timae
1329 2842 1428 2885 foro
1443 2843 1646 2885 Romano
1663 2873 1674 2894 ,
1697 2840 1765 2883 vel
1784 2856 1936 2882 revera
1960 2848 2042 2882 tra-

1198 2908 1273 2950 bes
1297 2916 1340 2949 et
1364 2915 1475 2950 tecta
1495 2907 1618 2959 atrii,
1643 2903 1760 2962 quod
1785 2903 1931 2948 Caesar
1952 2903 2042 2948 Ro-

1199 2990 1382 3016 manum
1402 2973 1547 3015 forum
1568 2989 1658 3016 esse
1676 2971 1836 3026 voluit,
1855 2980 1905 3015 ut
1919 2987 1971 3014 eo
1988 2971 2042 3015 ad

1197 3038 1295 3094 jura
1307 3038 1434 3081 simul
1446 3037 1750 3092 convenirent,
1761 3045 1811 3079 ut
1820 3036 1947 3079 docet
1956 3037 2043 3093 Ap-

1198 3103 1365 3158 pianus.
1384 3102 1498 3145 Sane
1514 3102 1730 3158 laquearia
1745 3134 1757 3156 ‚
1784 3117 1880 3158 quae
1895 3110 2041 3158 postea

1199 3176 1243 3210 et
1271 3167 1316 3209 in
1346 3167 1522 3224 privatis
1550 3167 1750 3210 domibus
1780 3182 1886 3209 auro
1912 3174 2040 3222 tege-

1197 3233 1373 3288 bantur,
1392 3242 1486 3289 post
1501 3232 1814 3289 Carthaginem
1834 3246 2039 3275 eversam.

1254 3299 1318 3352 43.
1359 3300 1519 3340 Tulisse
1544 3301 1715 3341 vincula
1741 3299 1889 3340 addila
1908 3298 2040 3338 collis.

1200 3363 1239 3406 T
1245 3362 1366 3406 ulisse
1381 3371 1572 3415 catenas,
1592 3362 1745 3417 quibus
1763 3377 1917 3405 eorum
1933 3359 2039 3403 colla

1199 3427 1379 3483 adligata
1402 3436 1538 3470 erant.
1560 3427 1689 3468 Mun.
