2280 3776
523 292 1026 349 THEODORO
1070 291 1122 345 A
1162 290 1774 349 VELTHUISEN.

260 411 477 494 Perque
485 410 627 497 'pias
658 409 923 493 lacrymas
953 408 1198 469 rorantia
1225 408 1490 487 sanguine
1519 409 1658 470 vidit

345 509 413 567 In
441 506 633 568 rostris
660 504 905 588 populus
934 503 1177 565 consulis
1207 528 1301 565 ora
1328 505 1413 566 sui
1437 530 1450 565 ε

267 605 350 664 Ne
381 601 521 662 foret
541 648 555 673 ,
589 601 869 684 oppressis
902 624 1024 683 quae
1053 599 1324 662 libertatis
1353 626 1589 663 amorem

353 697 654 770 Redderet,
684 711 779 758 aut
809 695 997 758 odium
1028 695 1217 776 lingua
1244 697 1446 760 diserta
1475 700 1610 782 jugi.

273 793 467 857 Secula
495 793 629 877 quid
650 794 855 876 jactant
876 792 1040 862 nobis
1066 792 1285 856 felicia?
1312 794 1461 857 culto

357 888 501 968 Quis
526 888 713 950 honor
742 887 987 973 eloquio,
1019 903 1072 949 te
1102 888 1419 951 dominante
1439 937 1453 963 ,
1480 890 1623 951 suit?

275 986 532 1070 Principe
561 1003 640 1060 te,
669 987 819 1049 vocis
847 986 1126 1048 Facundia
1155 986 1397 1069 perdidit
1425 1012 1617 1061 usum,

356 1085 706 1168 Linguaque,
738 1108 903 1169 quam
934 1084 1152 1169 stupuit
1178 1084 1374 1158 Curia,
1405 1099 1557 1145 muta
1583 1084 1704 1146 fuit.

278 1184 391 1243 Nec
415 1181 663 1264 jugulare
692 1197 858 1265 caput
885 1182 1036 1243 vocis
1065 1196 1323 1243 contente
1354 1180 1578 1255 solutae,

358 1277 567 1338 Aonias
596 1277 754 1337 Latio
780 1275 941 1359 pellis
966 1278 1036 1337 ab
1067 1278 1203 1338 orbe
1231 1279 1411 1339 Deas:

280 1376 527 1460 Quaeque
555 1376 954 1458 Agannippeos
982 1389 1259 1435 mutarant
1290 1374 1576 1458 Thybride
1600 1374 1783 1437 sontes
1800 1425 1816 1448 ,

360 1472 625 1543 Barbare,
654 1470 936 1531 Bistonias
960 1470 1112 1549 cogis
1138 1469 1289 1529 adire
1314 1470 1484 1530 niveS.

285 1567 494 1628 Caesare
528 1580 580 1626 te
597 1612 612 1639 ,
641 1567 820 1638 NaSO,
853 1567 1117 1626 Romanae
1141 1562 1318 1643 gloria
1338 1587 1534 1636 musae,

363 1665 489 1725 Jam
519 1663 682 1723 discit
708 1663 948 1747 scythice
975 1662 1369 1745 sarmaticeque
1398 1661 1554 1745 loqui
1577 1687 1590 1722 ε

287 1764 539 1846 Quaeque
566 1762 723 1844 prius
755 1776 971 1840 gentem
1000 1758 1291 1843 rapiebant
1321 1757 1465 1819 culta
1497 1773 1734 1838 togatam

369 1858 654 1931 Carmina,
686 1873 891 1919 naturae
920 1857 1250 1919 luxuriantis
1279 1878 1444 1939 opes,

287 1956 563 2027 Devovet,
599 1970 682 2028 et,
713 1956 901 2038 patriae
927 1955 1163 2038 perdens
1191 1953 1515 2014 commercia
1544 1953 1719 2024 vociS,

368 2055 645 2115 Braccatis
672 2054 866 2114 recitat
891 2053 1199 2114 semilatina
1232 2052 1404 2112 Getis.

286 2153 519 2212 Ferreus
548 2150 832 2230 ingenium
862 2150 1076 2229 fregisti
1109 2148 1323 2220 nobile,
1357 2172 1469 2231 quo
1498 2172 1615 2208 non

373 2246 594 2308 Cultius
622 2247 680 2306 in
706 2246 868 2306 Latio
902 2245 1205 2308 fertiliusve
1233 2245 1356 2305 suit.

290 2346 406 2404 Nec
435 2342 609 2427 pudet
633 2343 776 2403 hanc
803 2343 947 2403 tristi
977 2365 1195 2403 causam
1222 2340 1559 2424 praetendere
1588 2365 1794 2424 poenae,

377 2441 632 2502 Carmina
663 2440 813 2524 quod
843 2440 1046 2501 teneris
1078 2438 1274 2500 luserit
1303 2454 1427 2499 ante
1452 2438 1679 2500 modis?

297 2540 441 2611 Cur,
474 2538 580 2598 tibi
611 2537 707 2620 qui
737 2537 903 2598 toties
930 2536 1098 2596 vitam
1125 2559 1414 2618 moresque
1442 2536 1724 2618 probavit,

376 2637 704 2719 Projicitur,
735 2634 890 2696 nullo
919 2634 1145 2696 crimine
1174 2649 1340 2694 notus
1368 2636 1576 2716 eques?
1666 2655 1668 2665 ³

300 2733 550 2815 Curque,
581 2728 721 2790 nihil
744 2730 927 2811 juveni
956 2753 1078 2812 quae
1105 2729 1346 2789 carmina
1367 2727 1491 2790 laeta
1515 2730 1819 2803 nocebant,

380 2826 653 2889 Exsilium
682 2828 882 2887 misero
913 2826 1069 2888 triste
1095 2825 1291 2886 dedere
1322 2826 1480 2886 seni?

304 2926 419 2987 Cur
444 2924 560 3003 agis
584 2923 645 2983 in
670 2937 951 2995 sanctum,
976 2922 1172 2982 veteris
1195 2922 1301 2981 sub
1332 2921 1569 2999 imagine
1601 2920 1776 3005 culpae
1793 2969 1809 2993 ,

384 3020 646 3082 Terribili
669 3020 879 3081 fulmen
906 3043 1078 3081 saevus
1108 3021 1178 3079 ab
1208 3043 1331 3079 arce
1357 3034 1556 3102 caput;

304 3125 420 3183 Nec
446 3119 623 3182 scelus
650 3120 938 3200 objicitur,
969 3142 1069 3179 nec
1096 3118 1184 3178 lex
1214 3133 1471 3179 temerata
1493 3142 1506 3189 ;
1538 3117 1634 3177 sed
1659 3140 1840 3191 error,

390 3219 575 3300 Atque
607 3216 801 3279 oculos
822 3216 1046 3299 probris
1074 3214 1368 3275 inseruisse
1401 3215 1527 3275 tuis.

314 3312 487 3392 Quod
513 3328 638 3379 tua,
666 3312 751 3373 vel
775 3312 964 3394 stirpis
993 3311 1254 3394 spectarit
1283 3310 1511 3370 crimina
1544 3325 1761 3382 vestrae,

398 3408 700 3481 Plectitur3
732 3433 764 3468 o
791 3432 966 3492 poenae
995 3431 1155 3469 causa
1185 3406 1443 3489 pudenda
1470 3407 1624 3485 ferae!

1936 297 2041 373 495

1986 1504 2061 1531 too

2004 2473 2079 2500 110

2008 2939 2085 2981 115

2019 3436 2096 3462 120
