2280 3776
298 312 397 368 190

731 294 795 344 P.
863 290 1163 344 OVIDII
1214 288 1586 344 NASONIS

290 412 412 470 Jam
441 409 587 470 feror
617 408 675 466 in
705 429 944 488 pugnaS‚
976 420 1029 464 et
1059 404 1308 465 nondum
1337 428 1539 464 cornua
1565 405 1769 478 sumsi;

373 510 487 567 Nec
514 503 647 565 mihi
679 501 928 560 sumendi
958 523 1118 561 causa
1147 501 1219 562 sit
1247 500 1358 562 ulla
1386 500 1561 562 velim.

297 603 485 664 Circus
514 598 688 658 adhuc
720 611 919 662 cessatz
947 597 1154 679 spargit
1183 611 1363 658 tamen
1382 581 1514 657 'acer
1542 618 1757 657 arenam

373 698 616 763 TauruS,
647 708 700 752 et
729 691 933 753 infesto
958 694 1067 774 jam
1090 695 1229 777 pede
1258 694 1441 777 pulsat
1464 694 1711 755 humum.
2004 711 2058 752 30

292 794 414 852 Hoc
441 814 688 872 quoque,
716 815 877 872 quam
900 789 1074 864 volui,
1100 791 1226 874 plus
1250 806 1363 852 est:
1385 815 1539 863 cane,
1565 792 1756 862 Musa,
1779 803 2056 871 receptus,

371 889 520 947 Dum
548 885 674 946 licet
697 887 825 946 huic
849 910 1050 947 nomen
1079 886 1417 947 dissimulare
1448 886 1635 947 suum.
1742 887 1745 889 ’
1768 900 1769 903 ’

346 1035 412 1075 27.
433 1019 493 1059 Et
503 1018 682 1059 nondum
701 1032 855 1059 cornua
873 1020 1015 1059 sumsz‘.
1032 1018 1137 1060 Nec-

294 1085 389 1124 dum
404 1085 510 1125 mihi
522 1098 675 1124 cornua
690 1080 969 1138 prirnnVatic.
991 1090 1035 1124 et
1050 1090 1137 1125 tres

294 1147 385 1198 alii3
409 1164 472 1203 pr.
492 1147 617 1190 Polit.
640 1156 682 1189 et
703 1145 791 1188 duo
811 1148 990 1188 nondum
1011 1148 1137 1198 mihi5

295 1212 421 1268 prim.
443 1211 577 1255 Palat.
597 1218 638 1254 el
653 1227 735 1253 non
753 1213 867 1253 mihi.
881 1211 1139 1252 H.-—Non-

294 1278 400 1320 dum
434 1278 565 1321 sumsi
595 1277 807 1321 calamum
841 1285 885 1320 et
915 1277 1132 1330 chartam,

296 1344 449 1398 quibus
466 1352 506 1386 te
522 1352 666 1399 petam
679 1377 688 1392 ‚
708 1352 755 1385 ut
770 1341 979 1396 cornibus·
991 1350 1138 1384 taurus

294 1408 409 1451 feras
429 1409 474 1450 in
498 1424 628 1450 arena
655 1423 803 1450 secum
827 1406 1139 1463 depugnantes.

353 1489 415 1531 29.
441 1475 582 1515 Circus
603 1475 740 1515 adhuc
758 1480 906 1525 cessat.
928 1471 1141 1515 Nondum

296 1546 446 1580 taurus
474 1538 519 1578 in
557 1536 686 1580 Circo
718 1536 925 1579 irritatur.
960 1535 1140 1593 Effigies

298 1602 417 1644 enim
433 1601 663 1644 hominum
677 1618 728 1644 ex
740 1602 859 1644 foeno
875 1609 991 1644 veste
1010 1601 1142 1643 rubra

299 1675 526 1723 cooperto,
546 1666 641 1709 fieri
654 1667 871 1722 solebant,
894 1667 1047 1723 quibus
1062 1666 1143 1708 ob-

298 1733 419 1788 jectis
450 1731 499 1774 ad
535 1732 825 1788 spectaculum
856 1731 1139 1788 praebendum

299 1797 411 1837 tauri
435 1796 722 1839 irritarentur.
756 1798 910 1839 Postea
934 1796 993 1839 ita
1021 1796 1143 1839 luxus

300 1860 503 1915 inolevit,
532 1870 580 1904 ut
606 1861 837 1906 Phoeniciis
864 1862 1050 1905 vestibus
1078 1861 1144 1905 usi

1215 1013 1621 1068 fuerint—Spargi!
1629 1019 1766 1061 lamen
1784 1028 1884 1056 acer
1895 1029 2063 1055 arenam

1227 1083 1400 1123 Taurus.
1412 1079 1584 1121 Tamen
1596 1094 1686 1121 sese
1703 1087 1849 1120 taurus
1859 1078 2064 1133 paulatim

1220 1145 1273 1189 ad
1293 1161 1485 1202 pugnam
1506 1144 1701 1189 accendit
1720 1161 1728 1187 :
1749 1145 1902 1200 quibus
1923 1145 2065 1187 verbis

1219 1212 1399 1254 inimico
1419 1210 1536 1253 idem
1556 1211 1750 1253 minatur
1768 1227 1812 1254 se
1836 1210 1990 1253 facere.
2012 1234 2066 1243 —-

1220 1276 1482 1332 Spargitjam
1495 1281 1632 1319 tomus
1646 1276 1772 1331 prim.
1785 1274 1924 1319 Vatic.
1940 1276 2066 1332 prim.

1221 1338 1356 1385 Palat.
1371 1350 1416 1384 et
1438 1349 1523 1384 tres
1544 1341 1625 1383 alii.
1647 1341 1706 1384 H.

1275 1406 1343 1449 31.
1370 1407 1501 1455 Cane,
1529 1407 1680 1453 Musa.
1709 1421 1906 1449 recessus.
1930 1405 2066 1449 Prim.

1222 1469 1420 1514 Vatican.
1441 1470 1567 1527 prim.
1592 1470 1724 1514 Palat.
1748 1479 1790 1513 et
1811 1479 1976 1526 septem
1998 1470 2068 1512 alii

1222 1553 1322 1581 cum
1337 1537 1485 1594 primis
1499 1537 1760 1580 editionibus
1778 1545 1958 1591 receptus
1973 1552 1983 1577 :
1999 1537 2068 1578 be-

1223 1620 1292 1647 ne.
1316 1604 1672 1661 H.-Receptus,
1694 1620 1769 1647 seu
1791 1602 1981 1659 receptui
1996 1618 2070 1644 ca-

1223 1685 1330 1712 nere
1365 1668 1547 1712 dicimus
1572 1701 1584 1722 ‚
1625 1684 1761 1725 quum
1799 1668 1912 1710 tubae
1946 1667 2068 1724 signo

1225 1733 1437 1778 exercitus
1458 1751 1480 1777 e
1507 1733 1654 1790 praelio
1674 1741 1913 1776 revocatur.

1280 1799 1345 1842 32.
1371 1801 1484 1842 Dum
1503 1802 1604 1843 licet
1619 1801 1727 1842 huic.
1750 1799 1852 1842 Non
1873 1796 2069 1842 laedendo

1229 1879 1300 1906 me
1326 1863 1519 1908 ulterius.

927 2111 1324 2182 ELEGIA
1367 2113 1452 2218 x.

859 2377 1529 2452 ARGUMENTUM.

308 2515 554 2560 Posteritati
575 2513 849 2558 consulturus
869 2547 880 2567 ‚
902 2512 1087 2570 patriam
1114 2529 1236 2557 suam
1253 2546 1266 2568 ,
1295 2529 1516 2569 genusque
1533 2545 1544 2567 ,
1567 2521 1612 2555 et
1631 2510 1728 2555 vitae
1747 2519 1969 2555 transactae
1987 2509 2077 2553 fata

364 2583 565 2627 describit
600 2583 743 2633 Naso;
775 2589 818 2625 et
851 2581 903 2625 ad
937 2581 1068 2624 exsilii
1094 2581 1159 2624 sui
1191 2590 1389 2638 tempora
1419 2580 1641 2638 delapsus,
1675 2577 1953 2624 incommoda
1983 2577 2075 2634 ejus

362 2654 596 2698 Musarum
617 2652 771 2695 auxilio
791 2667 883 2695 sese
903 2651 1040 2694 lenire
1060 2651 1199 2694 docet.
1241 2653 1243 2655 ’

312 2764 490 2848 ILLE
517 2810 619 2865 ego
636 2833 650 2859 ‚
683 2785 779 2868 qui
806 2783 1001 2846 fuerim
1018 2831 1033 2858 ‚
1062 2799 1371 2848 tenerorum
1399 2782 1552 2842 lusor
1580 2804 1853 2851 amorum,

392 2887 574 2964 Quem
600 2884 859 2963 legiS‚·ut
885 2884 1066 2956 noris,
1098 2882 1277 2964 accipe
1295 2928 1310 2954 ‚
1344 2879 1651 2962 posteritas.

317 2978 504 3040 Sulmo
534 2979 670 3040 mihi
701 2980 877 3062 patria
906 2994 1015 3051 est,
1045 2977 1240 3056 gelidis
1267 2974 1574 3035 uberrimus
1601 2972 1794 3047 undiS‚
1849 3014 1860 3059 3

398 3077 573 3138 Millia
603 3077 696 3160 qui
720 3078 908 3137 novies
931 3076 1100 3136 ,distat
1130 3075 1198 3133 ab
1224 3072 1361 3132 urbe
1390 3071 1602 3131 decem:
1857 3063 1861 3066 ¹

375 3220 410 3245 ι.
437 3206 516 3246 Ille
529 3222 601 3259 ego
611 3240 622 3257 ‚
648 3206 907 3263 que'fuetam.
921 3207 1084 3249 Fuerint
1094 3219 1159 3261 pr.

321 3263 463 3309 Varie.
483 3276 526 3310 et
546 3277 632 3312 tres
652 3270 743 3323 alii;
767 3271 915 3326 probe.
938 3271 998 3312 H.

1295 3204 1333 3257 4.
1360 3204 1502 3246 Millia
1520 3206 1595 3258 qui
1606 3207 1746 3245 novies
1763 3203 1896 3244 distat
1909 3203 1963 3243 ab
1983 3202 2081 3243 urbe

1239 3271 1390 3312 decem.
1414 3268 1645 3324 Perspicue
1667 3284 1716 3310 ex
1738 3267 1818 3309 hoc
1845 3266 1939 3309 loco
1964 3273 2081 3321 patet

377 3331 415 3372 3.
445 3333 581 3375 Sulmo
608 3337 712 3377 mihi
729 3340 868 3389 patria
901 3342 977 3378 est.
1008 3333 1162 3378 Sulmo
1238 3335 1436 3377 breviora
1449 3333 1643 3375 milliaria
1657 3366 1670 3387 ‚
1685 3347 1815 3388 quam
1831 3346 1947 3373 nunc
1961 3337 2079 3381 sunt,

319 3394 530 3450 oppidum
547 3396 631 3439 fuit
653 3398 846 3454 Pelignae
861 3399 1060 3456 regionis.

1242 3397 1475 3454 antiquitus
1504 3396 1646 3441 fuisse.
1675 3396 1934 3440 Sulmonem
1960 3392 2078 3436 enim
