2280 3776
302 252 412 322 254

768 252 831 306 P.
881 253 1170 310 OVIDII
1217 254 1593 310 NASONIS

300 373 416 430 Nec
442 392 527 428 me
555 368 876 428 nominibus
905 368 1145 429 furiosus
1174 370 1393 433 confero
1422 371 1616 431 tantis:
2007 392 2059 434 25

385 468 532 527 Saeva
562 469 714 525 Deos
745 479 932 523 contra
960 488 1073 525 non
1102 481 1282 528 tamen
1309 493 1451 528 arma
1484 467 1604 528 tuli.

299 562 551 643 Denique
583 562 827 620 Caesareo
848 604 862 629 ‚
896 559 1045 640 quod
1074 584 1188 621 non
1216 562 1484 623 desiderat
1507 562 1651 645 ipse,

379 662 506 718 Non
533 669 678 714 caret
707 678 735 714 e
762 654 967 714 nostris
995 654 1140 717 ullus
1170 658 1380 719 honore
1409 659 1564 719 liber.

298 755 358 814 Si
387 752 607 813 dubitas
638 750 703 808 de
731 774 845 822 me,
875 749 1064 817 laudes
1094 752 1318 814 admitte
1344 756 1623 828 Deorum;

377 852 450 908 Et
480 870 694 907 carmen
723 847 905 906 demto
932 849 1152 909 nomine
1182 874 1332 910 sume
1364 874 1561 910 meum.
2007 870 2060 910 3³

292 943 531 1024 Adjuvat
557 942 614 999 in
641 939 788 1000 bello
814 958 1017 1023 pacatae
1046 967 1230 1005 ramus
1254 942 1438 1004 olivae:

373 1039 633 1100 Proderit
661 1053 936 1099 auctorem
972 1041 1122 1122 pacis
1152 1041 1352 1100 habere
1378 1039 1563 1100 nihil?

293 1141 483 1219 Quum
510 1138 654 1196 foret
683 1139 868 1197 AEneae
895 1138 1071 1198 cervix
1101 1137 1344 1219 subjecta
1373 1138 1620 1221 parenti,

370 1236 592 1296 Dicitur
622 1236 742 1317 ipsa
770 1235 888 1294 viro
915 1235 1128 1296 flamma
1159 1236 1373 1297 dedisse
1399 1236 1554 1297 viam.

289 1333 419 1392 Fert
441 1330 582 1390 liber
609 1331 890 1392 AEneaden
916 1356 928 1390 ε
962 1346 1017 1391 et
1046 1356 1161 1391 non
1188 1332 1296 1392 iter
1317 1355 1480 1392 omne
1510 1330 1761 1414 patebit?
2003 1350 2056 1391 35

369 1430 446 1488 At
474 1427 662 1510 patriae
695 1442 849 1509 pater
880 1427 1000 1500 hic;
1031 1426 1206 1511 ipsius
1235 1427 1328 1487 ille
1355 1427 1477 1487 suit.

289 1525 495 1607 Ecquis
525 1524 602 1583 ita
632 1539 716 1584 est
745 1524 921 1583 audax
938 1570 953 1596 ‚
973 1538 1044 1583 ut
1068 1522 1256 1583 limine
1283 1538 1442 1601 cogat
1468 1524 1622 1583 abire

368 1621 672 1679 Jactantem
700 1618 899 1678 Pharia
927 1617 1138 1678 tinnula
1163 1618 1322 1679 sistra
1353 1619 1563 1678 manu?

290 1714 435 1774 Ante
464 1715 645 1773 Deum
674 1728 899 1772 matrem
930 1736 1104 1773 cornu
1135 1713 1338 1773 tibicen
1367 1712 1578 1773 adunco

287 1877 360 1920 lib.
377 1877 447 1921 III
461 1910 472 1931 ,
495 1875 630 1933 Epist.
652 1879 676 1919 5
695 1909 706 1930 ,
727 1876 941 1920 discimus.
966 1877 1133 1920 Auctor

291 1943 445 1999 dialogi
465 1943 517 1985 de
531 1943 653 1990 claris
666 1941 927 1986 Oratoribus
941 1959 951 1985 ε
968 1960 990 1980 «
1004 1944 1134 1986 Fece-

287 2016 395 2050 runt
414 2008 577 2050 Brutus
598 2016 642 2050 et
660 2006 807 2050 Caesar
828 2008 1022 2050 carmina
1041 2023 1134 2050 non

288 2074 442 2117 melius
463 2089 594 2130 quam
617 2072 773 2116 Cicero
796 2106 808 2127 ,
836 2073 912 2116 sed
938 2073 1103 2117 felicius
1120 2106 1131 2127 ,

291 2140 390 2196 quia
415 2140 509 2182 illos
529 2138 677 2182 fecisse
698 2138 822 2195 pauci
845 2138 998 2182 sciunt.
1019 2156 1040 2176 »
1073 2139 1134 2181 H.

342 2209 408 2248 25.
436 2206 652 2247 Furiosus.
677 2203 856 2260 Legitur
879 2203 1011 2246 etiam
1027 2236 1039 2257 ‚
1050 2201 1134 2257 fu-

288 2275 434 2320 riosis,
470 2269 553 2312 hoc
579 2277 643 2312 est
667 2302 678 2322 ‚
713 2267 966 2311 nominibus
999 2268 1137 2324 plenis

289 2334 452 2378 furoris
472 2343 516 2376 et
537 2335 625 2377 irae.
644 2333 836 2376 MERUL.
855 2356 911 2364 —
934 2334 1138 2388 Compare

290 2391 430 2434 Servii
450 2389 545 2433 cod.
561 2391 750 2431 Furiosis
766 2404 935 2431 consere
964 2388 1135 2432 SarraV.

240 2512 244 2516 J
328 2467 490 2510 :ffiij
499 2473 636 2508 tamen
646 2481 764 2507 arma
772 2467 860 2507 tali.
870 2464 972 2508 Non
982 2473 1134 2506 tamen

289 2532 399 2576 bella
416 2530 522 2588 gessi
536 2564 548 2585 ,
565 2539 613 2574 ut
630 2530 697 2573 M.
717 2530 884 2574 Anton.
898 2538 942 2573 et
957 2530 1134 2574 Brutus.

346 2614 410 2656 29.
444 2598 494 2640 Si
513 2599 681 2639 dubitas
705 2598 757 2637 de
785 2612 860 2638 me.
893 2595 942 2638 Si
966 2595 1135 2639 dubitas

281 2678 390 2705 <mea
409 2678 532 2705 causa
565 2660 643 2704 hos
670 2675 792 2703 meos
819 2660 983 2704 libellos
1011 2661 1134 2704 exci-

292 2727 633 2784 pere.—Laudes
652 2728 826 2767 admitte
843 2728 1036 2769 Deorum.
1055 2727 1136 2769 Ex-

293 2793 384 2848 cipe
395 2791 489 2835 illos
504 2790 687 2847 Augusti
699 2806 841 2846 causa,
853 2791 975 2847 cujus
987 2791 1134 2835 laudes

293 2856 339 2898 in
357 2855 436 2899 illis
454 2855 748 2899 continentur.
819 2871 822 2874 ⁴
978 2896 979 2899 ,

350 2922 396 2964 31
406 2956 414 2964 .
429 2921 623 2975 Adjuvat
630 2925 672 2963 in
685 2923 805 2964 bello.
816 2919 895 2965 Est
908 2937 1136 2979 argumen-

295 2996 390 3031 tum
408 3002 431 3028 a
447 2984 608 3028 minori
628 3001 637 3028 :
660 2986 825 3030 Ramus
849 2986 954 3030 oleae
974 3019 986 3040 ,
1018 2985 1136 3043 quod

295 3052 467 3108 signum
490 3050 603 3107 pacis
629 3059 718 3105 est,
749 3050 926 3107 adjuvat
949 3051 995 3093 in
1022 3050 1136 3094 bello

296 3114 641 3171 praetendentem
663 3130 673 3156 ε
693 3115 832 3158 multo
851 3116 983 3172 igitur
1001 3115 1136 3172 magis

297 3180 428 3222 debet
440 3180 587 3234 juvare
602 3213 613 3234 ,
630 3195 722 3222 non
740 3182 913 3238 signum
925 3214 936 3234 ,
958 3180 1030 3223 sed
1045 3180 1136 3236 ipse

299 3251 449 3286 auctor
469 3242 581 3298 pacis
597 3275 608 3295 ‚
633 3243 677 3285 id
703 3245 819 3299 quod
846 3245 1012 3288 faciunt
1038 3243 1138 3287 libri

299 3307 400 3351 mei.
419 3306 590 3348 MICYL.
601 3310 839 3351 -Pacatoe
855 3325 992 3352 ramus
1005 3311 1138 3351 olivoe.

300 3392 322 3412 «
342 3370 625 3426 Paciferaque
651 3387 785 3415 manu
815 3388 987 3418 ramum
1017 3387 1138 3430 prm-

1214 1878 1354 1922 tendit
1367 1877 1501 1921 olivae.
1519 1895 1540 1915 »
1557 1876 1678 1934 Virg.
1693 1874 1920 1919 AEn.VIII
1934 1905 1946 1927 ,
1968 1890 1984 1915 1
1995 1874 2058 1916 16.

1260 1946 1325 1987 35.
1335 1947 1560 1988 AEneaden.
1571 1944 1818 2000 Augustum
1829 1975 1840 1996 ‚
1852 1942 1903 1984 ab
1915 1941 2058 1983 AEnea

1215 2009 1454 2051 oriundum
1467 2041 1479 2064 ,
1499 2016 1678 2066 propter
1697 2016 1866 2064 patrem
1888 2007 1918 2049 J
1922 2006 2060 2048 ulium

1219 2073 1435 2117 Caesarem
1443 2106 1454 2128 ,
1466 2073 1681 2130 quigenus
1690 2088 1818 2115 suum
1828 2070 1879 2114 ad
1889 2071 1918 2114 J
1923 2070 2060 2113 ulium

1215 2140 1454 2183 Ascanium
1465 2173 1477 2195 ,
1493 2140 1646 2183 AEneae
1658 2139 1816 2193 filium,
1831 2137 2062 2181 referebat.

1270 2206 1337 2248 36.
1361 2208 1423 2249 H
1431 2210 1583 2261 patria·
1597 2213 1721 2261 pater
1737 2208 1820 2249 hic.
1840 2205 2061 2260 Augustus

1217 2278 1281 2313 est
1302 2280 1425 2327 pater
1447 2271 1610 2327 patriae.
1626 2293 1681 2302 —
1696 2272 1838 2325 Ipsius
1851 2272 1935 2312 ille.
1957 2268 2062 2324 Quo

1216 2334 1382 2378 referas
1395 2334 1501 2377 illud
1519 2339 1652 2390 Ipsius
1669 2350 1762 2377 non
1776 2333 1924 2376 video:
1939 2349 1994 2375 an
2007 2332 2063 2375 ad

1217 2397 1495 2454 Augustum?
1510 2407 1560 2441 ut
1572 2399 1627 2441 sit
1639 2430 1651 2452 ,
1664 2398 1885 2455 Augustus
1898 2397 1982 2440 fuit
1994 2412 2063 2452 pa-

1217 2470 1285 2505 ter
1296 2463 1460 2519 patriae,
1473 2462 1542 2506 ille
1558 2463 1574 2516 (
1589 2451 1751 2505 AEneas
1765 2463 1780 2517 )
1796 2470 1918 2518 pater
1931 2460 2061 2518 ipsius

1218 2528 1479 2585 (Augusti).
1500 2528 1552 2571 In
1569 2528 1764 2571 Francos
1764 2560 1773 2569 .
1783 2536 1877 2570 erat
1889 2560 1901 2581 ‚
1915 2531 2062 2570 unicus

1213 2597 1285 2637 ille
1285 2594 1397 2650 fuit,
1413 2594 1528 2637 forte
1540 2610 1620 2651 pro
1631 2599 1752 2638 unius
1760 2593 1937 2649 illesuit.
1946 2592 2031 2636 Hic
2043 2624 2058 2645 ,

1215 2659 1374 2703 scilicet
1393 2659 1614 2717 Augustus
1627 2691 1639 2714 ,
1659 2667 1724 2702 est
1742 2666 1865 2714 pater
1882 2657 2030 2713 patriae
2044 2691 2058 2711 ,

1217 2723 1291 2780 qui
1312 2733 1376 2767 est
1391 2756 1404 2779 ,
1435 2723 1655 2767 AEneades
1680 2721 1750 2765 ille
1767 2755 1780 2776 ,
1813 2738 1944 2778 quem
1970 2721 2060 2765 fert

1216 2806 1340 2833 meus
1354 2790 1464 2833 liber
1478 2808 1488 2840 3
1504 2788 1575 2832 ille
1590 2803 1719 2843 vero,
1735 2787 1897 2830 AEneas
1910 2819 1921 2841 ,
1936 2796 2060 2844 pater

1214 2855 1301 2899 fuit
1326 2871 1418 2898 non
1438 2854 1682 2898 communis
1710 2853 1859 2909 patriae
1883 2862 1928 2896 et
1953 2869 2062 2895 om·-

1217 2920 1343 2962 nium
1354 2918 1514 2962 civium
1524 2950 1536 2972 ,
1546 2917 1622 2961 sed
1634 2917 1763 2960 unius
1772 2918 1802 2960 J
1805 2917 1879 2960 ulii
1891 2935 1902 2970 ;
1919 2918 1986 2961 cui
2002 2927 2062 2961 ta-

1214 3001 1320 3027 men
1334 2984 1418 3026 iter
1432 2983 1569 3039 patuit
1584 2999 1663 3040 per
1680 2982 1850 3025 ferrum
1870 2991 1913 3026 et
1927 2983 2062 3039 ignes.

1216 3050 1380 3092 BURM.
1397 3047 1483 3090 Alii
1497 3046 1866 3103 interpretantur,
1884 3047 1954 3091 ille
1970 3048 2063 3091 An-

1217 3113 1353 3157 chises
1372 3129 1464 3156 non
1477 3113 1561 3156 nisi
1574 3113 1730 3156 AEneae
1742 3112 1828 3156 fuit
1843 3121 1978 3170 pater.

1271 3177 1334 3235 37.
1357 3178 1416 3221 Ut
1428 3181 1570 3220 limiae
1582 3186 1708 3232 cogat
1716 3180 1845 3220 abire.
1859 3176 1923 3219 Ut
1939 3174 2060 3218 Isidis

1215 3241 1472 3296 sacerdotes,
1487 3242 1612 3286 sistra
1628 3240 1834 3301 AEgyptia
1850 3241 2056 3294 ferentes,

1218 3306 1349 3363 pellat
1369 3324 1392 3350 e
1411 3308 1577 3351 limine.

1274 3374 1339 3432 39.
1348 3375 1461 3419 Ante
1468 3377 1603 3418 Deum
1614 3382 1794 3420 matrem.
1807 3373 1962 3430 Quum
1973 3386 2058 3414 ma-
