2280 3776
497 281 953 340 TRISTIUM
997 281 1162 337 LIB.
1214 282 1285 337 V.
1332 279 1580 337 ELEG.
1626 281 1815 336 XIII.
1922 281 2029 351 243

809 572 1202 643 ELEGIA
1246 572 1470 643 XIII.

837 895 1488 952 ARGUMENTUM.

283 1027 489 1072 Amicum
527 1028 752 1085 hortatur,
786 1039 835 1074 ut
869 1006 1224 1088 quaiadoquidem
1259 1033 1417 1077 amoris
1452 1032 1588 1076 muna
1623 1032 1728 1077 olim
1759 1033 1940 1091 pignora
1971 1033 2052 1079 sibi

337 1094 530 1151 dederit,
551 1112 669 1140 nunc
693 1098 832 1141 verbis
853 1107 897 1142 et
919 1099 1051 1144 literis
1070 1116 1125 1143 ne
1150 1109 1309 1156 parcat.
1329 1099 1466 1156 Quod
1483 1101 1517 1144 si
1537 1100 1807 1157 emendarit,
1824 1101 1926 1145 dicit
1945 1101 2053 1145 nihil

339 1164 391 1207 ab
412 1165 505 1220 ejus
529 1164 715 1209 amicitia
735 1166 917 1223 amplius
941 1167 1279 1213 desiderandum
1300 1186 1403 1214 esse.

287 1293 506 1378 HANG
534 1330 662 1376 tuus
690 1338 717 1375 e
745 1316 936 1378 Getico
964 1319 1137 1380 mittit
1164 1318 1266 1379 tibi
1295 1321 1445 1381 Naso
1476 1319 1702 1382 salutem
1726 1347 1739 1395 ;

368 1412 595 1472 Mittere
627 1412 672 1472 si
702 1412 1022 1497 quisquam,
1057 1439 1168 1499 quo
1195 1430 1340 1477 caret
1368 1416 1513 1499 ipse,
1543 1432 1743 1502 potest.

288 1511 458 1588 AEger
483 1508 626 1570 enim
656 1510 795 1571 traxi
822 1513 1074 1591 contagia
1103 1537 1331 1597 corpore
1359 1516 1586 1588 mentia,

369 1607 570 1668 Libera
600 1622 874 1670 tormento
902 1634 1029 1693 pars
1058 1611 1194 1671 mihi
1224 1635 1293 1671 ne
1326 1636 1433 1695 qua
1462 1628 1641 1673 vacet:

291 1704 508 1786 Perque
537 1703 652 1764 dies
677 1703 882 1766 multos
910 1705 1092 1767 lateris
1120 1708 1454 1770 cruciatibus
1482 1733 1643 1781 uror,

374 1799 481 1859 Sed
511 1799 660 1882 quod
691 1824 803 1860 non
834 1800 1052 1862 modico
1079 1802 1281 1883 frigore
1310 1802 1449 1864 lae‘sit
1475 1804 1666 1866 hiems.

294 1895 354 1957 Si
384 1911 559 1957 tamen
590 1897 708 1980 ipse
735 1897 905 1968 valeS‚
938 1898 1119 1980 aliqua
1146 1924 1252 1961 nos
1277 1914 1430 1980 parte
1459 1900 1730 1963 valemus:

375 1995 600 2079 Quippe
629 2017 746 2056 mea
773 2010 857 2056 est
885 1995 1130 2055 humeris
1154 1994 1292 2055 fulta
1321 1977 1481 2057 ruiiia
1507 1995 1635 2061 tuis.

295 2094 413 2176 Qui
440 2093 576 2154 mihi
604 2118 773 2176 quum
804 2092 1018 2152 dederis
1047 2091 1285 2171 ingentia
1315 2092 1579 2175 pignora,
1608 2119 1887 2180 quumque

375 2191 484 2252 Per
510 2213 767 2251 numeros
798 2211 989 2249 omnes
1016 2188 1126 2247 hoc
1156 2202 1339 2248 tueare
1369 2204 1565 2272 caput3

300 2286 474 2366 Quod
501 2300 596 2349 tua
622 2309 708 2346 me
734 2309 858 2346 raro
890 2283 1102 2345 solatur
1129 2281 1364 2366 epistola
1382 2329 1398 2355 ‚
1427 2307 1621 2366 peccas
1644 2309 1657 2343 :

383 2384 631 2465 Remque
660 2382 807 2464 piam
836 2395 1091 2463 praestas,
1116 2378 1175 2438 ni
1201 2377 1337 2439 mihi
1366 2379 1531 2440 verba
1555 2402 1738 2459 negeS.

303 2479 427 2539 Hoc
456 2501 652 2561 precor
681 2476 902 2537 emenda
926 2500 938 2535 ε
965 2475 1119 2558 quod
1147 2476 1193 2535 si
1223 2475 1519 2536 correxeris
1547 2500 1720 2536 unum
1737 2523 1753 2551 ,

2021 2224 2069 2251 10

364 2640 400 2666 1.
421 2624 588 2666 Im’ttere
606 2624 650 2664 si
664 2624 881 2678 quisquam
896 2651 908 2674 ,
928 2634 1008 2675 quo
1025 2625 1151 2662 caret.
1232 2617 1429 2675 Eieg.vl‚
1450 2620 1489 2661 5.
1508 2618 1601 2661 «Te
1620 2634 1743 2674 mea,
1763 2619 1983 2677 supposita
1996 2636 2073 2664 ve-

307 2689 474 2731 Mater-e
493 2703 575 2730 rem
601 2691 646 2729 si
660 2690 756 2742 quis
770 2717 782 2739 ,
812 2701 894 2741 qua
915 2692 1032 2727 caret
1050 2683 1153 2726 Lei-
1230 2683 1310 2726 luti
1323 2683 1444 2729 trabe
1457 2715 1471 2737 ,
1491 2683 1602 2727 fulta
1617 2685 1744 2728 ruina
1762 2694 1838 2729 est.
1861 2704 1884 2724 υ

309 2752 431 2797 dens.
448 2760 492 2796 et
507 2751 672 2795 Moreti
688 2784 699 2806 ,
724 2759 768 2794 et
784 2750 889 2793 alius
907 2749 1054 2794 codex.
1073 2749 1134 2792 H.
1285 2766 1326 2807 9.
1342 2750 1534 2804 Ingentia
1544 2753 1735 2805 pssmora.
1750 2750 1935 2808 Magnas
1949 2751 2074 2807 signi-

369 2820 408 2864 3.
437 2820 575 2862 Tra-‘ti
590 2821 792 2873 contagia
813 2819 961 2860 mentis
978 2830 1155 2869 corpore.
1231 2811 1454 2857 ficationes
1468 2814 1641 2858 amoris.

311 2882 366 2927 Id
397 2892 462 2928 est
478 2916 490 2940 ,
513 2884 657 2940 ipsum
687 2897 868 2939 corpus,
899 2896 987 2937 prae
1015 2879 1154 2923 nimio
1293 2893 1356 2921 10.
1375 2880 1460 2922 Per
1477 2895 1667 2923 numeros
1687 2895 1841 2923 omnes.
1861 2877 1951 2924 Per
1975 2895 2073 2923 om-

314 2947 476 2999 mentis
495 2946 645 2990 dolore
659 2980 671 3003 ,
690 2946 818 3002 coepit
837 2943 949 2988 male
970 2944 1128 2987 valere.
1234 2960 1312 2987 nes
1327 2943 1495 2988 modos.

368 3010 409 3053 6.
439 3012 526 3054 Sed
538 3014 651 3068 quod
665 3027 747 3055 nou
763 3012 938 3054 modico.
974 3011 1037 3052 Ut
1059 3010 1164 3064 quid
1294 3026 1356 3052 12.
1377 3011 1889 3065 Remquepiampraeslas‚
1913 3016 1956 3053 el
1975 3013 2081 3054 mihi

315 3072 689 3131 Hamburgensis;
721 3077 784 3118 Et
807 3076 920 3131 quod
943 3072 1157 3117 Buslidia-
1236 3077 1361 3117 uerba
1377 3090 1518 3130 negas.
1539 3076 1593 3118 Si
1605 3077 1715 3118 mihi
1729 3075 1857 3119 multi
1876 3083 2043 3119 veteres
2060 3108 2074 3130 ,

316 3131 399 3182 mis
417 3156 428 3192 ;
458 3138 550 3196 lege
569 3172 581 3194 ,
610 3143 669 3182 Id
690 3144 814 3196 quod.
841 3140 1056 3184 Putabam
1079 3139 1158 3183 ali-
1238 3147 1282 3182 et
1294 3143 1345 3182 ni
1353 3141 1480 3193 mihi,
1498 3137 1587 3193 vel,
1602 3142 1683 3182 sed
1691 3155 1816 3195 neges
1828 3139 1959 3183 etiam
1970 3156 2079 3183 non·

319 3202 497 3259 quando
509 3236 520 3255 ,
548 3205 673 3258 Quod
675 3204 781 3259 sem
799 3221 883 3247 aon
903 3208 1078 3247 modico.
1098 3205 1159 3247 H.
1239 3203 1360 3246 nulli.
1378 3204 1510 3247 Forte
1526 3237 1539 3258 ,
1563 3220 1586 3242 «
1609 3204 1811 3260 Remque
1830 3204 1946 3262 piam
1958 3204 2080 3248 haud

377 3269 415 3311 8.
453 3268 614 3323 Quippe
640 3283 733 3310 mea
754 3276 821 3310 est
847 3271 1026 3316 hument·-
1040 3267 1161 3322 sulla
1239 3277 1427 3326 praestas,
1442 3268 1517 3325 qui
1530 3267 1637 3311 mihi
1648 3269 1780 3312 verba
1792 3285 1935 3325 neges.
1954 3287 1976 3308 »
1991 3269 2079 3312 Vel

323 3336 445 3375 ruina
483 3335 580 3374 tuis.
632 3331 840 3388 Quatuor
878 3331 977 3375 libri
1017 3336 1161 3377 carina
1241 3337 1424 3389 Itemque
1436 3344 1691 3378 tuamznam
1702 3342 1817 3378 tuam
1834 3335 1956 3378 estin
1971 3334 2079 3378 Bus-

324 3400 410 3440 tue's
425 3409 442 3450 ‚·
458 3394 625 3441 solenni
646 3396 991 3454 permutatioue3
1013 3395 1084 3443 lib.
1107 3398 1130 3443 I
1145 3429 1159 3453 ,
1239 3397 1416 3442 lidiano.
1435 3398 1749 3455 H.-—Bemque
1757 3402 1875 3454 piam
1885 3405 2080 3455 prestasf
