2268 3848
287 340 355 373 22
751 321 814 372 P.
861 319 1582 377 OVIDII'NA‘SONIS

286 437 399 506 Ut,
433 434 580 517 quod
610 457 708 494 vos
739 435 917 507 seitiS‚
947 458 1120 517 poenae
1152 459 1372 519 quoque
1401 437 1600 498 sentiat
1629 453 1846 500 auctor:

369 527 590 589 Placato
618 552 846 611 possum
872 552 983 588 non
1013 528 1178 590 miser
1207 553 1321 591 esse
1350 532 1492 592 Deo.
2002 551 2056 606 40

288 629 406 687 Hac
431 651 590 710 prece
620 627 838 688 adoravi
863 628 1103 711 Superos
1132 627 1551 712 ego;·pluribus
1577 655 1718 692 uxor
1736 678 1750 703 ,

368 723 628 802 Singultu
656 724 866 785 medios
892 724 1257 808 praepediente
1290 751 1477 788 sonos,

286 818 390 878 Illa
418 820 604 891 etiam,
639 835 764 881 ante
794 822 958 882 Lares
987 822 1161 904 passis
1189 837 1463 905 prostrata
1489 821 1697 906 capillis
1720 871 1735 895 ‚

371 919 619 998 Contigit
645 919 942 980 exstinctos
974 944 1066 980 ore
1095 935 1357 981 tremente
1380 921 1538 981 focos
1561 946 1573 981 ε

290 1014 580 1096 Multaque
610 1015 668 1074 in
699 1020 913 1076 aversos
942 1016 1139 1076 effudit
1164 1017 1332 1078 verba
1359 1018 1619 1091 PenateS‚
2007 1037 2060 1092 45

369 1114 480 1172 Pro
505 1112 788 1196 deplorato
818 1138 931 1174 non
957 1112 1187 1174 valitura
1213 1114 1348 1174 viro·

288 1210 519 1291 Jamque
549 1233 714 1269 morae
745 1210 983 1292 spatium
1012 1234 1122 1270 nox
1149 1211 1486 1295 praecipitata
1514 1213 1779 1291 negabat,

370 1308 651 1390 Versaque
682 1306 750 1366 ab
782 1330 880 1366 axe
909 1330 1011 1366 suo
1041 1307 1322 1367 Parrhasis
1355 1309 1559 1369 Arctos
1582 1324 1713 1370 erat.

291 1439 411 1481 vivus
426 1445 469 1482 et
484 1445 681 1480 mortuus
694 1435 861 1479 divinos
880 1435 1138 1479 meruitvho-

291 1521 432 1548 nores.

345 1571 410 1627 39.
434 1569 508 1619 Ut,
524 1584 611 1623 quae
624 1571 811 1617 senatres,
829 1584 960 1623 poenoe
978 1585 1135 1624 quoque

290 1639 449 1678 sentiat
458 1640 612 1677 auctor.
623 1635 691 1677 Ut.
703 1635 817 1688 quod
824 1650 900 1676 vos
916 1637 1038 1677 scz'tc’s
1052 1633 1137 1690 ple-

290 1701 414 1756 rique
428 1709 594 1742 veteres
606 1732 617 1753 ‚
641 1707 683 1741 et
691 1715 861 1753 possum
878 1714 956 1755 pro
962 1703 1136 1752 possim.

292 1765 550 1822 Legendum
565 1764 744 1807 fortasse
764 1781 773 1808 :
790 1782 811 1802 «
829 1765 908 1817 Ut,
931 1764 1046 1821 quod
1063 1780 1138 1807 vos

292 1830 406 1875 scitis
424 1863 435 1884 ,
460 1845 598 1886 poenae
614 1845 785 1885 quoque
802 1829 835 1872 si
853 1829 955 1873 sciat
970 1839 1137 1884 auctor,

295 1897 470 1941 Placato
484 1896 642 1952 possim
656 1912 746 1938 non
760 1895 892 1939 miser
900 1913 990 1939 esse
998 1896 1136 1940 Deo.»

295 1961 521 2017 Superiori
536 1960 685 2017 Elegia
699 1977 828 2014 ,vers.
844 1977 914 2020 99,
932 1961 1003 2004 ubi
1020 1961 1139 2004 Deos

295 2027 543 2083 adloquitur
572 2043 582 2070 :
606 2029 745 2071 >Immo
774 2031 836 2070 ita
851 2041 866 2080 ;
903 2043 980 2070 vos
1006 2031 1139 2071 scittssr.

298 2095 445 2138 Ponr.

350 2163 414 2215 42.
427 2161 616 2215 Sz'ngultu
628 2163 1062 2217 mediosproepedoente
1075 2177 1139 2204 so-

297 2243 385 2270 nos.
403 2226 622 2285 Lacrymis
636 2225 766 2268 verba
781 2226 1138 2281 impedientibus5

294 2293 352 2336 sic
372 2291 417 2334 in
437 2291 563 2334 Rem.
585 2290 685 2332 Am.
708 2307 765 2333 vs.
788 2292 867 2348 598
887 2307 896 2333 :
917 2309 939 2328 «
960 2291 1140 2347 Rupta-

297 2373 378 2415 que
398 2356 588 2413 singultu
606 2355 736 2398 verba
757 2354 944 2398 dolentis
961 2363 1098 2399 erant.
1118 2373 1140 2393 »

298 2422 519 2464 -Medms
527 2436 666 2463 sonos.
676 2419 824 2463 Media
834 2419 1142 2475 etimperfeeta

296 2487 440 2530 verba.
473 2487 661 2540 Smgulm
685 2488 852 2528 medios.
876 2485 920 2528 11
957 2484 1142 2528 Remed.

297 2554 524 2607 Ruptaque,
554 2554 739 2605 singultu
776 2553 905 2593 verba
943 2554 1146 2606 loquentis

297 2625 483 2661 erant.—
490 2618 740 2671 Impedit-nte
756 2631 894 2660 sonos.
915 2614 1142 2660 Barberin.

290 2685 563 2739 praepede'ente
582 2713 593 2732 ‚
626 2690 675 2725 ut
698 2681 833 2737 Epist.
858 2681 1145 2739 Hypermne-

300 2758 425 2793 strae:
448 2766 469 2786 «
498 2748 555 2791 Et
578 2748 744 2791 subitus
764 2746 914 2790 dextra
934 2746 1145 2804 praepedit

298 2829 391 2858 ossa
409 2822 587 2856 tremor.
607 2829 629 2851 »
653 2813 820 2857 HEncs.

355 2879 421 2934 43.
445 2880 533 2920 Illa
555 2881 681 2920 etiam
695 2911 705 2927 ‚
729 2885 828 2920 ante
853 2878 987 2921 lares
999 2880 1145 2934 passis

293 2951 509 2999 prostrata
526 2946 704 2997 capillis.
714 2944 788 2986 Pr.
800 2942 927 2987 Polit.
944 2947 1146 2997 intractu,-

303 3008 410 3052 alter
437 3023 537 3051 cum
573 3007 741 3051 duobus
778 3007 868 3052 aliis
901 3011 1137 3059 abstracta,

301 3073 420 3116 unde
449 3072 689 3116 Politianus
716 3072 805 3130 ipse
825 3080 978 3115 atrata.
1011 3072 1145 3117 Certe

302 3139 547 3194 Hamburg.
568 3146 749 3190 attrata,
789 3147 832 3182 at
860 3139 986 3195 prim.
1004 3139 1147 3183 Vatic.

302 3210 489 3255 attacta‚·
504 3203 680 3246 Barber.
689 3205 895 3259 projectas
910 3204 998 3247 duo
1011 3212 1147 3247 astra-

303 3276 350 3311 ta
367 3283 447 3324 pro
459 3270 652 3311 adstrata
662 3301 673 3319 ,
701 3276 749 3310 ut
762 3268 945 3312 Metam.
960 3268 1047 3323 IX,
1065 3271 1148 3311 ad-

299 3325 606 3388 sternunturque
616 3335 803 3387 sepulcro
817 3350 828 3374 :
842 3333 933 3388 alii,
951 3334 1138 3389 abjecta,

299 3398 512 3439 abstracta
524 3430 534 3446 ‚
564 3403 766 3446 attracta,
802 3397 871 3440 vel
895 3401 1138 3451 adstructo,

299 3460 368 3505 vel
387 3466 596 3513 astructa,
624 3468 667 3504 et
689 3459 854 3505 similia.
879 3462 1045 3506 lems.

1275 1439 1339 1493 44.
1350 1438 1745 1494 Exstinctosfocos.
1759 1438 1955 1496 Quidam
1967 1440 2064 1484 scri-

1217 1503 1280 1560 pti
1298 1519 1398 1546 cum
1419 1503 1544 1547 editis
1564 1503 1787 1547 nonnullis
1807 1512 2064 1548 exstructos:

1215 1576 1385 1610 aeternos
1414 1568 1580 1624 primus
1606 1569 1745 1613 Vatic.
1783 1578 1827 1613 et
1861 1587 1932 1612 sex
1960 1570 2062 1622 alii;

1216 1650 1330 1677 unus
1347 1635 1486 1678 Vatic.
1499 1641 1715 1678 externos:
1729 1635 1821 1693 lege
1838 1638 2062 1678 hesternos.

1218 1700 1339 1757 Virg.
1359 1699 1472 1744 VIII
1487 1734 1499 1755 ,
1520 1718 1578 1744 vs.
1601 1705 1679 1756 542
1703 1717 1714 1745 ε
1737 1718 1759 1739 «
1789 1701 1848 1744 Et
1868 1702 2063 1758 primum

1217 1763 1446 1808 Herculeis
1471 1765 1628 1821 sopitas
1649 1764 1820 1822 ignibus
1847 1782 1939 1810 aras
1967 1766 2059 1808 Ex-

1217 1829 1335 1880 citat,
1347 1829 1688 1887 hesternumque
1701 1830 1859 1874 Larem
1870 1846 2066 1887 :parvos-

1219 1910 1302 1950 que
1325 1896 1512 1938 Penates
1537 1895 1680 1939 Laetus
1708 1895 1810 1939 adit.
1839 1914 1862 1934 »
1889 1896 2068 1952 Quam-

1219 1976 1351 2016 quam
1372 1961 1418 2004 in
1445 1962 1666 2005 nonnullis
1694 1961 1990 2006 vetustissimis
2013 1961 2068 2004 li-

1218 2027 1305 2070 bris
1322 2037 1610 2083 externumque
1629 2030 1780 2071 Larem
1789 2028 1873 2070 illic
1893 2027 2066 2083 legitur,

1218 2106 1348 2147 quam
1369 2091 1627 2149 scripturam
1657 2091 1836 2135 damnat
1865 2091 2042 2134 Servius
2057 2124 2068 2145 ,

1218 2167 1264 2201 et
1288 2160 1520 2201 hesternum
1548 2159 1698 2200 Larem
1727 2158 2040 2214 interpretatur
2054 2188 2067 2209 ‚

1220 2227 1294 2266 cui
1300 2225 1438 2278 pridie
1463 2225 1806 2280 sacrficwemM
1834 2222 1910 2266 sed
1929 2231 1973 2266 et
1993 2238 2072 2264 ez·-

1219 2289 1586 2343 stlnct1’fi2c1'recte
1598 2305 1642 2331 se
1655 2287 1832 2340 habent,
1845 2303 1948 2330 nam
1959 2291 2070 2342 lgrm's

1219 2355 1608 2410 exstinguebatur-in
1621 2354 1815 2397 exsilium
1826 2353 2072 2397 ituris.Vos·

1221 2420 1366 2464 sianus
1391 2425 1585 2477 antiquos
1600 2455 1610 2471 ,
1643 2428 1692 2463 ut
1717 2421 1788 2463 lib.
1817 2419 1884 2464 IV
1907 2421 2070 2463 Fasto-

1221 2500 1322 2528 rum
1338 2518 1350 2540 ,
1373 2487 1477 2540 410:
1495 2503 1516 2522 κ
1534 2485 1662 2530 Detis
1681 2493 1726 2529 et
1745 2485 1791 2528 in
1810 2493 1978 2530 veteres
2000 2493 2071 2529 tu-

1224 2567 1298 2594 rea
1317 2567 1451 2607 grana
1471 2550 1606 2595 focos.
1627 2569 1649 2588 »
1672 2551 1839 2595 Hnms.

1280 2618 1345 2670 45.
1368 2617 1419 2658 In
1441 2618 1639 2659 adversos
1664 2614 1822 2671 effudit
1839 2620 1966 2659 verba
1985 2618 2070 2660 Pe-
2134 2660 2143 2665 ,

1223 2687 1355 2724 nates.
1377 2680 1527 2724 Scribe
1551 2684 1598 2723 ὑι
1616 2695 1796 2723 auersos.
1828 2681 2037 2724 Horatius
2054 2715 2066 2734 ‚

1223 2745 1294 2789 lib.
1310 2746 1395 2798 111,
1414 2744 1503 2789 od.
1515 2757 1664 2787 xxxln
1677 2760 1688 2787 :
1703 2745 1893 2788 Mollibit
1903 2760 2071 2788 aversos

1226 2811 1406 2854 Penates
1428 2811 1556 2853 Farre
1580 2814 1655 2865 pio
1687 2818 1733 2854 et
1751 2813 1931 2854 saliente
1948 2815 2070 2854 mica.

1227 2874 1286 2917 H.
1307 2897 1361 2907 -—
1380 2873 1563 2928 Effudit.
1586 2874 1705 2930 Quia
1726 2874 1833 2917 nihil
1853 2874 2037 2931 profecit
2055 2908 2067 2929 ,

1227 2939 1415 2984 adversis
1434 2949 1477 2983 et
1491 2940 1648 2984 aversis
1661 2941 1909 2984 Penatibus.
1923 2941 2072 2985 PONT.

1282 3006 1347 3061 47.
1368 3007 1468 3049 Nox
1475 3009 1753 3061 precipitata.
1766 3005 1952 3049 Aurorae
1965 3005 2073 3049 vici-

1226 3086 1296 3112 na.
1319 3070 1376 3114 Et
1396 3079 1460 3114 est
1478 3070 1646 3114 notatio
1665 3070 1937 3113 imminentis
1957 3070 2072 3114 dilu-

1227 3134 1323 3178 culi.
1333 3137 1429 3180 Nox·
1435 3134 1868 3192 proect'pitata.Virgil.
1882 3134 1934 3178 de
1948 3150 2070 3179 more

1228 3200 1367 3245 Graec.
1389 3204 1451 3245 Et
1466 3217 1551 3244 nox
1562 3204 1811 3256 precipitat.

1283 3268 1348 3322 48.
1371 3269 1579 3323 Wrsaqae
1595 3270 1650 3310 ab
1669 3275 1749 3310 etc.
1764 3266 1984 3309 Auroram
2000 3264 2070 3307 de·

1227 3332 1367 3390 signat
1386 3364 1398 3386 ,
1437 3348 1522 3389 qua
1547 3332 1802 3386 *Plaustrum
1830 3330 1993 3374 caeleste
2024 3329 2071 3371 in

1225 3397 1445 3441 orientem
1464 3396 1660 3440 vertitur.
1677 3398 1927 3446 Parrbaszlm
1943 3394 2072 3437 Arca·

1230 3461 1322 3505 dica
1336 3495 1347 3518 ,
1363 3462 1414 3505 ab
1428 3461 1587 3519 oppido
1604 3461 1811 3518 appellata
1823 3476 1838 3514 ;
1852 3458 1937 3502 fuit
1952 3459 2071 3502 enim
