2280 3776
442 283 554 337 Ex
594 278 889 335 PoNTo
929 280 1088 334 Lm.
1133 280 1257 334 111.
1301 279 1573 335 Erls'r.
1618 283 1705 336 11.
1844 287 1951 362 387

268 398 359 460 Ad
383 398 604 459 fratrem
633 395 865 478 scriptas
895 410 1080 462 exarat
1104 393 1198 454 illa
1225 411 1383 457 notas
1417 420 1429 456 :

191 496 281 558 Ad
308 496 528 556 fratrem
555 492 807 554 mandata
839 490 1035 563 dabat,
1068 490 1266 574 cuique
1296 491 1389 553 illa
1422 491 1717 565 dabantur,

273 597 560 656 Humanos
589 614 746 651 casus
775 588 1021 672 adspice,
1054 588 1222 649 frater
1250 604 1381 650 erat.

193 691 308 751 Nec
337 711 523 758 mora3
555 686 619 747 de
648 683 853 767 templo
880 683 1105 768 rapiunt
1136 683 1424 745 simulacra
1450 684 1670 757 Dianae,

281 785 545 867 Clamque
571 805 671 866 per
698 781 990 843 immensas
1021 803 1209 864 puppe
1236 779 1489 841 feruntur
1515 804 1702 864 aquas,

200 882 384 944 Mirus
411 904 564 942 amor
587 880 875 961 juvenum,
909 876 1158 962 quamvis
1186 876 1368 938 abiere
1395 891 1479 937 tot
1504 879 1660 951 anni,
1958 898 1980 938 ς

284 981 353 1039 In
382 977 605 1062 Scythia
636 999 894 1055 magnum
922 998 1070 1036 nunc
1099 998 1320 1058 quoque
1349 998 1550 1035 nomen
1574 975 1760 1037 habet.

202 1074 414 1138 Fabula
440 1088 656 1136 narrata
687 1087 770 1134 cst
796 1087 1094 1157 postquam
1121 1070 1362 1150 vulgaris
1391 1071 1461 1131 ab
1490 1071 1588 1133 illo
1607 1121 1622 1147 ,

286 1172 611 1235 Laudarunt
638 1194 828 1233 omnes
859 1171 1000 1232 facta
1026 1169 1284 1254 piamque
1310 1170 1490 1231 fidem.

209 1270 429 1332 Scilicet
455 1270 557 1330 hac
585 1269 777 1341 etiam,
811 1292 919 1352 qua
948 1266 1101 1327 nulla
1125 1266 1386 1340 ferocior,
1421 1292 1517 1328 ora

291 1369 509 1428 Nomen
539 1365 786 1427 amicitiae
815 1364 1047 1426 barbara
1072 1363 1236 1426 corda
1261 1379 1463 1425 movet.
1920 1398 1993 1427 um

214 1463 373 1544 Quid
402 1464 573 1525 facere
606 1462 851 1524 Ausonia
881 1461 1051 1540 geniti
1081 1461 1293 1522 debetis
1322 1461 1375 1521 in
1405 1461 1569 1533 urbe,

301 1559 490 1639 Quum
521 1573 749 1639 tangant
773 1557 921 1618 diros
951 1556 1078 1618 talia
1106 1558 1249 1618 facta
1281 1558 1490 1619 Getas?

222 1658 411 1731 Adde,
444 1657 596 1741 quod
627 1672 710 1718 est
736 1655 949 1717 animus
980 1679 1193 1739 semper
1221 1655 1323 1715 tibi
1351 1656 1529 1729 mitis,
1560 1670 1613 1716 et
1641 1654 1761 1717 altae

303 1754 577 1815 Indicium
603 1776 783 1814 mores
804 1752 1117 1813 nobilitatis
1146 1751 1317 1813 habet
1339 1776 1353 1826 ;

226 1852 388 1932 Quos
415 1849 654 1911 Volesus
683 1849 848 1933 patrii
877 1863 1176 1928 cognoscat
1205 1848 1446 1910 nominis
1479 1865 1693 1919 auctor;
1927 1867 2002 1906 105

306 1946 468 2031 Quos
497 1947 678 2006 Numa
706 1959 985 2005 maternus
1013 1969 1130 2005 non
1157 1961 1322 2025 neget
1346 1968 1464 2006 esse
1492 1967 1657 2005 suos:

1899 434 1955 473 oo

227 2112 286 2157 lio
299 2146 311 2169 ,
341 2120 387 2157 et
405 2112 568 2158 Nostro
588 2117 739 2156 celem
762 2126 929 2168 sospes,
965 2111 1078 2156 Met.
1161 2120 1232 2155 vat
1250 2119 1481 2156 stemmate
1500 2127 1665 2155 nomen
1683 2130 1694 2164 ;
1718 2129 1739 2148 2>
1761 2120 1811 2155 ut
1830 2120 1874 2155 et
1894 2114 2007 2169 apud

227 2178 360 2224 VIII.
381 2177 507 2222 H.-
525 2179 617 2232 Quo
627 2194 711 2220 non
726 2180 962 2221 convenerit
977 2180 1080 2219 illis.
1163 2178 1321 2222 Silium
1336 2211 1348 2233 ‚
1363 2178 1435 2221 lib.
1450 2178 1494 2221 11
1509 2178 1663 2222 Punic.
1679 2195 1736 2221 vs.
1757 2180 1805 2222 8:
1824 2196 1845 2214 «
1866 2178 2011 2235 Popli—

230 2242 287 2286 In
311 2257 398 2299 quo
418 2257 511 2284 non
538 2240 707 2284 fuerint
733 2239 985 2284 concordes.
1013 2240 1081 2283 Μ.
1163 2244 1257 2287 cola
1281 2242 1469 2299 ingentis
1491 2242 1645 2285 Volusi
1671 2243 1883 2299 Spartana
1908 2259 2015 2300 pro-

285 2307 622 2368 90.Adfratrem
635 2305 996 2362 scriptas.Quem
1008 2322 1084 2363 pu·
1165 2324 1275 2364 pago
1294 2325 1305 2359 ;
1327 2326 1348 2345 »ι
1372 2316 1501 2363 atque
1525 2307 1584 2350 ita
1603 2307 1651 2349 in
1671 2307 1807 2350 Fastis
1830 2305 2011 2363 Capito-

235 2372 353 2417 tabat
374 2371 464 2429 jam
484 2386 508 2413 e
526 2368 718 2414 Phocide
733 2401 746 2424 ‚
762 2385 850 2426 quo
871 2384 982 2426 puer
1003 2368 1083 2411 de-
1162 2373 1261 2416 linis
1276 2405 1287 2426 ,
1318 2371 1393 2416 sed
1418 2372 1719 2428 fragmentum
1742 2373 1919 2416 termini
1938 2390 2016 2417 ve-

237 2437 350 2480 latus
365 2443 458 2479 erat
471 2468 484 2490 ,
505 2433 680 2478 rediisse
693 2443 737 2478 et
747 2433 875 2490 Argis
888 2449 1082 2476 manere·
1164 2437 1388 2482 tustissimi
1425 2438 1580 2482 Romae
1617 2438 1734 2495 apud
1774 2438 1980 2483 Mafseios
2000 2458 2010 2483 ε

241 2502 314 2546 Ad
328 2518 430 2546 eum
443 2500 674 2546 conscribit
688 2500 912 2558 epistolam
926 2509 993 2555 ,et
1004 2499 1087 2542 fra·
1167 2504 1219 2547 P.
1252 2504 1486 2547 VALsssms
1527 2506 1716 2547 νοω-’.ει
1758 2504 1809 2547 F.
1851 2505 2020 2547 Poru-

242 2567 300 2611 tri
345 2569 361 2623 (
390 2565 508 2624 quod
538 2565 789 2620 nesciebat)
828 2564 1087 2623 portandam
1169 2579 1316 2619 COLA3
1346 2583 1480 2624 quam
1498 2567 1756 2625 scripturam
1777 2569 2015 2629 Dionysius

243 2632 492 2679 committit.
515 2632 662 2676 Pon'r.
1172 2633 1526 2679 Halicarnasseus
1559 2651 1729 2692 quoque
1763 2645 1808 2680 et
1843 2636 2020 2681 Plutar-

300 2700 368 2760 96.
386 2701 545 2741 Nomen
565 2699 730 2740 habent.
752 2699 897 2740 Habet
912 2713 963 2742 ex
984 2696 1093 2741 scri·
1171 2700 1278 2744 chus
1310 2709 1550 2759 agnoscunt
1577 2718 1588 2745 ε
1625 2711 1772 2757 postea
1795 2702 1952 2746 Volusi
1978 2712 2023 2746 et

247 2767 344 2826 ptis.
366 2766 532 2810 Hnms.
1175 2764 1341 2808 Valerii
1364 2764 1467 2809 dicti
1481 2799 1493 2821 ,
1520 2765 1594 2822 qui
1616 2765 1779 2810 Volesii
1798 2775 1843 2810 et
1861 2767 2023 2811 Valesii

304 2850 371 2893 99.
401 2832 571 2875 Scilicet
592 2832 662 2873 hic
686 2834 825 2872 et1’am.
850 2830 951 2871 Hac
969 2831 1096 2871 etiam
1176 2829 1331 2886 primo.
1357 2828 1419 2872 H.
1445 2853 1500 2862 —
1530 2831 1706 2874 Volesus
1729 2839 1877 2874 auctor
1894 2833 2031 2886 patrii

254 2895 651 2942 melioreszdeinde
666 2898 708 2939 τὲ
718 2903 785 2938 est
793 2909 894 2938 cum
904 2891 1099 2937 Feschia-
1179 2897 1374 2937 nominis·
1402 2894 1443 2937 A
1463 2893 1627 2938 Voleso
1651 2895 1771 2938 enim
1790 2905 2026 2951 paternum

256 2977 317 3004 no
336 2968 383 3004 et
399 2960 539 3005 tribus
558 2959 648 3004 aliis
664 2958 918 3001 delendum.
938 2957 999 3000 H.
1182 2974 1319 3015 genus
1336 2959 1465 3001 traxit
1485 2957 1629 3002 Cotta.
1645 2959 1747 3002 Fuit
1767 2969 1914 3003 autem
1933 2962 2028 3001 Vo-

316 3027 405 3079 104.
417 3026 622 3068 Indicium
640 3039 772 3067 mores
787 3026 1023 3067 nobimatztc
1034 3024 1105 3065 ba·
1182 3025 1296 3068 lesus
1316 3024 1504 3068 Sabinus
1517 3058 1530 3081 ,
1560 3025 1635 3082 qui
1655 3042 1756 3069 cum
1777 3027 1907 3071 Tatio
1926 3027 2029 3070 Ro-

259 3098 366 3137 bent.
388 3094 530 3135 Habet
545 3091 745 3135 Politian.
763 3100 879 3135 recte
902 3107 913 3134 :
935 3090 1106 3133 animus
1187 3107 1304 3135 mam
1325 3090 1459 3134 venit.

261 3159 489 3204 nimirum.
502 3159 668 3203 Hnms.
1249 3156 1335 3200 106.
1366 3157 1481 3210 Quos
1506 3159 1647 3201 Numa
1673 3166 1893 3200 maternus.
1921 3159 2033 3200 Ma-

325 3227 415 3268 105.
444 3225 560 3278 Quos
579 3226 767 3268 Volesus.
787 3225 966 3266 Valesus
983 3222 1112 3267 multi
1190 3221 1512 3278 temiNaugerii
1526 3231 1745 3278 postrema
1757 3221 1903 3266 editio.
1918 3222 2034 3265 H.—

267 3299 435 3334 veteres
456 3304 559 3331 cum
579 3287 851 3344 Argentin03
877 3287 966 3330 duo
985 3291 1115 3332 Vale-
1194 3289 1332 3332 Numa
1350 3296 1570 3330 maternus.
1592 3287 1820 3332 Secundus
1837 3304 1911 3330 rex
1934 3288 2036 3330 Ro—

270 3369 366 3407 rus‚·
391 3353 505 3411 apud
527 3352 743 3396 Rutilium
783 3355 963 3396 Volusus
984 3352 1115 3409 vulgo
1195 3367 1430 3395 manorum
1449 3352 1595 3395 Numa
1614 3353 1854 3408 Pompilius
1872 3386 1883 3406 ,
1908 3369 1931 3394 a
1950 3366 2036 3407 quo

271 3419 451 3476 legitur:
469 3438 491 3457 «
515 3417 607 3474 Qui
627 3416 780 3459 Volusi
800 3416 980 3472 antiquo
999 3416 1117 3460 deri-
1197 3434 1274 3472 per
1294 3425 1482 3460 matrem
1501 3418 1683 3461 ducebat
1698 3419 1911 3474 originem
1930 3417 2038 3460 Cot-
