2280 3776
251 347 360 400 230

714 351 793 402 P.
840 349 1132 404 OVIDII
1176 351 1552 407 NASONIS

327 464 488 522 Nunc
511 463 816 523 mendicato
845 465 1088 546 pascitur
1114 467 1231 550 ipse
1265 468 1406 528 cibo.

247 556 509 617 Passibus
539 557 809 636 ambiguis
840 559 1062 620 fortuna
1091 562 1349 624 volubilis
1379 578 1548 636 errat,
1963 582 2011 623 15

330 655 404 713 Et
430 668 608 711 manet
636 654 692 711 in
723 654 878 714 nullo
912 671 1056 716 certa
1085 671 1346 740 tenaxque
1376 657 1529 718 loco:

251 749 358 809 Sed
390 750 551 808 modo
585 749 704 809 laeta
739 767 940 820 manet,
972 752 1155 815 vultus
1181 756 1346 813 modo
1375 755 1542 814 sumit
1569 754 1826 826 acerbos;

332 849 408 905 Et
441 861 646 906 tantum
676 863 931 908 constans
962 849 1018 908 in
1051 849 1263 909 levitate
1294 874 1388 908 sua
1419 864 1516 909 est.

209 978 213 980 >
252 942 368 1000 Nos
401 966 619 1024 quoque
648 943 962 1016 floruimus,
995 946 1087 1005 sed
1117 945 1220 1005 ssos
1249 960 1361 1006 erat
1391 943 1482 1004 ille
1515 946 1780 1016 caducus;

330 1035 676 1120 Flammaque
707 1039 771 1098 de
801 1040 1001 1123 stipula
1032 1055 1244 1110 nostra,
1276 1041 1565 1122 brevisque
1594 1040 1715 1099 fuit.
1963 1070 2017 1098 ρο

252 1132 398 1192 Neve
426 1147 602 1193 tamen
636 1150 747 1195 tota
778 1136 959 1218 capias
986 1137 1094 1198 fera
1126 1138 1322 1215 gaudia
1349 1154 1558 1211 mente;

333 1231 458 1289 Non
488 1247 569 1291 est
598 1232 846 1314 placandi
880 1258 1004 1316 spes
1033 1235 1167 1293 mihi
1197 1234 1349 1296 nulla
1379 1236 1517 1295 Dei:

253 1325 355 1386 Vel
387 1327 512 1409 quia
542 1330 755 1411 peccavi
788 1331 919 1391 citra
950 1330 1158 1403 sceluS‚
1189 1346 1360 1413 utque
1387 1331 1598 1414 pudore

334 1424 458 1482 Non
492 1441 663 1497 caret,
697 1426 895 1486 invidia
924 1426 1000 1486 sic
1032 1451 1146 1486 mea
1176 1427 1334 1509 culpa
1363 1443 1542 1488 caret:

255 1516 356 1577 Vel
387 1519 511 1599 quia
539 1521 617 1579 nil
647 1522 867 1600 iugens,
899 1522 966 1580 ad
995 1522 1155 1582 finem
1188 1523 1319 1583 solis
1348 1524 1418 1583 ab
1449 1539 1598 1596 ortu,
1969 1537 2021 1579 25

337 1614 468 1687 Illo,
504 1618 591 1677 cui
622 1633 810 1700 paret,
835 1619 1023 1679 mitius
1050 1620 1202 1680 orbis
1231 1620 1414 1680 habet.

256 1711 503 1782 Scilicet,
538 1729 736 1775 utnon
765 1731 847 1776 est
877 1741 976 1799 per
1006 1718 1112 1777 vim
1142 1715 1468 1799 superabilis
1498 1714 1632 1789 ulli,

337 1809 510 1870 Molle
540 1833 633 1871 cor
658 1813 724 1871 ad
758 1813 977 1874 timidas
1005 1814 1082 1873 sic
1106 1813 1275 1873 habet
1303 1813 1394 1874 ille
1420 1835 1624 1895 preces.

257 1904 633 1988 Exemploque
662 1909 867 1979 Deum,
900 1910 1104 1991 quibus
1131 1933 1445 1969 accessurus
1474 1925 1526 1969 et
1552 1911 1669 1994 ipse
1699 1923 1807 1980 est,

341 2002 477 2061 Cum
511 2027 683 2085 poenae
712 2006 866 2064 venia
895 2005 1050 2087 plura
1080 2006 1323 2083 roganda
1355 2017 1553 2088 petam.
1970 2022 2024 2064 30

259 2096 318 2156 Si
348 2123 597 2160 numeres
624 2125 766 2160 anno
798 2101 939 2161 soles
969 2117 1024 2162 et
1050 2101 1240 2161 nubila
1273 2116 1417 2172 tote,

339 2198 586 2257 Invenies
612 2198 847 2257 nitidum
872 2199 1069 2281 saepius
1095 2198 1200 2258 isse
1229 2197 1387 2256 diem.

260 2292 410 2369 Ergo
428 2339 442 2363 ‚
470 2317 536 2354 ne
567 2309 751 2354 nostra
779 2294 1008 2354 nimium
1040 2294 1216 2354 laetere
1243 2295 1424 2367 ruina,

341 2390 580 2450 Restitui
612 2391 889 2473 quondam
918 2416 1003 2452 me
1035 2413 1264 2475 quoque.
1285 2415 1449 2474 posse
1476 2405 1643 2474 puta:

261 2488 429 2547 Posse
459 2504 594 2569 puta
622 2489 737 2550 fieri
756 2537 770 2560 ‚
804 2489 974 2550 lenito
1001 2491 1277 2573 principe,
1308 2489 1494 2550 vultus
1974 2503 2027 2546 35

319 2625 382 2677 14.
403 2626 485 2666 Ille
502 2628 607 2667 cibo.
624 2627 725 2680 ‘Ipse
745 2626 958 2670 meliores.
982 2629 1043 2670 H.

320 2704 382 2744 17.
409 2690 493 2731 Sed
508 2692 628 2732 modo
646 2694 743 2733 laeta
766 2701 915 2735 manet.
938 2692 983 2735 Si
1006 2709 1105 2735 ma-

261 2759 338 2794 net
354 2752 446 2795 laeta
461 2785 472 2805 ,
490 2770 578 2796 non
597 2763 660 2797 est
678 2755 927 2799 inconstans
945 2773 954 2799 :
972 2758 1106 2813 irrep-

261 2816 314 2858 sit
337 2816 416 2860 hor
445 2817 626 2861 verbum
647 2836 696 2862 ex
719 2821 980 2876 praecedenti
1004 2839 1105 2864 ver-

264 2897 312 2924 su
333 2898 342 2924 :
363 2899 443 2925 nec
465 2892 611 2926 tamen
627 2885 727 2927 satis
754 2886 878 2928 video
898 2886 1000 2942 quid
1025 2903 1104 2942 pro

262 2962 315 2988 eo
338 2947 492 2991 debeat
522 2950 700 3006 reponi;
735 2951 816 2993 nisi
836 2950 976 3005 forte,
1007 2955 1104 2995 loeta

264 3018 388 3056 venit.
408 3015 466 3057 H.

322 3096 338 3121 1
346 3096 383 3137 9.
396 3083 496 3122 Flos
500 3080 595 3134 fiu'l
608 3085 681 3123 ille
693 3084 890 3125 caducus.
903 3085 1011 3126 Erat
1022 3082 1104 3139 ple-

263 3144 413 3199 rique,
448 3155 491 3188 et
523 3156 638 3191 recte
667 3163 678 3191 z
709 3165 810 3191 nam
835 3149 933 3204 fuit
948 3149 1102 3205 sequi-

265 3216 349 3249 tur.
373 3208 537 3254 Hnms.

308 3288 372 3329 29.
385 3274 588 3328 Exemplo
597 3278 744 3319 Deu‘m.
755 3277 954 3321 Deorum
965 3292 1102 3320 exem-

258 3335 355 3392 plo,
380 3338 453 3393 qui
478 3339 619 3382 solent
647 3342 821 3385 veniam
848 3342 1103 3386 mortalibus

262 3401 501 3445 concedere
524 3412 646 3457 :aut‚
665 3406 736 3461 qui
759 3407 893 3462 magis
912 3406 1100 3462 prosint,

264 3483 393 3522 quam
409 3468 562 3512 obsint.
574 3472 635 3513 Et
642 3475 744 3526 epse.
757 3472 900 3515 Etiam
916 3473 1003 3528 ipse
1017 3472 1102 3515 Au-

1189 2635 1350 2683 gustus.
1367 2651 1422 2659 —
1448 2628 1530 2669 Est
1551 2640 1808 2669 accessurus.
1832 2624 1910 2666 Est
1929 2638 2031 2678 per-

1184 2702 1395 2739 venturus
1418 2694 1461 2735 in
1482 2707 1718 2735 numerum
1737 2690 1950 2732 Deorum.

1239 2760 1306 2802 30.
1329 2761 1430 2803 Cum
1437 2775 1565 2813 ραι-πω
1579 2761 1701 2801 venia
1706 2758 1831 2810 plura
1843 2754 2029 2808 roganda

1180 2831 1336 2878 petam.
1368 2825 1580 2877 Neganda*
1606 2819 1874 2863 Combianus
1889 2836 1899 2868 ς
1937 2817 2025 2859 duo

1183 2905 1276 2931 cum
1292 2891 1559 2940 vene'apaenoe.
1573 2885 1664 2928 Aut
1675 2883 1832 2927 desunt
1843 2883 1912 2926 hic
1923 2898 2029 2924 non·

1186 2953 1305 2997 nulla
1318 2986 1329 3006 ,
1351 2961 1423 2995 aut
1442 2968 1588 2995 versus
1600 2960 1663 2994 est
1677 2949 1925 2993 mendosus.
1944 2950 2031 2991 Pu-

1184 3020 1328 3062 tabam
1342 3017 1573 3074 aliquando
1588 3050 1599 3070 ,
1623 3035 1644 3054 «
1664 3015 1781 3059 Cum
1803 3030 1941 3071 poenae
1952 3030 2030 3056 ve-

1183 3085 1254 3127 nia
1272 3084 1392 3139 plura
1408 3084 1590 3126 ferenda
1608 3093 1740 3140 putat.
1758 3101 1781 3120 »
1800 3080 2031 3136 Tanaquil—

1182 3148 1249 3191 lus
1271 3149 1411 3191 Faber
1425 3149 1470 3191 in
1488 3149 1623 3205 Epist.
1637 3167 1658 3185 «ι
1678 3147 1796 3190 Cum
1814 3159 2030 3202 poenaeve-

1189 3213 1261 3256 nia
1283 3214 1406 3269 plura
1425 3213 1614 3270 petenda
1637 3213 1767 3255 dabit.
1786 3230 1808 3249 »
1826 3210 2032 3253 Commo-

1185 3278 1243 3320 do
1275 3294 1428 3330 sensu,
1462 3278 1545 3321 nisi
1567 3276 1684 3333 quod
1710 3290 1882 3319 causam
1909 3270 2023 3315 haud

1182 3341 1309 3384 video
1326 3375 1337 3397 ,
1353 3358 1432 3384 cur
1442 3341 1630 3397 petenda
1644 3355 1722 3396 pro
1740 3337 1933 3394 roganda
1955 3351 2024 3378 ve-

1182 3406 1231 3449 lit
1260 3408 1425 3464 reponi.
1454 3407 1513 3449 H.
1541 3428 1595 3438 —
1620 3406 1751 3448 Forte
1772 3400 1989 3458 scripserit
2008 3433 2020 3453 ,

1176 3475 1300 3526 plura
1314 3475 1500 3528 roganda
1505 3471 1646 3525 fierem
1658 3504 1669 3523 ,
1694 3485 1773 3526 pro
1793 3467 1999 3511 obtinebo
2016 3483 2025 3518 ;
