2268 3848
295 306 369 376 34
754 309 821 362 P.
879 307 1179 363 OVIDII
1235 306 1620 362 NASONIS

290 426 372 484 Te
399 447 550 496 mea,
582 424 873 506 subposita
896 422 1067 483 veluti
1097 422 1281 495 trabe,
1313 422 1452 483 fulta
1483 424 1640 483 ruina
1668 438 1787 493 est;
2063 442 2086 479 5

376 522 434 582 Si
455 521 589 605 quid
615 521 794 583 adhuc
823 544 926 598 ego
953 544 1106 591 sum,
1137 521 1382 581 muneris
1411 545 1575 581 omne
1607 522 1687 582 tui
1719 537 1837 583 est:

290 621 378 679 Tu
404 620 533 679 facis
551 666 565 690 ‚
598 633 663 678 ut
692 616 935 699 spolium
963 641 1031 678 ne
1061 617 1163 677 sim
1183 665 1198 688 ‚
1231 642 1338 677 neu
1370 618 1547 679 nuder
1574 620 1643 680 ab
1672 619 1783 680 illis

371 714 659 794 Naufragii
691 713 908 774 tabulas
937 715 1033 797 qui
1064 715 1270 797 petiere
1294 717 1418 776 mei.

292 816 481 896 thue
504 835 697 894 rapax7
727 808 1044 871 stimulante
1069 809 1237 880 fame,
1271 811 1618 893 cupidusque
1639 811 1857 870 cruoris

374 906 783 968 Incustoditum
814 920 999 988 captat
1027 905 1169 964 ovile
1195 904 1394 987 lupus:
2041 937 2088 963 ιο

292 1005 410 1064 Aut
436 1019 500 1062 ut
528 1002 663 1062 edax
691 1000 876 1062 vultur
903 1025 1107 1084 corpus
1140 1000 1547 1084 circumspicit,
1579 1001 1792 1084 ecquod

373 1100 493 1160 Sub
526 1098 677 1159 nulla
708 1097 957 1180 positum
986 1121 1203 1157 cernere
1235 1096 1417 1178 possit
1443 1096 1646 1156 humo:

292 1196 383 1255 Sic
413 1218 534 1255 mea
562 1194 750 1254 nescio
782 1193 908 1275 quis
926 1239 940 1266 ‚
970 1192 1136 1251 rebus
1162 1190 1302 1251 male
1328 1190 1471 1251 fidus
1500 1191 1708 1252 acerbis
1726 1238 1740 1263 ‚

370 1292 438 1350 In
463 1291 612 1350 bona
643 1304 908 1348 venturus
928 1335 943 1359 ‚
978 1288 1024 1349 si
1052 1303 1301 1370 paterere
1319 1334 1332 1359 ‚
1364 1286 1487 1347 fuit.

292 1389 462 1448 Hunc
491 1401 584 1447 tua
611 1410 712 1469 per
738 1385 910 1445 fortes
938 1385 1114 1445 virtus
1133 1383 1425 1445 submovit
1449 1385 1678 1455 amicos,
1771 1385 1784 1396 ⁹
2040 1403 2087 1443 15

348 1557 385 1598 5.
412 1555 454 1596 Τ
448 1569 471 1595 e
483 1567 574 1594 mea
587 1554 806 1606 subposita
822 1557 899 1593 est.
920 1548 1148 1605 Accipien-

291 1620 400 1663 dum
419 1627 482 1661 est
501 1618 554 1660 de
574 1616 915 1673 possessionibus
930 1648 942 1669 ,
971 1615 1017 1657 in
1043 1630 1150 1670 quas

288 1686 544 1729 involabant
567 1684 770 1727 homines
797 1684 1041 1726 alienorum
1069 1697 1148 1724 cu-

292 1752 411 1808 pidi,
444 1766 633 1806 quarum
669 1749 886 1792 fructibus
917 1749 963 1791 in
1001 1747 1148 1790 exsilio

290 1818 382 1874 ipse
393 1815 1010 1868 vivebat.P0NT.—-Subposita
1022 1813 1155 1854 veluti

289 1885 407 1925 trabe
426 1880 548 1935 fulta
577 1883 701 1923 ruina
732 1888 808 1921 est.
847 1879 950 1922 Non
984 1875 1150 1919 damno

292 1948 473 2004 quidem
492 1946 604 1989 hanc
618 1945 854 1988 lectionem
870 1977 881 1997 ‚
904 1957 1036 2000 quam
1053 1939 1150 1982 libri

288 2023 462 2057 veteres
478 2019 741 2069 agnoscunt3
763 2009 983 2052 veriorem
998 2015 1149 2049 tamen

297 2092 491 2134 auguror
508 2076 606 2118 fore
621 2108 632 2129 ‚
655 2075 688 2117 si
702 2078 849 2117 carina
864 2088 1065 2128 reponas.
1082 2072 1153 2114 ln·

293 2145 451 2202 telligit
471 2144 614 2187 trabes
632 2143 739 2197 illas,
753 2158 850 2198 quae
868 2140 1090 2184 subductis
1104 2140 1151 2182 in

290 2212 396 2254 litus
439 2209 622 2252 navibus
666 2207 1023 2264 subjiciebantur.
1068 2207 1153 2249 Hae

294 2275 674 2330 Graecisooiioeyysg,
686 2273 752 2316 vel
766 2273 975 2327 Φαλάγγια,
993 2271 1047 2314 de
1063 2271 1155 2327 qui-

296 2341 380 2383 bus
406 2339 560 2382 Pollux
586 2347 630 2381 et
659 2336 908 2397 Hesychius
941 2353 951 2380 :
982 2337 1154 2380 Nonius

295 2406 470 2463 quoque
492 2406 538 2448 in
563 2408 777 2459 Palangoe.
808 2405 954 2446 Varro
983 2402 1037 2445 de
1067 2403 1154 2445 vita

295 2469 458 2527 Populi
488 2469 682 2512 Romani
709 2485 720 2511 t
750 2486 773 2506 «
806 2468 965 2524 Quum
992 2468 1156 2510 Poenus

295 2535 344 2578 in
363 2535 531 2578 fretum
552 2533 726 2576 obviam
747 2532 936 2575 venisset
959 2532 1119 2574 nostris
1142 2564 1154 2585 ,

298 2611 343 2646 et
365 2601 578 2659 quosdam
605 2601 786 2657 cepisset
812 2633 824 2655 ,
861 2599 1156 2643 crudelissime

297 2683 379 2725 pro
396 2667 596 2723 Palangis
609 2665 766 2709 carinis
782 2665 1026 2720 subjecerat
1041 2682 1050 2715 ;
1069 2680 1156 2719 quo

300 2742 425 2776 metu
455 2732 703 2775 debilitaret
736 2739 920 2774 nostros.
953 2747 974 2768 >›
1006 2728 1156 2772 Isido-

298 2815 373 2840 rus
387 2829 399 2852 ,
418 2788 624 2840 lib.‘XlX
639 2829 652 2852 ,
674 2813 710 2839 c.
736 2813 750 2838 1
764 2813 779 2838 1
795 2828 807 2849 ‚
833 2794 1027 2854 Etymol.
1050 2795 1159 2836 Pul-

298 2868 420 2907 vinos
453 2862 630 2905 videtur
662 2860 909 2918 appellare:
934 2859 1158 2902 Minucius

299 2929 488 2974 Octavio
508 2945 518 2972 :
535 2947 555 2966 «
575 2928 633 2971 Et
651 2944 789 2984 quum
813 2927 866 2970 ad
889 2927 935 2971 id
956 2926 1037 2970 loci
1048 2943 1158 2968 ven-

297 3004 396 3037 tum
427 3002 519 3048 est,
544 2993 617 3036 ubi
653 2993 878 3036 subductae
910 2992 1121 3036 naviculae
1144 3024 1156 3046 ,

304 3061 530 3104 substratis
553 3059 784 3102 roboribus
796 3091 808 3112 ,
826 3074 850 3100 a
869 3067 1046 3101 terrena
1064 3057 1157 3101 labe

295 3139 513 3180 suspensae
534 3124 828 3180 quiescebant.
852 3141 874 3160 »
906 3124 967 3165 H.

360 3207 395 3246 7.
425 3191 486 3232 Ut
502 3194 681 3244 spolium
701 3206 786 3233 noa
804 3193 899 3232 sim.
928 3191 989 3232 Ul
1005 3205 1058 3232 ne
1078 3193 1159 3232 sim

301 3261 391 3295 tres
415 3262 597 3296 veteres.

358 3320 397 3362 8.
443 3318 680 3373 Naufragii
713 3320 896 3361 tabulas.
936 3317 1160 3374 Reliquias

300 3384 519 3447 naufragii
546 3385 665 3436 mei;
694 3383 916 3440 reliquum
944 3383 1157 3427 fortuna-

298 3466 401 3493 rum
427 3464 628 3495 mearum
655 3465 663 3492 ε
693 3465 798 3505 quas
830 3464 969 3505 quum
1008 3448 1157 3493 Caesar

1231 1565 1323 1592 non
1348 1549 1588 1604 ademerit,
1618 1550 1695 1607 ipsi
1719 1560 1866 1593 tamen
1890 1551 2084 1593 adimere

1232 1616 1399 1659 nefarie
1414 1626 1635 1660 conantur
1649 1649 1660 1670 ‚
1680 1633 1767 1659 non
1788 1633 1908 1660 secus
1925 1634 1971 1660 ac
1989 1634 2088 1674 par--

1231 1690 1296 1724 tes
1315 1682 1436 1724 navis
1455 1681 1643 1737 disjectae
1659 1681 1903 1738 naufragio,

1287 1764 1326 1805 9.
1359 1748 1624 1802 Cupidusque
1652 1751 1821 1789 cruoris.
1855 1748 2089 1802 St'lzbasque

1233 1828 1347 1855 unus
1369 1812 1597 1856 Mediceus
1612 1844 1624 1866 ,
1645 1821 1841 1855 venuste.
1865 1813 2029 1855 HfflNs.

1294 1895 1308 1920 ι
1323 1895 1355 1920 1.
1379 1878 1472 1920 Aut
1490 1886 1539 1920 ut
1553 1880 1665 1919 edax
1684 1881 1834 1920 vultur.
1858 1877 2022 1919 Vultur
2037 1895 2088 1919 ex

1233 1943 1514 1987 cadaveribus
1543 1942 1622 1985 s1bi
1653 1959 1794 1986 escam
1818 1943 1985 1998 quaerit.
2010 1944 2086 1986 ln-

1234 2009 1394 2053 terficit
1426 2017 1575 2050 autem
1610 2008 1717 2050 nihil
1742 2041 1752 2060 ‚
1790 2025 1872 2050 nec
1905 2007 2089 2051 destruit

1235 2073 1530 2117 animantium
1545 2092 1555 2125 ς
1579 2073 1664 2116 vid.
1676 2073 1808 2116 Arist.
1823 2074 1893 2115 lib.
1909 2073 1987 2117 Vl.
2000 2074 2091 2116 Aul

1234 2147 1283 2182 ut
1297 2142 1409 2182 edax
1429 2142 1580 2182 vultur.
1598 2140 1716 2183 Nam
1735 2148 1779 2182 et
1799 2139 1973 2183 vulturii
1998 2156 2088 2181 no—

1235 2205 1480 2258 minantur,
1496 2203 1571 2260 qui
1592 2214 1768 2261 captant
1790 2206 1903 2248 bona
1926 2206 2085 2258 aliena,

1235 2279 1282 2313 et
1305 2287 1354 2313 ea
1378 2287 1458 2326 per
1477 2270 1542 2313 fas
1565 2280 1608 2313 et
1629 2271 1752 2315 nefas
1778 2287 1987 2328 occupare
2010 2272 2089 2313 ni·—

1238 2344 1408 2378 tuntur.

1298 2418 1314 2443 1
1324 2420 1360 2444 2.
1383 2404 1466 2445 Sub
1483 2405 1602 2445 nulla
1613 2406 1798 2457 positam
1817 2418 1979 2445 cernere
1992 2420 2089 2459 pos-

1236 2470 1299 2511 sit
1313 2469 1448 2509 humo.
1470 2467 1554 2510 Sub
1578 2470 1693 2510 nuda
1713 2467 1905 2523 Scaliger
1931 2477 1975 2511 et
1996 2469 2092 2511 edi-

1237 2534 1380 2578 tiones
1399 2532 1649 2586 nonnullae‚
1666 2549 1917 2589 perperam3
1934 2550 2092 2590 corpus

1239 2599 1320 2643 sub
1348 2598 1467 2640 nulla
1499 2598 1654 2641 tellure
1686 2598 1901 2654 positum,
1926 2608 1990 2642 est
2010 2599 2089 2641 in·-

1238 2663 1474 2706 humatum
1496 2678 1665 2718 corpus.

1300 2729 1361 2771 13.
1392 2729 1665 2784 fflalefidus‚·
1703 2742 1758 2768 an
1785 2743 1876 2769 non
1902 2726 2063 2770 rectius
2080 2762 2089 2777 .

1239 2798 1349 2839 male
1353 2797 1469 2851 fisus
1482 2792 1712 2839 P‘credens
1734 2802 1777 2835 et
1797 2793 2026 2840 confidens
2047 2811 2090 2836 se

1238 2860 1338 2903 ideo
1357 2858 1524 2901 facilius
1542 2858 1749 2900 invadere
1768 2874 1888 2914 posse
1903 2875 2001 2901 mea
2019 2860 2092 2901 bo-

1239 2941 1322 2978 na,
1347 2925 1447 2980 quia
1475 2924 1676 2967 acerbam
1706 2923 1935 2967 fortunam
1961 2941 2093 2981 expe-

1238 2991 1343 3033 rior.
1366 2990 1454 3033 Sed
1478 2999 1521 3033 et
1543 2990 1714 3046 vulgata
1735 2990 1897 3032 servari
1919 2999 2059 3046 potest
2080 3024 2091 3044 ,

1239 3066 1290 3100 ut
1300 3057 1352 3100 sit
1367 3090 1378 3110 ,
1400 3058 1446 3099 in
1461 3057 1590 3098 rebus
1607 3054 1717 3098 meis
1727 3054 1890 3097 acerbis
1907 3088 1918 3108 ,
1939 3055 2093 3111 quibus

1240 3123 1349 3166 fides
1364 3124 1458 3179 ejus
1473 3121 1660 3165 debebat
1679 3137 1724 3163 se
1745 3120 1977 3164 ostendere
1993 3155 2005 3176 ,
2019 3121 2089 3164 in-

1239 3188 1367 3231 fidus.
1389 3189 1554 3231 BURM.

1302 3255 1363 3308 14.
1387 3255 1441 3295 In
1460 3269 1553 3295 mea
1581 3254 1705 3295 bona.
1726 3251 1781 3294 In
1803 3266 1921 3297 meas
1935 3250 2092 3294 fortu-

1240 3334 1331 3362 nas.
1354 3319 1484 3360 MER.
2072 3362 2074 3364 ,

1300 3386 1363 3427 15.
1387 3385 1480 3425 Tua
1490 3386 1622 3425 virtus
1636 3396 1652 3435 ,·
1672 3381 1732 3426 sic
1744 3380 1913 3425 Tullius
1927 3379 1980 3422 ad
1995 3395 2093 3422 uxo-

1241 3465 1360 3491 rem:
1377 3466 1397 3486 ‹<
1420 3448 1485 3491 Ex
1504 3447 1637 3492 literis
1655 3446 1897 3491 multorum
1911 3478 1923 3501 ‚
1945 3453 1987 3489 et
1999 3439 2093 3488 serss
