2280 3776
521 338 632 390 EX
672 334 970 390 PONTO
1012 336 1171 390 LIB.
1217 334 1328 389 lv.
1373 334 1647 390 EPIST.
1693 337 1831 389 XV.

1963 337 2066 412 475

291 455 605 528 Confiteor3
640 469 837 515 testere
865 452 1023 525 licet3
1057 452 1301 530 signate,
1335 452 1626 533 Quirites:

369 551 462 613 Nil
492 573 631 635 opus
658 564 742 611 est
771 549 954 627 legum
980 548 1217 622 viribus3
1242 549 1358 633 ipse
1387 549 1608 633 loquor.

287 650 441 708 Inter
467 671 601 730 opes
632 661 686 706 et
715 670 799 706 me
817 692 832 718 ‚
862 668 974 706 rem
1010 667 1260 728 parvam,
1292 668 1442 728 pone
1470 660 1759 729 paternas:

371 746 506 806 Pars
535 767 635 822 ego
664 743 764 805 sim
795 766 989 804 census
1019 740 1524 827 quantulacumque
1555 744 1651 803 tui.

294 845 478 924 Quam
509 858 598 903 tua
627 841 908 903 Trinacria
932 857 1051 915 est,
1082 856 1416 925 regnataque
1448 857 1590 903 terra
1621 840 1915 925 Philippo,
2031 860 2077 901 ..²-

371 941 556 1021 Quam
586 938 782 1000 domus
815 940 1075 1018 Augusto
1109 939 1430 998 continuata
1456 939 1615 1010 foro;

291 1037 477 1116 Quam
508 1051 625 1109 tua,
656 1060 752 1096 rus
784 1034 959 1097 oculis
985 1035 1222 1108 domini,
1255 1036 1584 1119 Campania,
1616 1050 1863 1115 gratum,

371 1133 623 1217 Quaeque
646 1131 835 1194 relicta
863 1133 966 1194 tibi
984 1179 998 1207 ‚
1031 1134 1219 1205 Sexte,
1248 1131 1334 1194 vel
1360 1148 1508 1194 emta
1537 1146 1690 1193 tenes
1712 1177 1728 1204 ,

289 1229 426 1289 Tam
456 1243 585 1290 tuus
613 1253 682 1290 en
712 1252 814 1308 ego
840 1254 997 1302 sum3
1029 1231 1185 1312 cujus
1217 1245 1271 1291 te
1299 1253 1526 1291 munere
1554 1229 1701 1290 tristi

370 1328 498 1386 Non
521 1341 683 1409 potes
711 1327 769 1387 in
799 1328 982 1388 Ponto
1013 1327 1191 1388 dicere
1215 1327 1421 1388 habere
1448 1326 1608 1387 nihil.
2025 1354 2078 1382 20

290 1423 477 1506 Atque
504 1422 713 1484 utinam
742 1425 925 1508 possis
942 1472 957 1498 ‚
985 1439 1042 1484 et
1069 1424 1231 1486 detur
1260 1424 1487 1485 amicius
1513 1423 1737 1484 arvum!

293 1574 455 1635 Sicyon
475 1574 686 1632 oppidum
702 1572 900 1627 Achaiae;
919 1576 979 1618 sic
992 1575 1139 1630 Maro,

293 1641 456 1700 Georg.
477 1642 522 1686 11
536 1675 548 1697 ‚
571 1645 652 1702 519
673 1659 683 1687 :
705 1660 727 1679 «
755 1644 914 1686 teritur
934 1641 1141 1701 Sicyonia

292 1705 420 1750 bacca
439 1707 664 1764 trapetis.»

353 1790 368 1816 ι
380 1790 414 1816 ι.
441 1774 605 1816 Testem
621 1776 731 1816 Ie'cet.
747 1771 867 1816 Licet
880 1772 926 1815 in
943 1772 1142 1816 testimo-

295 1838 419 1881 nium
452 1837 637 1882 adducas
664 1837 756 1880 haec
787 1852 885 1893 quae
914 1837 1066 1880 scribo.
1087 1859 1142 1870 --

293 1903 486 1959 sigmate,
508 1904 699 1957 Quirites.
723 1901 767 1946 Ο
782 1902 893 1946 cives
923 1902 1140 1957 Romani,

291 1967 543 2012 subscribite
561 1984 634 2011 vos
648 1976 857 2024 tanquam
880 1976 1007 2011 testes
1021 1969 1115 2025 ejus
1128 2000 1139 2021 ,

293 2032 409 2090 quod
431 2031 571 2077 dicam
599 2048 609 2075 :
636 2032 703 2075 vel
727 2031 913 2089 sigillum
945 2041 1140 2076 vestrum

292 2097 530 2154 imprimite
543 2131 555 2152 ,
579 2096 954 2154 quemadmodum
966 2097 1002 2140 si
1018 2105 1142 2141 testa-

293 2170 497 2206 mentum
517 2161 689 2219 aliquod
711 2162 951 2219 signat-etis.

359 2243 421 2270 υ.
453 2229 549 2270 Non
583 2242 688 2282 opus
715 2235 782 2269 est
812 2229 947 2282 legum
970 2230 1142 2271 viribus.

293 2293 397 2337 Non
411 2325 424 2347 ‚
445 2293 586 2350 inquit
604 2324 615 2347 ‚
630 2299 694 2336 est
708 2307 816 2348 opus
831 2292 1071 2349 confugere
1087 2292 1143 2335 ad

293 2357 442 2414 legum
458 2355 654 2414 praesidia
670 2389 682 2410 ‚
698 2365 741 2399 et
758 2356 881 2399 litem
895 2358 1143 2401 contestari.

293 2425 452 2480 -hse
467 2427 619 2481 loquor.
639 2423 736 2480 Ipse
754 2432 909 2479 sponte
926 2424 1144 2468 confiteor

294 2491 379 2536 hoc
399 2491 515 2550 quod
535 2492 745 2548 sequitur.

355 2560 417 2603 13.
430 2561 548 2603 Inter
558 2576 657 2614 opes
667 2567 884 2614 paternas.
904 2559 1030 2602 Inter
1048 2567 1143 2602 tuos

297 2641 451 2669 census
469 2625 548 2668 tibi
568 2641 591 2668 a
612 2633 733 2681 patre
749 2623 933 2668 relictos.
945 2626 1073 2667 -Et
1081 2641 1146 2668 nte

295 2702 379 2734 rem
397 2705 572 2745 parvam
586 2722 597 2740 ,
625 2707 747 2745 pone.
779 2690 926 2733 Etiam
958 2706 1032 2733 me
1059 2690 1146 2733 ad—

296 2756 548 2800 numerabis
568 2788 580 2811 ,
609 2755 708 2800 licet
732 2756 816 2799 sim
842 2772 910 2800 res
939 2772 1070 2813 parva
1101 2765 1145 2799 et

297 2821 479 2866 modica.

353 2891 420 2933 15.
447 2890 721 2945 Regnataque
747 2897 868 2931 term.
901 2889 1045 2932 Tellus
1070 2905 1146 2932 re-

294 2963 427 3007 „aenaeta
445 2953 627 2996 Mureti.

356 3017 420 3060 16.
448 3021 584 3072 Quam
610 3022 760 3063 domus
783 3022 978 3076 Augusto
1005 3025 1148 3064 conti-

297 3083 547 3138 nautasom.
570 3083 805 3140 Quantum
830 3085 964 3130 etiam
987 3085 1146 3129 domus

299 3155 365 3190 est
387 3156 461 3191 tua
478 3180 490 3203 ,
525 3164 658 3204 quam
694 3150 826 3194 habes
863 3152 1146 3208 conjunctam

299 3210 400 3254 foro
419 3212 606 3269 Augusti
631 3213 825 3259 Caesaris.

361 3293 378 3318 1
386 3293 421 3331 7.
441 3279 576 3331 Quam
588 3285 676 3329 tua,
687 3296 759 3325 rus
767 3284 912 3324 oculis.
923 3279 1050 3325 Ordo
1060 3290 1126 3325 est
1137 3297 1147 3324 ι

296 3340 457 3397 >Quam
473 3358 554 3399 pro
569 3353 783 3400 quantum
793 3378 806 3399 ‚
820 3344 1063 3403 Campania
1077 3346 1150 3390 ad-

304 3406 484 3463 positive
501 3441 512 3462 ‚
541 3424 616 3452 rus
634 3419 806 3466 gratum
825 3411 960 3455 oculis
979 3411 1149 3455 domini

306 3481 367 3514 cst
383 3480 467 3515 tua.
479 3474 567 3517 Pex-
583 3476 852 3530 Campaniam
865 3486 1012 3521 autem
1027 3477 1150 3522 intel-

1222 1573 1397 1631 ligimus
1426 1592 1498 1618 rus
1538 1573 1712 1632 aliquod
1743 1571 1859 1630 quod
1890 1571 2077 1616 habebat

1224 1640 1461 1698 Pompeius
1496 1640 1542 1683 in
1579 1638 1823 1696 Campania
1853 1653 1864 1681 ε
1893 1636 2077 1682 sortasse

1224 1706 1435 1750 intellexit
1462 1722 1541 1763 per
1564 1707 1851 1755 Trinacriam,
1882 1719 1980 1757 rus,
2003 1713 2078 1747 aut

1225 1772 1437 1830 oppidum
1476 1770 1650 1828 aliquod
1687 1769 1842 1813 Sicilie
1877 1768 2074 1825 ejusdem

1226 1838 1426 1896 Pompeii
1446 1854 1456 1882 :
1476 1838 1677 1883 similiter
1694 1853 1776 1894 per
1796 1847 1947 1882 termm
1972 1839 2078 1879 Pht-

1221 1908 1348 1961 lappe,
1383 1921 1457 1948 rus
1486 1905 1532 1947 in
1562 1902 1839 1948 Macedonia.
1857 1903 2076 1946 —Oc-let‹

1223 1971 1392 2012 dommi.
1414 1969 1566 2012 Oculis
1588 1969 1685 2011 tuis.

1284 2035 1346 2078 18.
1375 2034 1556 2089 Quoque
1582 2036 1743 2076 relicta.
1777 2031 1841 2093 Et.
1862 2042 2078 2089 quantum

1223 2115 1274 2142 ea
1290 2107 1393 2142 sunt
1412 2098 1529 2142 tibia
1550 2098 1791 2153 majoribus
1811 2099 1895 2140 tuis
1916 2097 2076 2142 relicta.

1286 2181 1346 2223 ¹9·
1376 2166 1478 2206 Tam
1497 2172 1594 2206 tuus
1617 2172 1699 2206 etc.
1722 2164 1835 2206 Tam
1858 2178 1940 2220 ego
1962 2163 2075 2207 Ovi-

1224 2227 1322 2272 dius
1341 2243 1438 2272 sum
1459 2228 1760 2271 numerandus
1772 2228 1821 2271 in
1841 2237 1919 2271 tuo
1934 2241 2017 2271 aere
2034 2238 2079 2272 et

1223 2310 1370 2339 censu.
1391 2317 1446 2327 —
1471 2294 1605 2348 Cujus
1624 2303 1678 2337 te.
1706 2293 1847 2352 Cujus
1872 2295 1935 2338 tui
1959 2294 2079 2339 Sexti

1226 2360 1429 2417 Pompeii
1470 2371 1625 2404 moesto
1666 2360 1784 2404 dono
1812 2378 1823 2404 ι
1861 2378 1966 2404 nam
2000 2372 2079 2406 tuo

1223 2444 1412 2472 munere
1442 2437 1489 2472 et
1514 2428 1715 2485 precibus
1738 2429 1838 2472 vivo
1868 2446 1880 2473 ε
1910 2430 2012 2486 quia
2035 2440 2077 2473 te

1226 2503 1381 2551 agente
1397 2494 1622 2551 Augustus
1634 2511 1705 2538 me
1723 2510 1814 2538 non
1829 2494 2052 2539 interfecit
2066 2530 2077 2549 ,

1225 2560 1302 2604 sed
1333 2565 1509 2604 tantum
1536 2561 1583 2604 in
1614 2561 1810 2605 exsilium
1840 2562 2079 2606 Ponticum

1225 2627 1355 2670 misit.
1376 2627 1477 2671 Hoc
1495 2637 1643 2671 autem
1663 2628 1930 2672 beneficium
1950 2637 2078 2685 poeta

1223 2694 1346 2736 triste
1382 2708 1545 2737 munus
1574 2693 1763 2751 adpellat
1788 2727 1800 2748 ,
1846 2703 2079 2751 propterea

1224 2756 1345 2812 quod
1371 2757 1418 2800 in
1444 2774 1493 2801 re
1522 2758 1634 2801 tristi
1662 2768 1707 2802 et
1736 2767 1890 2801 moesta
1908 2758 2078 2801 benefi-

1222 2821 1343 2865 cium
1364 2831 1429 2866 est
1448 2823 1692 2867 adsecutus.

1282 2904 1348 2931 ao.
1364 2890 1460 2931 Non
1471 2898 1606 2943 potes.
1620 2889 1721 2932 Non
1737 2898 1861 2946 potes
1876 2888 2019 2932 dicere
2036 2897 2077 2932 te

1226 2952 1336 2996 nihil
1359 2953 1579 3010 possidere
1595 2955 1641 2997 in
1664 2955 1850 2999 Pontica
1869 2953 2049 3010 regione
2068 2987 2080 3007 ,

1227 3033 1367 3076 quum
1386 3019 1551 3076 aliquid
1569 3019 1726 3063 habeas
1743 3018 1949 3063 habendo
1965 3035 2051 3062 me.

1282 3101 1348 3127 αι.
1368 3086 1429 3127 Ut
1437 3088 1559 3127 detur
1570 3089 1750 3128 amicas
1767 3101 1922 3128 arvum.
1937 3086 2083 3128 Etde—

1227 3155 1295 3191 tur
1311 3148 1528 3192 meliores.
1543 3150 1602 3192 H.
1616 3149 1757 3192 —An
1781 3165 1873 3192 non
1895 3157 2080 3204 prasta-

1227 3225 1297 3259 ret
1316 3217 1449 3260 etiam
1468 3222 1670 3261 amem'us
1688 3232 1831 3260 arvum
1846 3219 1872 3261 ?
1896 3232 2002 3259 nam
2025 3216 2077 3258 de

1228 3283 1416 3326 amicitia
1446 3282 1665 3327 Getarum
1693 3283 1906 3340 gloriatur
1929 3283 2077 3338 Elegia

1229 3348 1495 3404 praecedenti
1520 3360 1564 3394 et
1588 3350 1688 3394 alibi
1713 3367 1724 3394 ε
1750 3367 1833 3394 nec
1852 3350 2077 3392 inimicum

1227 3412 1356 3457 fuisse
1377 3423 1520 3471 potest
1544 3416 1760 3473 Pompeio
1780 3431 1935 3459 arvum
1957 3430 1967 3456 :
1998 3417 2080 3456 mi-

1229 3483 1315 3523 tius
1332 3497 1476 3524 arvum
1492 3490 1580 3525 tres
1596 3481 1709 3525 libri.
1724 3481 1886 3525 Bur-1⁵1.
