2280 3776
284 282 394 351 244

751 285 814 339 P.
861 286 1151 342 OVIDII
1194 287 1574 345 NASONIS

309 471 315 475 ⁴
363 396 561 459 Nullus
590 399 646 458 in
678 399 896 478 egregio
925 423 1156 483 corpore
1182 426 1365 464 naevus
1396 404 1513 464 erit.

283 495 542 557 Pluribus
567 520 808 556 accusem
826 543 839 567 ,
868 496 984 557 fieri
1014 498 1120 558 nisi
1149 501 1350 581 possit,
1381 516 1444 561 ut
1469 502 1536 562 ad
1567 526 1654 562 me
1996 523 2042 562 15

361 593 539 652 Litera
569 616 684 651 non
713 592 923 665 veniat,
953 593 1116 654 missa
1145 595 1217 654 sit
1245 595 1338 655 illa
1368 611 1562 656 tamen.

280 694 357 753 Di
385 692 613 762 faciant,
644 705 709 749 ut
738 691 810 749 sit
840 692 1119 751 temeraria
1146 708 1334 754 nostra
1363 693 1611 775 querela,

360 789 547 869 Teque
577 801 766 867 putem
791 785 929 846 falso
956 810 1071 846 non
1100 789 1409 849 meminisse
1439 791 1560 850 mei.

282 882 453 961 Quod
481 904 701 963 precor,
733 904 847 941 esse
873 880 1052 964 liquet
1078 907 1089 941 :
1112 907 1288 965 neque
1321 884 1466 943 enim
1492 884 1755 946 mutabile
1783 886 1957 946 robur

363 979 593 1040 Credere
617 1003 702 1039 me
729 978 810 1039 fas
839 995 919 1040 est
947 981 1187 1063 pectoris
1220 1005 1335 1042 esse
1364 982 1462 1041 tui.
1997 1014 2050 1044 20

259 1080 429 1147 ⁴Cana
457 1078 612 1160 prius
642 1077 823 1155 gelido
856 1077 1036 1137 desint
1063 1077 1343 1138 absinthia
1371 1079 1584 1152 Ponto,

358 1180 432 1237 Et
459 1191 635 1237 careat
663 1175 809 1236 dulci
837 1176 1115 1253 Trinacris
1147 1174 1331 1258 Hybla
1365 1175 1586 1258 thymo,

277 1277 653 1334 Immemorem
684 1296 844 1355 quam
876 1286 928 1332 te
959 1271 1250 1354 quisquam
1282 1272 1568 1333 convincat
1598 1272 1755 1333 amici
1780 1296 1797 1331 e

356 1373 484 1432 Non
513 1372 589 1431 ita
617 1385 748 1432 sunt
776 1370 874 1430 fati
905 1370 1137 1430 stamina
1166 1369 1323 1448 nigra
1350 1370 1472 1430 mei.

275 1472 363 1530 Tu
391 1485 601 1541 tamen,
633 1485 697 1529 ut
723 1468 870 1529 falsae
900 1468 1082 1550 possis
1116 1492 1337 1550 quoque
1368 1466 1566 1552 pellere
1598 1466 1770 1551 culpae
1998 1486 2049 1526 25

357 1563 631 1634 Crimina,
663 1563 813 1645 quod
839 1586 954 1622 non
984 1585 1068 1633 es,
1101 1585 1170 1621 ne
1196 1561 1442 1634 videare,
1473 1586 1636 1623 cave:

275 1662 461 1741 thue
493 1657 803 1719 solebamus
837 1681 1156 1737 consumere
1185 1656 1353 1736 longa
1379 1656 1662 1740 loquendo

355 1757 660 1837 Tempora,
693 1779 997 1816 sermonem
1030 1754 1312 1815 deficiente
1342 1754 1462 1827 die;

278 1850 367 1910 Sic
393 1849 528 1909 ferat
557 1874 617 1910 ac
646 1849 843 1911 referat
876 1849 1067 1935 tacitas
1095 1844 1243 1910 nunc
1273 1848 1430 1909 litera
1457 1872 1618 1910 voces
1638 1896 1653 1920 ‚

358 1949 434 2006 Et
458 1962 722 2029 peragant
748 1936 950 2024 linguae
980 1946 1167 2003 charta
1194 1968 1496 2027 manusque
1524 1946 1694 2006 vices:

1999 1962 2053 2004 30

280 2042 452 2121 Quod
483 2041 601 2101 fore
627 2063 696 2099 ne
724 2039 958 2099 'nimium
988 2039 1172 2098 videar
1198 2037 1475 2110 diffidere,
1508 2039 1689 2122 sitque

362 2138 631 2199 Versibus
661 2137 750 2197 hic
777 2135 968 2219 paucis
997 2133 1346 2193 admonuisse
1375 2133 1506 2192 satis
1530 2156 1543 2204 ;

283 2306 448 2351 Officio
480 2305 682 2349 satisfacis
699 2337 710 2358 ,
735 2303 843 2346 dum
863 2318 935 2346 me
956 2302 1091 2346 tueris
1111 2334 1124 2357 ,

283 2387 515 2426 meamque
538 2386 711 2413 causam
736 2370 854 2426 agis;
879 2377 923 2412 et
947 2369 1138 2412 interim-

285 2438 390 2480 dum
408 2453 506 2479 raro
520 2435 683 2487 scribis,
699 2435 830 2477 verba
848 2433 957 2476 mihi
978 2450 1125 2490 negas,

285 2503 508 2545 absentem
527 2516 617 2543 non
643 2499 885 2556 adloqueris
909 2500 1100 2543 crebrius
1114 2533 1126 2555 ,

286 2563 401 2620 quod
423 2579 513 2606 non
533 2562 681 2619 magni
701 2563 859 2605 laboris
876 2564 1004 2605 foret.
1023 2564 1072 2606 P.

346 2631 405 2682 14.
427 2630 578 2671 Nullus
589 2643 737 2670 noevus.
755 2627 894 2683 Quasi
910 2626 1046 2681 dicat,
1064 2627 1131 2670 ni-

286 2693 346 2735 hil
363 2693 435 2736 abs
450 2701 492 2735 te
504 2691 725 2748 requiram
745 2691 942 2748 amplius,
963 2692 998 2734 si
1017 2691 1129 2734 hanc

285 2757 418 2801 veluti
438 2774 490 2800 ex
517 2757 712 2800 formoso
744 2772 923 2812 corpore
953 2756 1095 2799 labem
1113 2788 1124 2810 ,

290 2833 364 2866 aut
385 2823 599 2866 maculam
620 2823 794 2865 unicam
813 2823 1046 2866 sustuleris.

333 2905 349 2930 1
358 2891 396 2931 5.
406 2889 600 2931 Pluribus
608 2903 811 2930 accusem.
821 2887 1024 2930 Pluribus
1040 2903 1129 2930 ver-

289 2951 353 2996 bis
374 2952 571 2995 officium
588 2962 712 2996 tuum
734 2969 991 2995 accusarem.
1017 2955 1137 2996 Fieri

280 3022 379 3061 'nisi
385 3025 540 3072 posset.
559 3018 704 3060 Possit
724 3017 936 3060 meliores.
957 3018 1015 3061 H.

349 3099 409 3140 19·
444 3084 569 3136 Quod
589 3098 745 3138 precor.
776 3083 843 3126 Ut
871 3083 979 3127 falso
1011 3082 1064 3125 de
1085 3090 1128 3126 te

293 3161 462 3200 querar.
499 3149 644 3189 Robur
668 3151 737 3189 tm·
749 3152 940 3200 pectoris.
963 3145 1128 3190 Mentis

296 3218 383 3252 tuae
415 3211 702 3255 constantiam
735 3212 782 3254 in
814 3228 886 3255 me
910 3211 1097 3254 amando
1114 3243 1125 3265 ,

294 3271 472 3315 credere
501 3290 674 3330 nequeo
705 3292 794 3319 esse
816 3276 1128 3319 labefactatam.

293 3339 557 3447 SosiiHybla
576 3341 797 3384 Trt'rzacreln
814 3341 974 3400 Hybla,
985 3339 1129 3384 civitas

330 3419 380 3446 ici
413 3418 460 3446 ae.

1204 2307 1209 2315 ⁴
1263 2303 1328 2343 25.
1349 2303 1414 2343 Tu
1428 2307 1587 2352 tamen,
1609 2302 1938 2358 utsalsaepossis
1951 2319 2054 2360 quo-

1206 2383 1283 2423 que
1292 2370 1446 2422 pellere
1458 2370 1587 2424 culpa·
1596 2369 1793 2412 Crimina.
1803 2371 1964 2414 Tollere
1971 2370 2055 2413 edi·

1209 2433 1350 2476 tiones
1365 2433 1539 2489 primae,
1561 2443 1609 2477 ut
1625 2435 1738 2478 Fast.
1754 2436 1815 2489 ΙΙ,
1830 2438 1901 2489 45,
1933 2454 1953 2474 «
1976 2437 2054 2492 qui

1209 2501 1345 2545 tristia
1354 2501 1536 2546 crimina
1550 2502 1675 2547 caedis
1687 2537 1699 2558 ,
1720 2503 1948 2547 Fluminea
1962 2505 2056 2548 tolli

1209 2582 1331 2622 posse
1353 2567 1513 2622 putetis
1533 2583 1655 2623 aqua.
1676 2585 1698 2605 »
1720 2568 1780 2611 Et
1806 2567 1960 2612 eadem
1978 2585 2053 2612 va-

1207 2632 1353 2685 rietas,
1371 2631 1466 2675 Art.
1482 2631 1583 2675 Am.
1599 2633 1669 2676 111
1683 2665 1695 2687 ,
1718 2634 1821 2692 379:
1841 2651 1860 2670 «
1878 2634 2054 2690 Jupiter

1210 2712 1234 2739 a
1251 2697 1371 2740 vobis
1388 2706 1478 2740 tam
1493 2698 1634 2754 turpia
1653 2697 1835 2740 crimina
1854 2698 1984 2754 pellat
1998 2732 2010 2754 ,
2029 2716 2050 2736 »

1208 2761 1283 2804 ubi
1314 2770 1358 2804 et
1376 2764 1502 2804 tollat
1518 2761 1564 2804 in
1587 2761 1856 2819 quibusdam.
1890 2765 2054 2806 Fallere

1209 2835 1407 2882 excerpta
1427 2825 1586 2869 Vossii.
1912 2878 1917 2882 ι

1266 2911 1330 2951 27.
1355 2894 1601 2937 Consumere
1612 2895 1737 2947 longa
1748 2895 1952 2948 loquendi.
1971 2895 2052 2936 Zo-

1207 2958 1366 3011 quendo
1391 2955 1549 3011 scripti.
1585 2955 1643 2998 Et
1670 2971 1749 3012 pro
1779 2962 1962 3000 sermoni
1979 2959 2053 3000 de-

1191 3021 1367 3074 ficiente
1387 3022 1479 3069 die,
1510 3035 1674 3076 repone
1701 3035 1924 3075 sermonem
1949 3038 2052 3064 cum

1209 3082 1621 3139 Rottendorphiano
1642 3093 1685 3127 et
1706 3086 1932 3129 Puteaneo
1953 3102 1964 3138 ;
1987 3102 2051 3143 pr.

1210 3149 1314 3190 Vat.
1332 3155 1528 3190 sermone.
1552 3149 1612 3192 H.

1236 3211 1301 3254 30.
1307 3213 1523 3267 peragant.
1533 3212 1701 3255 Munus
1707 3212 1765 3256 lin
1770 3229 1864 3271 guae
1872 3213 2043 3266 obeant,

1210 3274 1327 3330 quod
1349 3276 1526 3331 epistola
1546 3276 1653 3320 solet
1674 3276 1861 3322 efficere.

1264 3340 1328 3383 32.
1357 3343 1555 3383 Versibus
1574 3344 1652 3383 hoc
1658 3348 1823 3396 paucis.
1843 3342 1959 3397 Lege
1979 3342 2049 3382 bt'c

1211 3420 1310 3447 cum
1331 3421 1421 3449 uno
1441 3405 1619 3449 Gallico.
1642 3407 1700 3450 H.
