2280 3776
290 340 397 391 300

751 337 814 388 P.
869 336 1170 392 OVIDII
1220 337 1643 393 NASONIS·

371 450 638 533 Experiar
664 466 811 511 mota
842 475 1096 535 spargere
1122 478 1301 517 semen
1327 456 1498 517 humo
1523 480 1534 515 ε

292 549 404 606 Nec
435 545 683 605 dubitem
714 544 897 625 longis
923 572 1157 631 purgare
1188 549 1471 628 ligonibus
1501 574 1655 621 arva,

381 642 455 700 Et
489 641 639 711 dare,
675 664 809 722 quas
838 641 1028 704 sitiens
1059 646 1336 706 combibat
1360 648 1586 721 hortm,
1619 669 1801 730 aquas.
2005 666 2060 707 60

294 738 456 798 Unde
476 785 491 810 ‚
522 737 618 797 sed
646 738 752 798 hoc
783 738 945 799 nobis
965 787 978 811 ‚
1010 741 1295 802 minimum
1325 768 1465 825 quos
1492 744 1633 803 inter
1654 758 1710 805 et
1736 744 1950 804 hostem

374 834 683 895 Discrimen
713 860 903 896 murus
935 837 1225 921 clausaque
1255 853 1418 922 porta
1442 839 1613 900 facit?

291 933 367 991 At
396 931 499 991 tibi
528 932 804 1005 nascenti,
835 933 986 1015 quod
1018 947 1137 993 toto
1168 950 1387 1017 pectore
1417 934 1572 995 laetor
1592 983 1607 1008 ‚

371 1031 586 1089 Nerunt
612 1029 801 1090 fatales
832 1029 992 1089 fortia
1021 1029 1109 1091 fila
1141 1032 1286 1091 Deae.

291 1126 370 1184 Te
398 1125 564 1185 modo
594 1149 820 1209 campus
849 1126 1051 1198 habet,
1080 1127 1247 1187 densa
1266 1126 1435 1186 modo
1460 1127 1705 1210 porticus
1732 1127 1960 1198 umbra;
2005 1144 2059 1188 65

372 1222 564 1294 Nune,
598 1222 655 1281 in
684 1247 794 1306 quo
824 1247 1000 1306 ponas
1032 1238 1278 1307 tempora
1307 1247 1458 1296 rara,
1485 1224 1684 1285 forum.

295 1317 523 1378 Umbria
555 1343 703 1379 nunc
734 1335 983 1391 revocat;
1017 1344 1119 1381 nec
1145 1345 1259 1381 non
1289 1320 1504 1381 Albana
1534 1336 1807 1425 petentem

374 1415 555 1497 Appia
584 1416 812 1476 ferventi
842 1417 1032 1477 ducit
1016 1442 1075 1476 1n
1103 1440 1229 1476 arva
1256 1431 1394 1477 rota.

291 1510 548 1570 Forsitan
579 1510 669 1570 hic
700 1526 886 1593 opteS‚
922 1528 985 1572 ut
1012 1513 1214 1595 justam
1243 1502 1550 1597 supprimat
1577 1515 1714 1574 iram

374 1609 586 1679 Caesar,
618 1624 673 1669 et
704 1609 1009 1692 hospitium
1039 1611 1111 1671 sit
1137 1627 1229 1672 tua
1258 1611 1384 1672 villa
1414 1636 1612 1673 meum.
2009 1644 2064 1688 7⁰

290 1704 414 1764 Ah!
445 1704 677 1764 nimium
708 1719 822 1778 est,
856 1706 1033 1788 quod,
1066 1707 1269 1785 amice,
1307 1707 1475 1791 petis!
1502 1706 1837 1783 moderatius
1868 1722 2020 1790 opta,

339 1840 403 1882 58.
426 1842 549 1883 Mota
565 1844 700 1885 humo.
721 1843 937 1887 Proscissa
958 1852 1087 1887 terra.

338 1909 403 1965 59.
436 1909 621 1961 Purgare
653 1925 768 1951 arva.
808 1909 946 1952 Malas
978 1909 1132 1953 herbas

283 1969 697 2025 evellere—longis
713 1974 933 2027 ligonibus.
954 1972 1133 2029 Ligoni-

280 2035 371 2078 rhus·
382 2034 642 2092 habentibus
664 2037 844 2093 longum
865 2038 1083 2094 capulum.

339 2100 406 2142 60.
428 2102 492 2153 Et
507 2103 608 2144 dare
624 2119 768 2158 aquas.
794 2103 851 2146 Et
873 2102 1066 2160 irrigare.
1079 2126 1133 2134 —

284 2166 385 2207 Jam
416 2169 532 2208 bibat
553 2169 705 2214 >,hortus
741 2183 886 2224 aquas.
925 2168 1131 2211 Meliores

284 2246 461 2276 omnes:
478 2250 499 2268 «
521 2231 580 2274 Et
599 2231 702 2275 dare
721 2233 833 2292 jam,
857 2231 1005 2276 sitiens
1027 2249 1131 2289 quas

283 2296 400 2339 bibat
419 2296 572 2340 hortus
589 2330 601 2351 ‚
628 2314 781 2354 aquas,
803 2316 823 2349 η
846 2314 961 2341 unus
982 2306 1130 2341 tamen

286 2360 424 2404 Vatic.
450 2378 555 2417 quas
578 2365 726 2405 sitiens
746 2365 966 2405 combibat.
989 2362 1049 2405 H.
1079 2387 1133 2395 —

284 2426 374 2470 Nos
393 2426 532 2470 Vatic.
551 2436 596 2470 et
614 2427 827 2485 Excerpta
843 2427 982 2471 Vossii
997 2428 1132 2472 secuti

284 2508 462 2545 sumus,
489 2492 772 2548 probantibus
800 2494 1058 2536 Burmanno
1088 2503 1133 2538 et

288 2556 516 2600 Oberlino.
538 2558 604 2602 Ita
622 2590 633 2611 ,
660 2557 795 2614 Epist.
817 2560 921 2611 XV,
947 2577 1005 2603 vs.
1033 2563 1131 2604 150:

288 2640 309 2658 «
334 2620 471 2665 Grata
514 2622 631 2678 prius
672 2623 882 2681 lacrymas
923 2625 1132 2668 combibit

285 2688 419 2741 herba
434 2704 564 2742 meas.
591 2707 611 2725 »
636 2687 760 2745 Saepe
781 2688 1024 2735 Columella
1049 2692 1131 2746 hoc

286 2753 419 2806 verbo
439 2746 589 2810 utitur.

339 2816 406 2870 61.
431 2816 552 2874 Unde
569 2818 649 2859 sed
657 2818 737 2859 boc
753 2819 885 2861 nobis.
908 2817 1102 2861 subaudi
1117 2852 1128 2874 ,

284 2883 574 2941 opta—Inter
588 2897 700 2937 quos.
728 2882 851 2924 Inter
874 2899 954 2926 nos
974 2882 1134 2927 Tomi-

285 2955 420 2989 tanos.
442 2969 500 2979 —
519 2949 580 2990 Et
603 2949 774 2989 bostem.
807 2947 866 3009 Et
899 2947 1031 2991 Getas
1057 2948 1132 3006 qui

286 3012 460 3054 ‘'lomon
483 3011 704 3055 infestant.

339 3076 404 3118 62.
427 3076 553 3119 Facit
568 3078 787 3119 discrimen
807 3081 1018 3119 minimum
1038 3092 1132 3118 mu-

283 3155 364 3182 tas.
381 3132 613 3197 SicVirgil.
634 3141 737 3184 Lea
744 3143 1127 3195 discrimineparvo.

338 3205 668 3263 64.bort1afila
692 3207 952 3263 Prosperam
969 3206 1127 3266 vitam,

284 3271 406 3327 cujus
423 3272 494 3314 fila
508 3289 595 3315 non
612 3274 734 3318 facile
752 3283 1032 3332 rumpuntur.

341 3336 407 3379 65.
432 3338 625 3393 Campus.
658 3339 816 3396 Campi
845 3339 996 3383 Martii
1025 3354 1131 3382 cer-

287 3401 451 3444 tamina
480 3410 523 3443 et
547 3402 885 3450 exercitationes.
910 3428 964 3435 —
982 3406 1132 3446 Densa

287 3469 406 3512 modo
421 3471 622 3523 portel-us.
645 3467 893 3524 Aliquando
921 3478 1042 3513 tenet
1065 3478 1130 3523 te,

1215 1844 1385 1901 inquit,
1417 1843 1607 1901 porticus
1633 1844 1773 1902 aliqua
1800 1861 1900 1888 cum
1927 1844 2063 1890 hortis

1217 1924 1470 1964 nemorosis.

1269 1973 1334 2017 66.
1355 1976 1406 2015 In
1429 1990 1507 2030 quo
1517 1989 1656 2028 ponas
1675 1989 1775 2030 '4²1³
1795 1981 1986 2027 tempora.
2008 1974 2061 2017 In

1215 2054 1301 2094 quo
1317 2053 1415 2080 raro
1426 2052 1570 2080 causas
1585 2035 1806 2093 defendis:
1820 2052 1951 2093 quam
1964 2053 2061 2080 rem

1210 2101 1400 2146 felicitati
1431 2099 1644 2145 adscribit.
1673 2101 1807 2145 Mart.
1837 2103 1915 2145 Lt‘s
1944 2120 2062 2146 nun-

1207 2183 1330 2223 quam
1343 2201 1354 2218 ,
1379 2173 1478 2221 toga
1499 2183 1598 2209 rara
1617 2200 1627 2216 ‚
1660 2180 1778 2208 mens
1799 2171 1952 2225 quieta.

1263 2233 1328 2290 67.
1350 2232 1523 2291 Umbrio
1534 2238 1575 2275 le
1589 2241 1756 2276 remeat
1762 2267 1771 2282 ,
1790 2249 1866 2275 nec
1879 2249 1959 2275 non
1975 2234 2020 2275 A
2022 2236 2062 2290 l-

1211 2301 1323 2341 bana
1335 2304 1542 2354 petentem
1555 2331 1565 2346 ‚
1590 2297 1736 2354 Appia
1743 2297 1935 2353 servenle'
1946 2301 2062 2357 ducit

1208 2357 1264 2406 nb
1283 2366 1380 2405 urbe
1395 2370 1501 2405 rota.
1515 2360 1651 2405 Ducit
1664 2367 1708 2404 in
1728 2379 1831 2405 arva
1848 2371 1942 2420 rota
1961 2379 2059 2406 rne-

1209 2426 1338 2470 liores
1354 2444 1364 2479 ;
1387 2435 1431 2470 et
1453 2427 1625 2470 Umbria
1645 2443 1756 2469 nunc
1771 2436 1961 2481 revoca&
1978 2420 2060 2488 pro

1209 2508 1285 2535 nec
1298 2508 1393 2543 non,
1408 2491 1496 2534 duo
1510 2508 1621 2534 nunc
1633 2509 1726 2549 non.
1742 2491 1874 2535 Forte
1894 2508 1904 2534 :
1923 2492 2060 2535 «Uin-

1210 2554 1303 2600 bria
1320 2573 1440 2601 nunc
1459 2560 1660 2611 revocat,
1683 2564 1725 2600 te
1745 2573 1864 2600 nunc
1887 2555 2058 2600 Albana

1212 2631 1488 2683 petentem.»
1468 2612 1568 2664 »H.
1571 2622 1804 2664 —Umbrz'a
1823 2629 1864 2664 te
1881 2637 1946 2664 rev
1949 2629 2058 2664 ocal.

1215 2688 1267 2730 In
1288 2687 1527 2731 Umbriam
1544 2686 1725 2729 revertis
1742 2718 1753 2740 ,
1776 2701 1870 2744 quae
1885 2685 1929 2728 in
1952 2701 2060 2745 me-

1212 2743 1286 2794 dio
1312 2751 1500 2796 Sabiniae
1520 2767 1569 2794 ac
1589 2742 1787 2794 Thusciae
1807 2749 1947 2792 olim
1935 2766 2059 2806 jace—

1212 2808 1297 2870 bat.
1301 2818 1564 2861 —Petentem
1582 2806 1769 2860 Albana.
1791 2815 1855 2860 Te
1876 2825 2058 2858 euntem

1214 2881 1261 2924 in
1283 2881 1504 2924 Albanum
1526 2879 1763 2937 praedium:
1784 2879 1894 2923 Alba
1911 2889 2057 2923 autem

1212 2939 1372 2990 Marsis
1393 2937 1581 2989 finitima
1600 2945 1718 2989 fuit·
1707 2962 1752 2988 m
1775 2946 1939 2989 excelso
1958 2962 2060 2990 saxo

1211 3014 1361 3072 locata.

1263 3079 1329 3122 68.
1350 3079 1659 3122 struentirola.
1678 3077 1831 3127 Veloci
1857 3094 2002 3137 curru.

1265 3143 1332 3201 69.
1353 3146 1545 3187 Forsitan
1559 3146 1640 3186 boc
1665 3151 1791 3198 optes.
1813 3141 1962 3186 Scribe
1987 3144 2058 3184 bt'c

1213 3216 1328 3263 optes
1346 3224 1446 3258 cum
1467 3208 1757 3263 Sarraviano,
1787 3207 1988 3251 Politian.
2012 3214 2057 3249 et

1212 3273 1348 3317 tribuis
1369 3274 1480 3330 aliis,
1505 3290 1552 3317 ac
1573 3274 1711 3334 prima
1733 3265 1936 3331 editione.
1957 3271 2015 3331 H.

1269 3358 1288 3397 7
1300 3358 1333 3383 ι.
1354 3339 1449 3394 Ab!
1473 3344 1642 3394 nimium
1660 3341 1867 3395 estquod,
1894 3341 2053 3389 amice,

1207 3410 1329 3460 pettlr.
1358 3409 1413 3449 Τᾶ
1438 3413 1504 3448 est
1528 3404 1655 3448 multi
1685 3420 1776 3447 non
1805 3411 2056 3460 agnoscunt.

1212 3472 1328 3514 Puto
1347 3487 1357 3514 ι
1375 3489 1395 3508 «
1427 3471 1497 3514 Ah
1520 3469 1730 3514 nimium!
1752 3468 1871 3525 quid,
1889 3468 2022 3512 amice
2042 3502 2055 3523 ‚
