2280 3776
506 352 615 406 EX
653 348 959 405 PONTO
999 348 1163 402 LIB.
1207 348 1253 401 1.
1298 344 1570 402 EPIST.
1613 347 1687 403 V.

1872 347 1978 402 283

228 468 339 528 Nec
364 467 515 548 ,juvat
534 467 589 526 in
620 464 791 525 lucem
815 464 985 524 nimio
1016 486 1340 524 marcescere
1365 463 1525 536 vino;
1929 480 1985 536 45

308 564 422 622 Nec
450 575 590 621 tenet
619 560 850 621 incertas
879 558 992 620 alea
1015 558 1215 620 blanda
1245 582 1454 619 manus.

233 659 417 739 Quum
449 658 692 719 dedimus
719 681 914 718 somno
933 704 948 730 ‚
980 680 1114 740 quas
1143 680 1341 740 corpus
1368 654 1643 739 postulat,
1671 654 1867 727 horas,

313 756 445 834 Quo
474 776 670 837 ponam
698 752 927 832 vigilans
962 768 1202 836 tempora
1235 751 1397 830 longa
1429 751 1636 812 modo?

230 850 411 913 Moris
437 875 502 912 an
537 849 742 911 oblitus
770 850 965 934 patrii,
995 849 1317 910 contendere
1347 849 1546 911 discam

313 946 637 1007 Sarmaticos
665 970 846 1019 arem,
877 961 931 1007 et
956 946 1138 1007 trahar
1162 960 1274 1007 arte
1296 944 1440 1006 loci?
1939 960 1991 1002 5ο

230 1044 355 1104 Hoc
385 1066 604 1126 quoque
633 1067 719 1103 me
750 1042 991 1104 studium
1013 1043 1320 1127 prohibent
1344 1041 1624 1103 adsumere
1651 1038 1824 1110 vires;

310 1140 579 1223 Mensque
611 1140 782 1220 magis
810 1139 995 1218 gracili
1026 1162 1255 1223 corpore
1286 1153 1469 1199 nostra
1499 1137 1651 1198 valet.

227 1237 416 1318 Quum
445 1236 581 1297 bene
609 1237 908 1320 quaesieris,
941 1237 1074 1320 quid
1105 1260 1288 1315 agam,
1315 1236 1490 1315 magis
1513 1234 1646 1296 utile
1680 1231 1759 1293 nil
1790 1247 1872 1294 est

308 1332 541 1394 Artibus
569 1332 683 1405 his,
718 1357 837 1417 quae
863 1333 942 1394 nil
972 1332 1224 1395 utilitatis
1253 1332 1474 1394 habent.

229 1427 553 1511 Consequor
580 1452 645 1489 ex
677 1427 783 1490 illis
811 1452 967 1490 casus
994 1427 1197 1488 oblivia
1226 1427 1435 1498 nostri;
1937 1441 1989 1483 55

311 1524 495 1597 Hanc,
528 1524 658 1586 satis
686 1539 794 1599 est,
824 1548 1054 1587 messem
1083 1525 1127 1585 si
1159 1548 1274 1585 mea
1302 1523 1483 1584 reddit
1509 1523 1747 1584 humus:

236 1617 422 1680 Gloria
449 1643 545 1680 vos
574 1635 756 1691 acuat;
787 1644 913 1693 vos,
945 1636 1008 1682 ut
1037 1621 1258 1682 recitata
1289 1620 1595 1704 probentur

311 1715 589 1788 Carmina,
620 1716 813 1778 Pieriis
843 1716 1121 1796 invigilate
1150 1717 1350 1777 choris».

232 1814 400 1896 Quod
430 1815 575 1875 venit
600 1837 662 1874 ex
691 1814 865 1886 facili,
894 1815 1025 1877 satis
1055 1830 1138 1877 est
1166 1837 1491 1898 componere
1517 1813 1707 1885 nobis;

310 1911 385 1971 Et
410 1910 572 1971 nimis
600 1911 796 1971 intenti
826 1934 985 1972 causa
1014 1911 1215 1972 laboris
1245 1910 1412 1972 abest.
1937 1925 1994 1968 60

231 2007 345 2069 Cur
371 2030 473 2087 ego
503 2005 734 2068 sollicita
758 2006 960 2090 poliam
989 2032 1105 2068 mea
1139 2007 1374 2068 carmina
1409 2008 1584 2067 cura?

308 2106 400 2165 An
431 2129 645 2178 verear,
676 2130 744 2167 ne
774 2130 887 2166 non
910 2105 1179 2189 adprobet
1205 2103 1296 2165 illa
1331 2106 1539 2166 Getes?

227 2199 480 2262 Forsitan
508 2201 762 2264 audacter
788 2202 1007 2275 faciam,
1038 2201 1132 2263 sed
1166 2200 1373 2281 glorior
1401 2202 1605 2262 Istrum

276 2366 350 2420 46.
372 2367 527 2410 Manus
545 2371 738 2412 incertas.
760 2369 922 2413 Manus
945 2370 1071 2427 igna-

230 2445 299 2473 ras
317 2429 506 2475 victoriae
519 2463 531 2485 ‚
554 2440 627 2475 aut
646 2432 834 2488 jacturae.

284 2495 350 2554 49.
381 2496 515 2539 Moris
526 2500 668 2551 patrii.
699 2497 945 2554 Disciplina:
969 2498 1070 2542 Ro-

230 2574 383 2604 manae.

286 2627 352 2668 50.
381 2627 442 2668 Et
464 2628 611 2669 trahar
624 2634 714 2668 arte
731 2629 824 2669 Ioci.
850 2626 908 2670 Et
930 2627 1069 2671 vivam

231 2689 298 2735 his
320 2689 508 2745 artibus,
532 2691 686 2748 quibus
707 2691 866 2735 vivitur
884 2692 1026 2735 Tomi.

286 2760 349 2801 51.
374 2759 466 2799 Hoc
484 2759 676 2800 studium.
701 2757 829 2801 Hanc
855 2758 1069 2814 jaculandi

233 2828 383 2864 artem.

286 2886 351 2930 52.
370 2887 513 2941 Magis
526 2888 971 2941 valetgraciIicorporc
989 2897 1068 2932 etc.

232 2946 374 3005 Magis
390 2950 528 3008 viget,
558 2966 686 3007 quam
713 2959 842 2995 tenue
864 2960 907 2995 et
928 2953 1069 2995 maei-

232 3013 399 3058 lentum
418 3032 572 3072 corpus
595 3033 757 3060 meum.

274 3080 338 3123 53.
351 3082 482 3134 Quum
491 3084 589 3124 bene
595 3087 813 3138 quesieris.
825 3086 926 3139 quid
931 3100 1068 3139 agam.

235 3143 351 3187 Puto
365 3175 377 3198 ,
413 3147 545 3198 Quum
564 3149 661 3190 bene
681 3151 906 3203 quaesierim
919 3181 930 3200 ,
962 3152 1076 3204 quod

234 3225 369 3264 agam.
392 3209 556 3254 Hmns-

288 3273 351 3316 56.
363 3275 490 3316 Hanc
498 3290 680 3325 messem,
697 3279 804 3319 satis
817 3285 891 3325 est,
901 3282 941 3322 si
950 3281 1069 3322 modo

232 3340 380 3381 reddat
387 3354 496 3393 ager.
509 3341 654 3390 Hanc,
674 3348 783 3384 satz's
793 3351 879 3396 est,
899 3359 1068 3387 messem

234 3402 486 3448 Basileensis
517 3415 560 3448 et
597 3407 716 3450 Petri
751 3407 887 3452 Servii
923 3410 1067 3454 codex.

236 3467 407 3514 Deinde
427 3471 570 3528 scripti
583 3472 790 3530 plerique,
806 3490 905 3518 eum
921 3476 1068 3531 priscis

1151 2366 1414 2411 editionibus
1435 2399 1447 2420 ,
1479 2368 1531 2410 Si
1551 2381 1645 2409 mea
1665 2367 1805 2408 reddit
1823 2368 1992 2415 humus,

1152 2433 1219 2476 vel
1238 2434 1396 2475 reddat.
1412 2432 1656 2475 H.—Hanc
1667 2446 1853 2473 messem.
1867 2432 1995 2475 Hanc

1152 2497 1383 2540 utilitatem
1397 2528 1410 2551 ,
1434 2505 1483 2539 ut
1502 2496 1613 2539 mala
1631 2495 1868 2549 obliviscar,
1887 2496 1996 2540 dum

1149 2562 1300 2607 studiis
1317 2562 1492 2620 poeticis
1511 2576 1690 2618 operam
1708 2560 1833 2604 d0.—
1843 2563 1895 2605 Si
1905 2579 1999 2606 mea

1149 2630 1307 2672 humus.
1327 2627 1375 2671 Si
1394 2642 1544 2670 meum
1566 2626 1804 2683 ingenium.

1207 2694 1272 2737 58.
1288 2694 1446 2737 Charis.
1462 2693 1605 2736 Modaezr
1620 2692 1650 2734 J
1655 2691 1839 2735 unianus
1852 2699 1897 2735 et
1909 2692 1995 2735 Pu-

1152 2765 1319 2801 teanus.

1205 2823 1272 2866 So.
1293 2822 1439 2865 Abest.
1463 2823 1651 2866 Remota
1670 2830 1735 2866 est
1755 2838 1765 2866 :
1791 2822 1890 2878 quia
1911 2838 1992 2866 nec

1150 2887 1283 2944 gloria
1307 2919 1320 2940 ‚
1349 2903 1433 2930 nec
1461 2904 1557 2943 spes
1587 2887 1779 2942 reditus,
1811 2895 1885 2930 aut
1911 2887 1989 2929 alia

1149 2969 1274 2998 causa
1297 2953 1406 2996 mihi
1434 2953 1633 2997 obfertur
1655 2987 1667 3008 ,
1701 2969 1786 3011 qua
1810 2952 1992 2996 debeam

1148 3019 1292 3063 facere
1314 3019 1477 3075 optima
1494 3020 1699 3063 carmina.

1203 3084 1269 3127 ὃι.
1292 3085 1488 3127 Sollicita
1501 3088 1663 3139 poliam
1687 3100 1780 3127 mea
1805 3087 1993 3127 camina

1149 3168 1261 3194 cum.
1284 3151 1409 3193 Lima
1428 3166 1541 3193 unus
1565 3151 1797 3195 Vossianus
1811 3159 1856 3194 et
1875 3149 1994 3193 Haf-

1149 3215 1309 3259 niensis
1324 3249 1336 3269 ‚
1358 3224 1406 3259 ut
1437 3232 1565 3273 supra
1592 3233 1602 3260 :
1627 3234 1650 3254 «
1672 3216 1843 3260 Scilicet
1872 3216 1990 3258 inci-

1149 3281 1264 3337 piam
1284 3280 1386 3323 lima
1410 3280 1654 3324 mordacius
1673 3281 1749 3324 uti.
1767 3299 1788 3318 ›-
1813 3281 1874 3323 H.

1203 3346 1269 3388 62.
1288 3346 1362 3388 Aa
1378 3361 1531 3389 verear.
1550 3348 1704 3389 Venor
1720 3345 1908 3402 plurimi.

1202 3411 1267 3455 63.
1297 3413 1383 3454 Sed
1399 3415 1553 3467 glorior
1575 3413 1735 3455 Istmm.
1768 3413 1817 3454 Se·
1837 3415 1991 3466 glorior

1151 3477 1334 3521 Putean.
1362 3475 1465 3520 alius
1484 3481 1594 3533 quia.
1619 3477 1731 3533 Lege
1760 3480 1987 3531 siglorier:
