2280 3776
296 288 418 383 294⁴

760 309 821 361 P.
872 303 1162 364 OVIDII
1207 309 1590 364 NASONIS

292 426 404 484 Nec
434 439 611 484 tamen
641 424 880 483 officium
912 425 1080 485 sensit
1105 426 1278 503 magis
1308 425 1474 486 altera
1501 441 1750 486 nostrum
1775 452 1788 486 ε
1819 473 1822 475 ψ

272 600 276 604 .
377 521 482 580 Hic
502 566 516 590 ,
550 519 659 578 illic
679 567 692 592 ,
723 535 904 579 vestro
928 520 1031 580 sub
1058 522 1196 580 Lare
1225 546 1435 605 semper
1463 546 1622 583 eram.

295 617 543 698 Quaeque
568 630 658 674 tua
691 630 772 674 est
797 615 1000 696 pietas3
1032 631 1096 676 ut
1124 631 1176 676 te
1206 642 1317 677 non
1345 615 1554 679 excolat
1579 620 1762 702 ipsum
1781 664 1796 691 ,

372 716 476 772 Jus
504 711 732 794 aliquod
762 727 938 772 tecum
966 714 1148 774 fratris
1174 715 1376 775 amicus
1402 717 1586 775 habet.
1699 737 1702 740 ⁴
1997 734 2054 776 60

298 809 449 887 Quid
467 855 481 879 ,
514 808 696 890 quod,
725 822 787 867 ut
817 808 1054 869 emeritis
1081 810 1358 870 reserenda
1388 829 1470 871 est
1497 812 1668 891 gratia
1695 836 1937 894 semper,
1996 865 1999 871 ,

374 906 464 965 Sic
495 921 577 965 est
602 906 837 966 fortunae
864 907 1227 988 promeruisse
1254 911 1403 968 tuae?

299 1002 466 1081 Quod
497 1002 542 1061 si
571 1002 842 1084 permittis
868 1002 1031 1062 nobis
1059 1002 1313 1075 suadere,
1349 1003 1481 1086 quid
1512 1019 1704 1087 optes:

377 1103 454 1159 Ut
481 1099 603 1170 des,
635 1123 797 1181 quam
823 1099 1048 1171 reddaS,
1081 1098 1269 1181 plura,
1299 1124 1516 1182 precare
1548 1103 1712 1162 Deos.

292 1198 465 1279 quue
496 1196 660 1268 facis,
692 1192 1067 1279 quantumque
1092 1195 1218 1254 licet
1242 1195 1581 1270 meminisse,
1611 1197 1826 1259 solebas
1998 1213 2054 1256 65

375 1291 561 1365 Officii
591 1315 804 1352 causam
833 1290 1088 1374 pluribus
1120 1314 1234 1351 esse
1266 1291 1394 1350 dati.

291 1428 473 1470 domum
492 1437 610 1471 tuam
625 1427 768 1469 minus
782 1426 988 1480 colerem,
1002 1442 1134 1481 quam

290 1493 497 1535 deberem
510 1491 902 1548 :quemadmodum
913 1490 1136 1533 etiamfuit

291 1557 336 1600 in
358 1558 464 1600 meis
485 1557 584 1600 fatis
598 1590 607 1606 ‚
635 1564 684 1598 ut
706 1556 935 1611 relegarer.

343 1626 407 1678 57.
438 1626 528 1667 Nec
545 1631 682 1664 tamen
702 1620 883 1676 officium
901 1623 1036 1662 sensit
1056 1621 1133 1661 do-

286 1705 377 1730 mus
393 1691 528 1730 altera
546 1695 727 1729 nostrum
748 1701 759 1727 .·
786 1687 871 1727 ffi‘c
893 1687 983 1726 illic
997 1693 1133 1726 vestro

291 1757 366 1795 sub
383 1755 491 1794 Lare
505 1768 665 1806 semper
678 1766 802 1792 eram.
822 1750 929 1792 Haec
948 1748 1133 1791 mendo-

290 1819 452 1862 sissima
471 1827 585 1861 sunt.
608 1816 750 1860 Priori
769 1832 895 1858 versu
917 1816 1029 1858 bene
1050 1817 1134 1858 Pu-

289 1892 469 1926 teaneus
500 1890 543 1924 et
567 1882 830 1930 Thuanws,
866 1880 974 1922 alter
1004 1884 1139 1922 sensit

288 1953 422 2002 magis
437 1951 596 1998 altera‚·
618 1946 700 1989 nisi
719 1945 854 1987 mavis
870 1960 880 1987 ι
897 1962 917 1981 «
937 1946 1134 1987 Neman-

287 2022 384 2055 tum
406 2011 538 2055 officii
560 2012 693 2054 sensit
710 2010 866 2052 domus
889 2009 1020 2051 altera
1041 2023 1134 2050 no—

277 2073 375 2122 stri.
396 2098 417 2118 »
455 2079 662 2134 Quatuor
690 2086 857 2120 veteres
887 2083 1028 2118 nostro
1057 2077 1134 2117 sub

288 2147 430 2197 Lare5
454 2161 567 2187 unus
587 2143 813 2186 Mediceus
842 2151 886 2184 et
913 2157 975 2196 pr.
1000 2140 1134 2184 editio

289 2214 411 2262 Illic,
450 2213 546 2261 hic5
576 2210 645 2252 alii
668 2225 758 2251 non
785 2208 908 2264 pauci
934 2209 1048 2258 Huc,
1075 2210 1133 2248 il-

287 2281 356 2319 luc
370 2311 380 2322 ,
406 2276 472 2318 vel
488 2278 601 2318 Hinc
614 2309 624 2326 ,
648 2277 777 2316 illinc.
793 2273 1043 2317 Scribebam
1057 2271 1136 2314 ali-

290 2343 465 2400 quando
480 2360 489 2386 :
502 2360 524 2379 «
538 2341 646 2396 Illic,
661 2357 741 2384 ceu
752 2348 903 2383 nostro
915 2340 993 2382 sub
1006 2339 1132 2392 Lare,

291 2424 464 2464 semper
491 2422 608 2450 eram
628 2439 639 2459 ,
666 2424 687 2443 »
719 2405 787 2448 vel
817 2408 970 2446 multus
992 2402 1104 2446 cram
1121 2419 1134 2445 ,·

290 2487 393 2516 nam
418 2472 514 2514 libri
535 2471 728 2527 quinque
759 2485 809 2512 ex
834 2469 999 2524 scriptis
1023 2474 1136 2511 tutus

289 2554 412 2580 eram.
433 2536 551 2581 Nihil
571 2552 678 2591 opus
704 2544 849 2577 tamen
877 2533 1133 2576 mutatione.

288 2605 387 2652 Hic,
405 2605 496 2644 illic
506 2601 648 2644 sivein
663 2609 752 2653 tua,
763 2600 848 2642 sive
857 2598 903 2640 in
911 2598 1134 2641 fratris-tui

290 2667 436 2709 domo.
455 2667 569 2709 Nam
590 2665 644 2708 de
667 2665 800 2707 fratre
823 2663 1012 2706 Graecini
1033 2671 1133 2706 ante

288 2741 447 2788 egerat.
468 2731 593 2774 H.—
610 2730 704 2786 Ego
720 2745 770 2771 ex
786 2728 1045 2784 scriptorum
1057 2744 1135 2770 ve-

289 2797 421 2852 stigiis
441 2796 537 2851 lego
565 2811 574 2838 :
607 2812 627 2831 «
653 2795 743 2836 Nec
764 2801 910 2835 tamen
939 2791 1131 2834 officium

289 2861 421 2905 sensit
442 2861 579 2917 magis
610 2859 742 2903 altera
768 2867 967 2901 nostrum
990 2873 999 2898 :
1020 2857 1131 2910 Hic,

287 2930 386 2983 illic,
403 2937 547 2972 vestro
560 2928 638 2970 sub
655 2927 763 2968 Lare
778 2941 951 2981 semper
962 2929 1095 2970 eram.
1110 2940 1132 2959 »

290 2995 388 3042 Sive
404 3003 462 3049 te,
483 2994 570 3037 sive
590 2993 773 3035 fratrem
784 2992 971 3035 colerem
985 3022 995 3043 ,
1011 3003 1132 3033 eram

290 3068 438 3102 tamen
458 3060 537 3102 sub
559 3066 702 3101 vestro
719 3057 843 3100 Lare.

346 3125 409 3183 59.
438 3127 615 3178 Qua-que
632 3132 704 3166 tua
722 3131 788 3165 est
796 3126 950 3176 phetas.
973 3121 1031 3163 Et
1054 3136 1132 3163 cu-

287 3188 476 3241 jusmodi
493 3196 591 3231 tuus
610 3197 672 3230 est
686 3204 809 3230 amor
822 3203 922 3243 erga
935 3187 1129 3229 fratrem.

289 3252 498 3295 Ostendit
515 3263 658 3296 autem
676 3286 686 3307 ,
703 3253 954 3297 Messallino
968 3269 1012 3296 se
1028 3250 1131 3294 ami-

287 3333 388 3361 cum
402 3333 490 3360 esse
504 3317 661 3360 debere
683 3335 807 3361 causa
826 3319 971 3361 fratris
985 3351 996 3371 ,
1020 3331 1130 3373 quo-

285 3399 386 3426 cum
413 3399 615 3440 magnam
639 3383 716 3427 sibi
740 3383 870 3427 fuisse
898 3382 1128 3427 amicitiam

287 3449 426 3493 docet.

1272 1426 1338 1468 61.
1365 1427 1572 1468 Emer-ills.
1597 1425 1758 1470 Amicis
1783 1426 1871 1481 jam
1900 1424 2057 1468 functis

1215 1491 1362 1536 officio
1375 1509 1474 1548 erga
1489 1493 1676 1535 amicum
1693 1525 1705 1547 ,
1722 1501 1766 1535 et
1777 1500 1923 1548 postea
1938 1490 2057 1547 quie-

1213 1556 1429 1599 scentibus
1443 1556 1531 1607 ;vel
1544 1557 1665 1600 valde
1678 1555 1988 1611 meritis.Virg.
2001 1553 2056 1597 G.

1215 1621 1259 1664 II
1270 1653 1280 1674 ,
1296 1621 1348 1663 65
1364 1637 1373 1663 :
1389 1622 1541 1664 Edam·
1550 1625 1686 1680 coryli
1692 1628 1933 1674 nascuntur,·
1943 1629 1992 1662 ut
2003 1619 2057 1663 sit

1211 1701 1361 1729 sensus
1372 1702 1383 1729 z
1396 1687 1512 1742 quod
1526 1687 1560 1730 si
1579 1687 1632 1730 de
1651 1687 1775 1730 nobis
1792 1687 1904 1730 bene
1920 1685 2058 1728 meri-

1213 1751 1264 1793 tis
1277 1751 1485 1794 debemus
1492 1767 1665 1809 semper
1678 1752 1858 1809 gratiam
1871 1749 2056 1802 referre;

1213 1815 1266 1858 ad
1282 1816 1507 1860 fortunam
1528 1827 1650 1861 tuam
1675 1816 1845 1859 felicem
1867 1815 2057 1873 pertinet

1211 1898 1347 1925 novos
1365 1883 1524 1926 amicos
1541 1899 1692 1939 parare
1706 1914 1717 1935 ,
1741 1883 1872 1925 etiam
1893 1880 1928 1924 si
1947 1878 2057 1922 nihil

1213 1947 1266 1990 de
1282 1957 1323 1991 te
1336 1949 1480 1991 meriti
1493 1957 1611 2003 sunt,
1625 1948 1744 2004 quasi
1756 1947 1912 1990 innuat
1922 1946 2057 1989 debe-

1212 2028 1259 2055 re
1277 2013 1577 2056 Messallinum
1598 2021 1772 2069 poetam
1793 2012 1871 2055 sibi
1890 2027 2062 2055 novum*

1214 2077 1402 2120 amicum
1417 2077 1645 2120 conciliare
1660 2109 1672 2131 ,
1690 2086 1733 2120 et
1748 2076 1826 2133 ipsi
1839 2077 2000 2120 favere.

1269 2144 1334 2185 62.
1356 2145 1427 2185 Sic
1443 2151 1510 2185 est
1521 2142 1803 2198 tua-fortunoe.
1823 2143 1895 2186 Sic
1914 2142 1966 2185 ad
1987 2152 2029 2186 te
2042 2175 2056 2197 ‚

1215 2208 1287 2264 qui
1302 2225 1346 2250 es
1360 2217 1512 2263 potens
1524 2240 1535 2261 ,
1562 2216 1605 2250 et
1624 2208 1757 2250 uteris
1768 2207 1948 2251 feliciori
1961 2207 2058 2250 for-

1214 2281 1319 2316 tuna
1335 2288 1464 2328 quam
1480 2288 1560 2328 ego
1572 2304 1584 2324 ,
1605 2271 1688 2314 hoc
1701 2273 2057 2328 pertinet—Pro-

1214 2341 1420 2380 merucssc.
1431 2337 1663 2381 Beneficiis
1677 2337 1921 2381 conciliasse
1937 2347 1980 2381 et
1994 2339 2059 2395 ju-

1214 2418 1334 2444 visse.

1268 2469 1333 2511 63.
1361 2471 1488 2523 Quod
1501 2476 1634 2525 optas.
1656 2470 1783 2523 optes
1796 2467 1923 2510 multi
1936 2475 2060 2510 vete-

1214 2551 1327 2577 rum.
1359 2535 1473 2592 Lege
1496 2537 1602 2591 quid
1621 2542 1738 2590 optes
1759 2549 1860 2577 cum
1887 2533 2057 2576 San-av.

1214 2600 1398 2656 Argent.
1413 2616 1475 2655 pr.
1491 2598 1651 2642 Medic.
1668 2607 1711 2641 et
1725 2598 1862 2641 tribus
1877 2597 1977 2640 aliis.
1994 2596 2056 2638 H.

1208 2689 1214 2696 =
1267 2667 1333 2720 64.
1361 2668 1420 2708 Ut
1443 2669 1528 2708 des.
1556 2665 1724 2708 Dandis
1758 2663 1892 2720 magis
1923 2678 2056 2719 quam

1215 2730 1472 2786 accipiendis
1495 2728 1717 2772 beneficiis
1737 2728 1896 2770 amicos
1919 2735 2055 2783 paret.

1268 2797 1334 2838 66.
1353 2787 1653 2852 Officz‘t'causkt.
1677 2794 1857 2835 Causam
1872 2791 2056 2847 Argent.

1213 2860 1336 2904 etalii
1347 2859 1539 2914 quinque
1556 2873 1566 2899 :
1580 2872 1658 2913 pro
1671 2859 1772 2903 dati,
1787 2854 2057 2898 Combianus

1213 2926 1342 2975 data,·
1357 2921 1583 2964 Sarravian
1590 2936 1638 2962 us
1651 2923 1755 2963 dari.
1771 2919 1897 2961 Latet
1912 2919 2030 2962 ulcus
2042 2951 2054 2973 ,

1213 2994 1286 3028 aut
1315 3001 1461 3028 versus
1486 2993 1550 3026 est
1577 2983 1759 3040 spurius.
1792 2984 1852 3026 H.
1872 3007 1926 3015 —
1947 2986 2058 3026 Esse

1211 3065 1383 3093 causam
1397 3048 1533 3107 officii
1546 3051 1643 3090 dati
1652 3051 1856 3102 pluribus.
1877 3049 1943 3090 Te
1965 3053 2064 3090 esse'

1211 3131 1381 3159 causam
1398 3148 1409 3170 ,
1429 3114 1545 3172 quod
1558 3114 1702 3171 plures
1719 3114 1932 3157 beneficia
1950 3128 2059 3156 con-

1210 3184 1344 3227 secuti
1364 3183 1542 3226 fuerint.
1568 3183 1697 3225 MER.
1720 3205 1774 3214 -—
1793 3180 1937 3237 Officii
1953 3196 2057 3222 cau-

1211 3266 1314 3292 sam.
1345 3248 1432 3291 Alii
1462 3249 1612 3305 legunt
1650 3247 1799 3304 Officii
1818 3262 1952 3289 causa
1973 3253 2057 3288 etc.

1210 3323 1259 3356 ut
1274 3315 1328 3357 sit
1346 3330 1495 3357 sensus
1517 3322 1561 3356 et
1579 3312 1688 3355 ordo
1709 3311 1940 3354 verborum
1962 3325 1972 3351 :
1992 3307 2054 3350 id-

1211 3395 1294 3435 que
1315 3379 1415 3422 facis
1446 3381 1461 3432 (
1478 3378 1564 3421 scil.
1587 3386 1635 3420 ut
1655 3377 1777 3432 plura
1794 3375 1868 3418 des
1883 3371 2055 3416 benefi-

1210 3441 1274 3488 cia
1284 3476 1296 3499 ,
1312 3442 1444 3502 quam
1457 3443 1663 3501 accipias)
1679 3451 1722 3487 et
1738 3449 1950 3499 quantum
1965 3455 2052 3484 me-
