2280 3776
321 309 425 361 282

778 311 843 363 P.
895 309 1191 365 OVIDII
1244 312 1621 369 NASONIS

314 422 554 503 Tempus
584 422 652 482 ad
682 422 785 481 hoc
813 423 1004 495 nobiS‚
1034 439 1245 507 repetas
1273 426 1399 488 licet
1423 430 1628 502 omnia,
1660 429 1871 494 nullum

399 519 645 590 Profuit,
674 535 835 601 atque
864 520 1074 581 utinam
1102 545 1214 582 non
1243 525 1553 586 nocuisset!
1583 552 1739 611 opus.

317 616 431 675 Cur
456 616 624 694 igitur
652 617 922 678 scribam?
950 620 1160 682 miraris
1187 647 1199 681 :
1224 624 1394 682 miror
1421 638 1474 684 et
1502 625 1652 707 ipse;

395 714 469 771 Et
494 735 704 773 mecum
735 737 918 795 quaero
943 738 1082 799 saepe
1099 764 1113 788 ‚
1146 718 1278 800 quid
1304 719 1432 779 inde
1456 721 1639 782 feram.
2016 741 2069 783 30

313 807 401 865 An
427 806 666 888 populus
694 831 815 868 vere
845 832 1007 869 sanos
1036 827 1198 889 negat
1227 834 1340 872 esse
1369 829 1561 895 poetas
1580 852 1614 886 ‚-

393 904 634 987 Sumque
662 904 793 966 fides
819 905 985 992 hujus
1013 907 1244 969 maxima
1266 910 1412 969 vocis
1440 914 1588 989 ego?

315 1001 462 1079 Qui,
495 1002 663 1062 sterili
693 1003 855 1063 toties
885 1028 1055 1086 quum
1085 1004 1185 1065 sim
1218 1005 1476 1087 deceptus
1502 1007 1573 1067 ab
1603 1032 1760 1080 arm,

389 1100 667 1161 Damnosa
696 1117 881 1184 persto
913 1103 1144 1163 condere
1172 1125 1352 1163 semen
1379 1105 1567 1165 hum0.

312 1195 529 1257 Scilicet
558 1213 639 1258 est
670 1198 902 1281 cupidus
933 1199 1239 1260 studiorum
1271 1202 1503 1285 quisque
1532 1225 1791 1274 suorum;
2012 1221 2064 1263 35

386 1292 628 1375 Tempus
659 1307 712 1353 et
739 1294 957 1355 adsueta
987 1318 1192 1377 ponere
1216 1295 1276 1355 in
1305 1311 1417 1356 arte
1442 1297 1611 1378 juvat.

306 1387 533 1450 Saucius
563 1390 732 1470 ejurat
762 1415 1003 1472 pugnam
1034 1390 1332 1469 gladiator3
1364 1406 1419 1451 at
1446 1391 1618 1464 idem,

384 1487 678 1546 Immemor
705 1487 918 1569 antiqui
946 1486 1212 1560 vulneris,
1240 1511 1386 1548 arma
1414 1488 1593 1571 capit:

303 1581 396 1642 Nil
426 1583 529 1643 sibi
559 1608 680 1644 cum
707 1584 887 1668 pelagi
917 1585 1049 1645 dicit
1078 1586 1193 1646 fore
1222 1586 1521 1665 naufragus
1544 1585 1742 1658 undis3

383 1680 518 1740 Mox
550 1680 699 1741 ducit
726 1705 932 1756 remoS‚
967 1708 1073 1766 qua
1098 1683 1268 1744 modo
1294 1684 1472 1756 navit,
1505 1706 1661 1766 aqua.
2007 1699 2062 1755 4ο

302 1773 390 1833 Sic
419 1798 522 1853 ego
551 1791 861 1838 constanter
892 1778 1135 1839 studium
1164 1803 1280 1839 non
1308 1776 1440 1840 utile
1471 1802 1661 1861 carpo;

380 1875 454 1932 Et
482 1889 669 1956 repeto
688 1922 702 1948 ‚
729 1875 931 1935 nollem
962 1901 1097 1959 quas
1125 1875 1358 1937 coluisse
1375 1923 1389 1948 ,
1422 1878 1583 1936 Deas.

300 1969 456 2048 Quid
484 1970 668 2052 potius
697 1970 923 2032 faciam?
944 1997 1058 2032 non
1086 1997 1235 2044 sum,
1272 1973 1366 2055 qui
1394 1972 1578 2050 segnia
1609 1972 1802 2031 ducam

384 2066 512 2126 Otia
542 2091 554 2126 ε
580 2091 728 2128 mors
756 2069 919 2128 nobis
948 2083 1163 2152 tempus
1188 2070 1423 2129 habetur
1451 2069 1612 2128 iners.

301 2223 402 2263 ager
420 2206 595 2261 fertilis,
628 2207 662 2250 si
691 2223 793 2250 eum
821 2207 957 2260 colas,
989 2224 1139 2252 semen

299 2271 514 2314 creditum
535 2271 864 2328 multiplicatum
885 2271 1029 2315 reddit
1049 2288 1059 2314 :
1081 2271 1139 2315 ita

299 2336 526 2393 ingenium
545 2337 735 2390 bonum,
757 2336 791 2379 si
807 2353 934 2390 cura,
959 2337 1139 2380 medita-

299 2401 360 2444 tio
375 2433 386 2454 ,
406 2401 598 2444 studium
615 2401 888 2456 accesserint,
905 2401 1031 2459 longe
1046 2417 1139 2443 eva-

298 2463 373 2511 det
392 2465 643 2509 foecundius.
666 2467 716 2509 P.

351 2548 415 2588 27.
445 2532 618 2586 Tempus
636 2534 699 2574 ad
710 2534 790 2574 boc
809 2535 930 2576 nobis
942 2566 953 2585 ‚
975 2542 1138 2588 repetas

294 2597 393 2639 licet
409 2600 571 2645 omnia,
611 2599 778 2639 nullum.
811 2597 1100 2641 Scribendum
1125 2632 1137 2654 ,

298 2659 509 2716 quidquid
532 2660 628 2703 libri
654 2670 821 2703 veteres
849 2661 1134 2705 dissentiunt:

297 2742 318 2761 «
340 2725 560 2782 Tempore
590 2725 640 2768 ad
673 2726 755 2769 hoc
782 2726 906 2770 nobis
926 2759 938 2781 ,
968 2736 1136 2782 repetas

295 2791 395 2834 licet
426 2791 574 2835 omnia
590 2824 601 2844 ‚
634 2791 756 2834 nullo
778 2790 977 2846 Profuit,
1005 2802 1134 2849 atque

296 2854 462 2898 utinam
479 2871 571 2898 non
591 2856 828 2899 nocuisset!
852 2872 1006 2912 opus.»
1019 2857 1136 2899 H.—

294 2919 450 2963 Nescio
477 2936 554 2962 cur
580 2924 736 2963 nullum
763 2921 1024 2964 mutandum
1052 2921 1132 2965 sit:

294 2983 393 3027 licet
411 2984 531 3028 enim
551 2986 667 3028 varia
684 2986 875 3029 carmina
894 2986 1127 3042 scripserit,

295 3050 464 3092 nullum
475 3059 621 3093 tamen
633 3050 710 3093 sibi
725 3050 775 3093 ad
788 3050 870 3094 hoc
880 3066 1015 3107 usque
1029 3058 1133 3092 tem-

297 3131 375 3170 pus
397 3116 607 3171 profuisse
627 3115 742 3159 dicit.
772 3116 843 3159 Sic
871 3115 916 3159 in
943 3114 1133 3159 secundo

297 3179 507 3222 Tristium
521 3189 715 3225 recenset
727 3197 858 3237 opera
869 3197 944 3223 sua
955 3213 967 3235 ,
983 3179 1028 3223 in
1042 3180 1134 3236 qui-

296 3246 375 3288 bus
406 3247 534 3288 etiam
562 3240 708 3291 laudes
738 3247 917 3291 Caesaris
945 3255 1132 3291 cantatas

300 3310 422 3365 dicit,
447 3311 522 3353 sed
540 3311 709 3354 nullum
727 3313 918 3356 fructum
940 3313 1041 3356 inde
1060 3330 1133 3357 ce-

299 3375 362 3430 pit
382 3408 393 3429 ,
426 3375 562 3418 immo
591 3385 740 3418 contra
769 3377 816 3419 in
848 3378 954 3421 Arte
977 3378 1131 3435 scripta

298 3441 472 3485 exitium
490 3441 924 3499 sibireperit.BUR1v1.

1277 2209 1338 2251 28.
1365 2209 1490 2263 Opus.
1505 2204 1657 2249 Libros
1670 2204 1722 2248 de
1740 2203 1847 2247 Arte
1869 2202 2057 2246 Amandi

1220 2271 1427 2327 designat.

1273 2338 1340 2379 30.
1351 2338 1412 2379 Et
1419 2343 1550 2379 tecum
1566 2349 1698 2391 qua-ro
1707 2349 1834 2388 saepe,
1848 2334 1951 2389 quid
1962 2335 2058 2376 inde

1211 2409 1366 2456 petam.
1380 2402 1443 2444 Et
1452 2417 1608 2443 mecum
1624 2416 1756 2456 quaro
1774 2397 1973 2441 nonnulli
1987 2414 2058 2441 ve-

1218 2475 1330 2509 teres
1346 2498 1358 2520 ,
1378 2473 1422 2509 et
1426 2465 1594 2521 fieren&
1615 2473 1664 2507 ut
1679 2462 1794 2507 infra
1808 2479 1865 2506 vs.
1887 2465 1935 2507 81
1956 2478 2001 2505 t«
2020 2462 2056 2505 si

1218 2540 1260 2574 te
1280 2531 1479 2574 distantia
1495 2530 1622 2586 longe
1636 2528 1862 2573 Pleiadum
1876 2527 2055 2571 laudent

1216 2597 1337 2655 signa
1351 2630 1363 2652 ‚
1386 2595 1489 2653 quid
1507 2595 1608 2639 inde
1627 2593 1772 2638 feras?
1789 2613 1810 2636 η
1832 2595 1892 2637 Η.

1271 2663 1336 2705 32.
1351 2658 1780 2716 Sum'maxt'mafides.
1796 2659 1907 2702 Sum
1921 2656 2055 2701 maxi-

1216 2743 1356 2781 mum,
1368 2725 1482 2783 quod
1495 2734 1633 2782 poetae
1645 2725 1731 2768 sint
1743 2723 1897 2778 insani,
1911 2738 2054 2766 exem-

1216 2793 1353 2849 plum:
1368 2791 1460 2847 qui,
1484 2804 1620 2846 quum
1638 2784 1840 2831 carminis
1853 2802 1976 2829 causa
1989 2801 2053 2828 re-

1214 2858 1378 2914 legatus
1390 2855 1472 2899 sim
1488 2886 1500 2908 ‚
1520 2853 1659 2897 adhuc
1673 2867 1847 2896 carmen
1863 2850 2016 2894 scribo.

1269 2921 1335 2962 33.
1355 2919 1426 2962 Ab
1445 2934 1543 2960 arvo
1560 2919 1702 2960 sterili.
1723 2915 1762 2957 A
1777 2913 1927 2958 studiis
1946 2929 2054 2971 poe-

1215 2987 1326 3039 ticis,
1345 3000 1439 3041 quae
1459 2984 1630 3027 nullum
1644 2981 1751 3025 mihi
1766 2982 1960 3025 fructum
1981 2980 2053 3023 ad-

1215 3053 1366 3096 tulere.

1267 3118 1331 3176 39.
1355 3118 1486 3159 Dz‘ce‘l.
1507 3117 1634 3158 Jurat
1652 3129 1763 3156 unus
1785 3111 1968 3156 Heinsii.

1267 3183 1332 3235 41.
1353 3181 1537 3223 Studium
1555 3195 1637 3221 non
1653 3181 1754 3222 utile
1770 3193 1897 3221 servo.
1918 3178 2051 3230 Carpo

1212 3265 1283 3292 sex
1303 3246 1427 3299 libri;
1455 3245 1499 3289 id
1528 3254 1592 3290 est
1620 3242 1905 3302 reprehendo.
1927 3242 2049 3285 H.—

1216 3313 1322 3354 Curo
1341 3327 1470 3354 unus.

1266 3378 1330 3429 44.
1369 3377 1544 3429 Tempus
1573 3377 1694 3416 iners.
1728 3372 1921 3426 Tempus
1952 3367 2043 3410 sine

1211 3442 1294 3484 ulla
1316 3440 1628 3485 exercitatione.
