2280 3776
259 278 366 347 428

741 282 806 333 Ρ.
853 281 1147 338 ov1n11
1191 255 1619 341 NAsoms‘

341 396 421 454 Ut
446 394 697 485 minuant
725 394 876 456 nulla
907 399 1105 475 gaudia
1132 415 1287 484 parte
1315 400 1539 463 malum.

257 493 396 551 Eece
426 491 590 549 domo
610 538 624 562 ,
654 492 940 575 patriaque
971 519 1157 558 carens
1176 543 1192 568 ‚
1218 495 1505 579 oculisque
1534 521 1810 575 meorum,

338 588 649 666 Naufragus
676 588 735 647 in
766 589 944 650 Getici
973 590 1148 652 litoris
1176 608 1329 654 actus
1361 617 1554 677 aquas3

259 685 414 763 Qua,
452 698 637 744 tamen
666 685 872 759 inveni,
907 684 1120 749 vultum
1151 689 1490 764 diffundere,
1517 707 1760 766 causam,

343 783 568 842 Possem
586 830 600 854 ‚
629 783 865 845 fortunae
893 810 994 847 nec
1022 788 1333 848 meminisse
1358 812 1505 850 meae.
1985 824 2032 852 ιο

257 880 396 937 Nam
426 879 591 951 mihi,
625 905 796 962 quum
824 881 972 944 fulva
998 884 1172 945 tristis
1197 885 1464 967 spatiarer
1487 908 1675 962 arena,

338 972 469 1033 Visa
501 988 582 1034 est
610 1000 640 1034 a
671 990 824 1054 tergo
849 1000 1026 1058 penna
1057 977 1269 1040 dedisse
1295 1003 1510 1041 sonum.

256 1067 517 1150 Respicio
545 1095 557 1129 z
582 1094 680 1130 nec
709 1096 911 1156 corpus
942 1089 1056 1134 erat
1083 1075 1236 1158 quod
1266 1098 1484 1137 cernere
1513 1099 1769 1159 possem:

335 1165 518 1226 Verba
548 1181 729 1229 tamen
761 1185 890 1230 sunt
914 1170 1029 1231 haec
1058 1195 1189 1232 aure
1216 1186 1433 1256 recepta
1463 1195 1619 1234 mea:
1663 1183 1673 1196 ‘

252 1258 341 1316 En
369 1282 471 1338 ego
500 1260 745 1323 laetarum
776 1265 935 1324 venio
968 1266 1072 1325 tibi
1101 1267 1296 1326 nuntia
1319 1289 1502 1328 rerum
1522 1314 1537 1340 ‚
1987 1286 2033 1327 15

332 1355 499 1416 Fama
526 1382 625 1441 per
650 1360 941 1422 immensas
968 1385 1089 1422 aere
1117 1361 1271 1446 lapsa
1295 1363 1428 1428 viaS.

255 1450 498 1513 Consule
528 1456 795 1540 Pompeio
815 1505 829 1531 ‚
865 1483 976 1542 quo
1007 1484 1120 1520 non
1150 1460 1256 1520 tibi
1283 1460 1461 1520 carior
1483 1458 1646 1534 alter,

336 1550 621 1614 Candidus
650 1569 704 1614 et
731 1554 861 1616 felix
888 1556 1177 1639 proximus
1204 1582 1381 1619 annus
1409 1558 1528 1618 erit.

251 1646 409 1708 Dixit
435 1675 447 1709 ε
475 1666 559 1723 et,
591 1668 654 1712 ut
683 1651 807 1715 laeto
832 1655 1078 1716 Pontum
1105 1679 1328 1716 rumore
1355 1653 1611 1738 replevit,
1653 1730 1657 1734 ι

328 1746 420 1805 Ad
448 1764 638 1826 gentes
667 1750 802 1812 alias
831 1751 960 1812 hinc
989 1754 1105 1811 Dea
1133 1751 1298 1811 vertit
1322 1751 1443 1810 iter.
1963 1747 2034 1812 '20

251 1838 330 1898 At
356 1840 521 1914 mihi,
553 1842 778 1927 dilapsis
809 1845 952 1906 inter
979 1869 1122 1906 nova
1152 1845 1350 1924 gaudia
1379 1845 1524 1906 curis
1544 1891 1559 1916 ‚

329 1939 552 1999 Excidit
581 1943 845 2025 asperitas
872 1943 1038 2024 hujus
1068 1943 1261 2026 iniqua
1287 1942 1413 2002 loci.

250 2036 400 2114 Ergo
428 2037 557 2109 uhi,
586 2040 725 2099 Jane
754 2039 945 2121 biceps
965 2086 980 2111 ,
1008 2037 1237 2115 longum
1267 2037 1589 2098 reseraveris
1610 2058 1814 2098 annum
1831 2084 1845 2109 ‚

332 2132 541 2193 Pulsus
570 2149 625 2194 et
651 2159 680 2194 a
712 2158 865 2196 sacro
895 2145 1081 2194 mense
1108 2133 1393 2194 december
1414 2134 1513 2194 erit
1536 2158 1548 2206 ;

303 2292 342 2336 6.
379 2295 441 2337 Ut
455 2300 645 2338 minuant
663 2298 782 2337 nulla
798 2297 959 2350 gaudia
972 2302 1095 2349 parte

248 2360 416 2401 malum.
450 2358 687 2417 Eleganter
725 2360 887 2416 Regius
929 2359 1064 2404 codex
1081 2394 1092 2410 ,

250 2439 272 2460 «
289 2423 356 2466 Ut
372 2425 573 2468 minuant
586 2425 704 2468 nulla
717 2424 870 2482 gaudia
881 2441 985 2481 pace
1006 2441 1096 2468 ma-

249 2486 356 2530 lum.
387 2506 408 2526 »
446 2489 511 2533 Ita
541 2489 697 2547 passim
719 2506 867 2546 pacem
882 2523 894 2544 ‚
918 2499 961 2533 et
982 2499 1102 2534 tutus

247 2560 297 2594 ut
308 2568 398 2597 esse
410 2554 564 2609 possit,
581 2564 704 2612 rogat
721 2562 767 2598 et
779 2563 899 2612 optat
910 2555 956 2598 in
975 2555 1042 2598 his
1056 2555 1102 2598 li-

249 2616 351 2660 bris.
365 2618 577 2663 Attamen
594 2619 811 2676 vulgatam
831 2635 1001 2663 servare
1024 2619 1100 2662 de-

251 2681 326 2725 bui
341 2715 353 2738 ,
375 2684 551 2741 reliquis
577 2685 814 2728 tuentibus.

310 2764 345 2804 7.
380 2749 604 2806 Oculis-que
623 2765 815 2793 meorum.
839 2750 898 2794 Et
914 2765 1100 2807 praesen-

248 2813 306 2856 tia
327 2815 582 2859 amicorum.
602 2816 675 2860 Sic
700 2815 792 2860 Cic.
806 2816 859 2859 ad
881 2816 1099 2860 Familiar.

257 2880 412 2923 Oculos
441 2885 589 2924 sallem
620 2881 877 2938 effugiamus
898 2884 1062 2925 illorum
1079 2915 1092 2934 ‚

252 2948 298 2986 si
304 2960 426 2987 aures
438 2962 520 3006 non
533 2963 768 3000 possumus.

306 3025 347 3069 9.
385 3013 551 3054 Vultum
586 3011 835 3068 dtsfundere.
874 3011 1098 3055 Gaudium

255 3073 467 3119 diffundit
477 3076 650 3132 spiritus
660 3110 671 3131 ,
693 3086 738 3120 et
750 3076 852 3120 hinc
865 3077 996 3120 etiam
1009 3075 1101 3126 vul->

255 3146 364 3181 tum.
398 3140 592 3184 Tristitia
617 3150 769 3185 contra
796 3141 970 3198 spiritus
995 3155 1098 3185 con-

254 3202 388 3246 trahit
414 3220 515 3247 cum
537 3207 674 3250 vultu.
697 3208 748 3251 P.

313 3285 329 3310 1
342 3285 376 3310 1.
405 3272 541 3313 Fulva
554 3288 695 3315 arena.
711 3273 764 3315 In
785 3272 910 3316 litore
931 3271 1096 3315 Tomi-

257 3340 375 3375 tano.

284 3398 344 3441 16.
366 3399 510 3454 Lapsa
520 3403 626 3443 vias.
640 3400 780 3444 Lassa
794 3405 902 3445 vices
916 3418 979 3457 pr.
992 3401 1093 3446 edit.

1237 2294 1298 2336 18.
1316 2295 1427 2336 Erit.
1449 2295 1559 2336 Erat
1572 2308 1686 2335 unus
1699 2310 1710 2345 3
1724 2300 1797 2336 eat
1806 2293 1952 2338 Vatic.
1968 2310 2031 2353 ¹9·

1239 2373 1301 2416 ¹9·
1332 2359 1461 2401 Lato.
1493 2359 1613 2401 Moto
1646 2355 1791 2400 Servii
1809 2374 1820 2408 3
1851 2360 2032 2400 clamore

1182 2422 1305 2465 Leid.
1322 2421 1510 2466 Putean.
1523 2429 1569 2466 et
1586 2421 1714 2478 prim.
1733 2420 1837 2464 edit.

1224 2488 1304 2531 .23.
1333 2489 1525 2544 Longum
1544 2503 1710 2531 annum.
1737 2488 1924 2543 Longum
1944 2485 2032 2530 ad—

1183 2554 1339 2611 pellat,
1353 2571 1405 2598 ex
1417 2553 1580 2614 affectu
1597 2563 1738 2612 poetae
1748 2586 1760 2608 ,
1780 2554 1850 2598 cui
1864 2570 1954 2611 prae
1968 2552 2032 2596 ni-

1181 2619 1272 2662 mio
1293 2618 1510 2673 desiderio
1529 2617 1678 2664 tardus
1705 2628 1750 2664 et
1770 2619 1942 2677 longior
1961 2619 2030 2662 vi-

1182 2684 1314 2728 detur
1328 2684 1534 2742 incipere.
1550 2683 1686 2735 Anni,
1703 2683 1930 2728 communi
1950 2683 2027 2727 La-

1181 2749 1378 2793 tinorum
1395 2749 1613 2794 sententia
1628 2781 1642 2803 ‚
1665 2758 1752 2792 tres
1762 2757 2031 2792 tantummo-

1181 2814 1238 2858 do
1279 2830 1470 2859 numero
1509 2814 1804 2872 reperiuntur.
1845 2815 2026 2856 lunaris

1181 2879 1362 2937 quidem
1396 2880 1590 2936 primus,
1614 2877 1818 2922 omnium
1850 2878 2027 2922 brevis-

1180 2944 1344 2999 simus,
1378 2943 1453 3001 qui
1482 2943 1661 3000 triginta
1691 2942 1865 2986 dierum
1891 2943 2030 2999 spatio

1179 3020 1355 3053 cursum
1366 3006 1558 3064 perfecte
1573 3007 1751 3064 peragit.
1764 3008 1924 3050 Solatis
1937 3041 1948 3059 ,
1973 3006 2029 3050 de

1179 3090 1270 3131 quo
1285 3073 1518 3129 saepissime
1538 3081 1678 3129 poetae
1697 3073 1908 3130 loquutur
1922 3105 1934 3127 ,
1952 3072 2028 3129 qui

1179 3156 1258 3197 per
1276 3155 1447 3183 menses
1479 3138 1723 3184 duodecim.
1749 3139 1808 3182 Et
1829 3154 2025 3195 magnus,

1180 3205 1254 3261 qui
1268 3203 1500 3248 duodecim
1511 3203 1644 3247 millia
1655 3220 1892 3258 annorum,
1906 3203 2025 3259 quin-

1179 3279 1332 3328 gentos
1350 3278 1394 3312 et
1409 3269 1723 3326 quinquaginta
1738 3269 1952 3312 continet.

1235 3337 1300 3390 24.
1322 3337 1367 3378 A
1386 3350 1509 3378 sacro
1529 3349 1679 3377 mense.
1708 3334 1748 3376 A
1781 3331 1993 3377 Januario
2009 3362 2022 3384 ,

1179 3402 1253 3456 qui
1286 3417 1405 3445 sacer
1436 3409 1530 3445 erat
1559 3401 1677 3444 Jano
1702 3399 1814 3445 Deo.
1839 3420 1892 3431 —-
1930 3398 2026 3439 Erit
