2280 3776
325 236 426 289 160

792 236 858 289 P.
905 236 1198 292 OVIDII
1241 238 1618 295 NASONIS

314 353 389 411 Et
417 349 511 432 qui
542 350 786 410 Caesareo
812 351 1033 430 juvenes
1065 354 1169 412 sub
1197 355 1419 414 nomine
1449 369 1728 429 crescunt,

396 448 669 528 Perpetuo
702 461 869 505 terras
898 461 962 505 ut
992 447 1187 510 domus
1215 451 1318 510 ista
1345 466 1527 529 regat:

2032 485 2082 514 Π)

314 542 563 622 Cumque
590 539 755 599 bonis
783 540 1015 600 nuribus
1046 566 1148 625 pro
1179 546 1386 628 sospite
1413 545 1566 605 Livia
1594 560 1726 606 nato

396 640 629 699 Munera
659 638 749 697 det
777 637 1012 711 meritis,
1046 664 1185 724 saepe
1213 643 1403 702 datura
1422 691 1436 715 ‚
1467 644 1632 703 Deis:

311 735 386 794 Et
409 733 612 815 pariter
642 746 871 805 matreS‚
902 748 956 793 et
988 758 1108 816 quae
1134 736 1250 796 sine
1278 737 1501 797 crimine
1525 752 1703 798 castos

392 830 661 911 Perpetua
688 844 902 889 servant
925 830 1234 908 virginitate
1264 833 1436 893 focos.

311 925 485 986 Plebs
513 927 604 1008 pia
621 974 636 999 ‚
669 951 896 1009 cumque
923 927 1015 1009 pia
1040 927 1291 988 laetentur
1317 929 1477 1011 plebe
1505 944 1755 1002 senatuS‚
2030 947 2079 990 εἴ»
2154 944 2156 946 ’

393 1023 672 1106 Parvaque
699 1024 852 1105 eujus
883 1048 1027 1085 eram
1053 1048 1181 1108 pars
1205 1049 1307 1103 ego
1334 1048 1542 1108 nuper,
1573 1050 1754 1109 eques,

310 1118 431 1178 Nos
463 1118 656 1201 procul
687 1118 944 1201 expulsos
973 1121 1280 1180 communia
1307 1120 1504 1199 gaudia
1531 1120 1756 1194 fallunt,

393 1216 665 1298 Famaque
694 1231 802 1276 tam
828 1216 989 1295 longe
1018 1241 1134 1277 non
1160 1218 1268 1277 nisi
1295 1241 1460 1300 parva
1485 1218 1648 1277 venit.

311 1314 463 1391 Ergo
495 1315 674 1375 omnis
701 1317 907 1397 poterit
930 1315 1173 1398 populus
1202 1331 1446 1399 spectare
1476 1316 1813 1399 triumphOS‚

397 1411 646 1494 Cumque
675 1413 877 1472 ducum
907 1413 1084 1473 titulis
1119 1414 1323 1496 oppida
1353 1428 1510 1497 capta
1538 1412 1682 1492 leget
1706 1438 1719 1486 ;
2026 1442 2079 1472 20

310 1506 615 1590 Vinclaque
641 1509 851 1590 captiva
876 1532 1031 1587 reges
1062 1510 1266 1570 cervice
1295 1525 1568 1588 gerenteS‚

394 1603 541 1662 Ante
568 1618 863 1662 coronatos
892 1603 971 1661 ire
998 1602 1207 1662 videbit
1237 1596 1441 1685 equos;

311 1701 386 1759 Et
414 1714 596 1759 cernet
624 1698 809 1758 vultus
839 1698 958 1758 aliis
985 1722 1087 1781 pro
1117 1714 1361 1782 tempore
1391 1692 1612 1774 versos,

366 1871 406 1912 9.
436 1854 518 1895 Sub
540 1856 702 1894 nomine
718 1854 913 1906 gaudent.
935 1851 1071 1895 Unde
1095 1852 1156 1895 il-

312 1917 388 1960 lud
406 1921 590 1973 gaudent
603 1917 648 1959 in
663 1926 788 1960 notas
803 1917 967 1973 Micylli
988 1917 1159 1960 venerit

314 1981 460 2024 nescio
481 1997 491 2024 :
508 1981 596 2037 ipse
613 2013 624 2035 ,
647 1989 696 2023 ut
715 1997 869 2024 omnes
888 1982 978 2024 aliae
999 1980 1159 2024 editio-

316 2062 409 2101 nes,
421 2047 466 2089 in
477 2062 554 2088 sua
566 2046 770 2104 expressit
781 2051 982 2088 crescunt.
994 2046 1156 2088 BURM.

375 2128 436 2153 11.
461 2114 563 2154 Cum
588 2114 707 2153 bom's
734 2114 914 2153 nuribus.
941 2110 1035 2168 Ego
1064 2127 1155 2154 non

316 2176 506 2229 Tiberii,
537 2183 611 2218 aut
637 2174 771 2219 Drusi
796 2191 948 2218 uxores
971 2176 1156 2232 accipio,

315 2260 453 2300 quum
473 2242 638 2286 Tiberii
660 2258 756 2298 quae
778 2251 870 2285 erat
889 2243 919 2285 J
923 2243 1006 2285 ulia
1026 2242 1158 2286 vide-

315 2309 414 2352 licet
429 2341 440 2362 ‚
455 2307 641 2363 Augusti
655 2307 764 2361 filia,
785 2308 873 2364 jam
887 2307 1074 2364 relegata
1093 2324 1158 2350 es-

314 2381 404 2416 set:
424 2371 499 2415 sed
518 2371 770 2415 Germanici
792 2381 835 2415 et
857 2372 990 2415 Drusi
1011 2372 1160 2428 junio-

313 2438 371 2481 ris
385 2471 398 2492 ,
414 2453 600 2493 quorum
616 2437 737 2480 alteri
752 2437 990 2494 Agrippina
1003 2470 1014 2492 ,
1029 2437 1158 2481 Juliae

316 2511 360 2546 et
384 2502 587 2560 Agrippae
612 2501 727 2554 filia3
755 2502 878 2544 alteri
906 2501 1160 2545 Germanici

314 2583 438 2610 soror
451 2567 592 2621 Livia,
610 2576 745 2622 nupta
760 2575 875 2620 erat,
895 2574 944 2609 ut
957 2583 1008 2609 ex
1020 2566 1160 2610 Taciti

314 2633 434 2676 Ann.
450 2632 470 2674 I
485 2641 528 2674 et
540 2631 586 2675 ΙΙ
599 2630 878 2674 manifestum
893 2640 968 2674 est.
988 2631 1159 2674 Dicun-

313 2705 386 2739 tur
409 2704 555 2738 autem
577 2710 712 2736 nurus
731 2710 821 2735 non
848 2703 1018 2737 tantum
1038 2711 1060 2737 a
1082 2711 1159 2751 pa-

313 2760 509 2804 rentibus
527 2759 784 2801 maritorum
798 2790 810 2812 ,
831 2759 906 2802 sed
926 2768 970 2802 et
987 2761 1038 2802 ab
1059 2761 1160 2804 avis.

374 2843 436 2868 12.
477 2827 653 2867 Munera
689 2828 773 2866 dat.
807 2826 895 2866 Det
923 2825 1123 2869 meliores
1144 2843 1156 2878 ;

316 2902 434 2938 recte
464 2908 474 2934 :
501 2900 544 2934 et
577 2907 678 2933 mox
706 2895 865 2934 laetetur
894 2907 973 2947 pro
997 2895 1162 2935 letatur

314 2958 479 3009 iidem;
504 2956 590 2999 duo
611 2964 757 2998 tamen
776 2960 980 2999 letantur.
1007 2957 1154 3000 Scribe

315 3024 511 3064 laetentur.
534 3020 594 3062 H.

375 3085 437 3128 13.
455 3086 679 3138 Etpart‘ter
691 3092 854 3128 matres.
872 3085 945 3129 Ob
960 3084 1068 3127 filios
1086 3099 1157 3126 so-

316 3150 458 3207 spites.
476 3148 617 3202 Malo,
641 3150 754 3192 Dent
763 3154 947 3205 parilem
973 3163 1069 3206 quae
1088 3163 1157 3190 re-

315 3216 468 3271 petitio
484 3230 660 3258 sensum
681 3216 937 3273 erigit.-—Et
949 3232 1036 3274 quae
1052 3218 1155 3257 sine.

316 3280 526 3328 Vestales.

293 3375 297 3381 -
376 3348 439 3388 15.
465 3346 589 3388 Plebs
610 3349 690 3398 pia
704 3377 716 3399 ‚
747 3361 918 3400 cumque
938 3347 1028 3400 pia.
1055 3344 1157 3390 No·

1239 1853 1371 1897 tanda
1387 1862 1451 1898 est
1464 1854 1678 1898 traductio
1695 1853 1842 1896 similis
1859 1852 1918 1895 illi
1936 1851 2082 1895 Catul-

1238 1919 1387 1974 lianae,
1418 1920 1464 1962 in
1496 1919 1754 1976 Epithalam.
1780 1936 1802 1955 κ
1828 1918 1952 1960 Bona
1976 1933 2078 1961 cum

1237 1984 1352 2027 bona
1367 1984 1504 2028 Nubit
1524 1984 1622 2027 alite
1640 1983 1786 2040 virgo:
1810 2001 1830 2021 »
1853 1991 1980 2040 atque
2001 1983 2079 2026 fa-

1237 2047 1413 2091 miliaris
1428 2057 1493 2091 est
1505 2048 1575 2093 illa
1592 2048 1754 2104 species
1775 2058 1822 2092 τῆ
1826 2068 1842 2096 ς
1855 2054 2078 2102 παλιλογιόις

1238 2113 1370 2157 etiam
1391 2112 1559 2156 Plauto.
1580 2113 1760 2156 BERSM.

1298 2178 1359 2221 16.
1394 2178 1523 2231 Cujus
1552 2194 1627 2233 ego
1655 2194 1784 2233 nuper
1811 2179 1933 2220 eratn'
1945 2195 2080 2233 parva

1230 2259 1347 2299 pars.
1376 2243 1479 2286 Fuit
1502 2242 1621 2285 enim
1641 2241 1825 2285 Ovidius
1853 2259 1982 2299 eques
1999 2275 2011 2297 ,
2034 2251 2079 2286 et

1238 2308 1427 2365 equestri
1451 2316 1571 2351 ortus
1589 2307 1764 2350 familia.

1298 2377 1358 2419 18.
1391 2378 1489 2419 Non
1509 2379 1598 2418 nisi
1612 2391 1747 2430 parua
1774 2379 1897 2418 venit.
1927 2374 2078 2418 Scribe

1237 2441 1361 2482 tarda
1381 2443 1522 2491 venit,·
1552 2454 1655 2481 nam
1668 2455 1804 2494 parva
1827 2437 1954 2494 paulo
1976 2445 2077 2479 ante

1238 2511 1524 2560 praecesserat.
1543 2503 1684 2547 Possit
1695 2512 1738 2546 et
1751 2519 1845 2545 sera
1860 2502 1964 2558 legi,
1983 2500 2048 2542 vel
2061 2532 2074 2552 ,

1238 2582 1363 2620 rara;
1394 2567 1470 2610 sed
1501 2567 1640 2624 prima
1667 2568 1917 2623 conjectura
1943 2565 2077 2621 magis
2126 2589 2132 2593 -

1240 2632 1421 2675 adridet.
1442 2633 1502 2675 H.
1750 2686 1752 2689 ι
1849 2685 1851 2688 .

1298 2714 1360 2756 ¹9·
1379 2699 1492 2752 Ergo
1518 2702 1652 2741 omnis
1675 2700 1864 2753 populus.
1890 2697 1958 2739 En
1986 2696 2074 2739 duo
2101 2735 2110 2746 ,

1239 2770 1405 2805 veteres
1420 2778 1432 2813 ς
1452 2778 1563 2804 unus
1575 2795 1587 2816 ,
1605 2763 1698 2805 Sic:
1716 2770 1866 2804 metuo
1878 2777 1933 2804 ne
1947 2777 2077 2804 men·-

1239 2827 1346 2870 dum
1362 2827 1503 2870 lateat.
1529 2827 1587 2869 H.

1292 2906 1359 2933 20.
1383 2893 1558 2946 Cumque
1572 2892 1720 2933 ducum
1739 2893 1886 2933 titulis.
1904 2888 2078 2946 Captivi

1237 2963 1281 2998 et
1318 2955 1409 2997 loca
1446 2953 1703 3011 imaginibus
1737 2954 1989 3011 scriptisque
2029 2953 2077 2996 in

1237 3018 1508 3076 triumphum
1530 3019 1852 3063 deferebantur.
1874 3021 2075 3076 Propert.

1236 3094 1278 3127 et
1296 3088 1431 3127 tilulis
1455 3087 1607 3140 oppida
1627 3093 1752 3140 capta
1772 3089 1919 3140 legam.
1945 3085 2074 3126 RIER.

1292 3168 1357 3191 22.
1375 3150 1490 3192 Ante
1503 3159 1734 3193 coronatos.
1746 3148 2017 3205 Triumphan
2023 3149 2077 3191 tis

1236 3231 1414 3259 currum
1425 3215 1654 3259 trahebant
1668 3216 1768 3272 equi
1785 3214 1956 3258 candidi
1971 3229 2076 3269 qua-

1236 3289 1358 3325 tuor:
1372 3281 1444 3338 qui
1460 3290 1504 3324 et
1517 3281 1595 3338 ipsi
1607 3281 1729 3340 lauro
1741 3280 2075 3338 coronabantur.

1290 3347 1357 3390 23.
1383 3349 1533 3394 Vultus
1563 3362 1715 3392 versos.
1739 3346 1900 3395 Vultus
1928 3352 2074 3388 muta-
