2280 3776
0 127 16 193 Ἧκ-

557 313 670 368 Ex
712 310 1008 367 PoNTo
1046 310 1205 365 ΜΒ.
1250 311 1298 363 1.
1343 306 1617 364 Ems‘r.
1658 310 1704 362 1.
1904 313 2010 386 257

261 429 422 489 Mors
451 427 613 487 faciet
639 442 812 492 certe.
839 449 908 486 ne
936 426 1061 497 sim,
1095 448 1263 507 quum
1293 424 1523 497 venerit,
1554 422 1735 496 exsul;
1964 442 2020 486 65

342 526 423 584 Ne
450 549 563 585 non
591 523 882 608 peccarim,
907 546 1056 583 mors
1085 544 1302 604 quoque
1327 544 1439 580 non
1466 519 1640 582 faciet.

262 620 355 682 Nil
382 621 551 699 igitur
576 619 772 681 mirum
792 666 806 692 ‚
840 619 884 679 si
914 642 1064 679 mens
1096 617 1231 678 mihi
1264 617 1442 677 tabida
1470 618 1608 679 sacta

343 715 427 774 De
456 715 578 775 nive
605 713 874 775 manantis
903 736 1052 773 more
1082 710 1336 795 liquescit
1363 735 1530 794 aquae.

264 812 436 871 Estur
463 825 527 870 ut
555 809 766 871 occulta
790 810 976 870 vitiata
1004 809 1241 870 teredine
1270 809 1418 869 navis
1443 832 1455 880 ;

347 906 613 990 AEquorei
638 905 897 990 scopulos
928 920 991 966 ut
1017 905 1167 967 cavat
1193 904 1339 966 unda
1365 904 1525 978 salis;
1971 934 2025 978 7⁰

267 1002 507 1064 Roditur
533 1019 597 1064 ut
624 1004 813 1064 scabra
841 1003 1085 1087 positum
1113 1002 1368 1080 rubigine
1399 1003 1632 1073 serrum;

349 1101 621 1162 Conditus
651 1116 715 1162 ut
743 1101 898 1162 tineae
924 1100 1166 1184 carpitur
1192 1123 1284 1160 ore
1316 1099 1456 1160 liber
1480 1125 1493 1171 ;

265 1198 358 1257 Sic
384 1221 501 1259 mea
527 1212 823 1282 perpetuos
855 1220 1104 1258 curarum
1131 1211 1353 1280 pectora
1380 1219 1627 1267 morsm,

346 1295 478 1356 Fine
509 1295 710 1377 quibus
739 1293 894 1354 nullo
925 1293 1316 1365 conficiantur,
1349 1294 1571 1354 habent.

266 1390 379 1449 Nec
402 1389 556 1472 prius
584 1388 643 1449 hi
667 1403 903 1448 mentem
934 1386 1170 1460 stimuli,
1204 1411 1368 1470 quam
1394 1388 1529 1458 vita,
1561 1386 1896 1470 relinqucut;
1981 1407 2034 1463 75

305 1526 307 1528 -
351 1484 577 1568 Quique
603 1484 781 1558 dolet,
816 1484 1007 1555 citiuS,
1040 1507 1203 1565 quam
1234 1480 1421 1552 dolor,
1455 1482 1570 1564 ipse
1600 1481 1769 1543 cadet.

273 1580 397 1641 Hoc
424 1579 561 1640 mihi
590 1579 634 1640 si
664 1579 888 1662 Superi,
920 1600 1158 1659 quorum
1187 1600 1376 1637 sumus
1410 1577 1619 1648 omnia,
1653 1575 1898 1648 credent,

351 1678 602 1738 Forsitan
633 1677 822 1754 exigua
854 1676 1054 1752 dignus
1081 1674 1331 1735 habebor
1358 1697 1460 1757 ope
1483 1698 1495 1745 ;

271 1778 450 1859 Inque
475 1774 658 1836 locum
689 1774 946 1857 Scythico
977 1797 1204 1834 vacuum
1232 1772 1491 1833 mutabor
1517 1772 1587 1833 ab
1618 1796 1746 1833 arcu
1773 1798 1784 1832 :

325 1941 393 1986 65.
412 1943 529 1986 Mors
537 1941 680 1998 saciet
696 1949 812 1984 certe.
834 1942 952 1983 Mors
969 1942 1116 1983 ultima

264 2024 396 2064 pena
413 2015 488 2052 est.
511 2007 672 2052 Lucan.
694 2006 808 2051 vlu
825 2039 837 2061 ‚
858 2007 951 2065 395.

326 2073 392 2117 65.
413 2075 479 2116 Ne
494 2089 577 2116 non
585 2076 794 2128 peccarim
803 2105 812 2119 ,
840 2086 950 2113 mors
961 2086 1117 2127 quoque

272 2153 354 2180 non
368 2137 520 2193 sack-t.
548 2136 711 2180 Versus
741 2135 807 2179 hic
835 2143 991 2192 praeter
1019 2149 1115 2176 rem

272 2211 358 2251 est.
384 2211 428 2246 et
447 2210 605 2259 praeter
623 2202 917 2245 Nasonianam
939 2200 1117 2256 elegan-

273 2267 391 2310 tiam.
401 2266 657 2311 Procedens
675 2267 803 2310 etiam
818 2264 1115 2323 suspectus.H.

328 2332 396 2389 67.
415 2333 510 2375 Non
525 2335 654 2387 igitur
669 2336 811 2374 mirum
830 2341 896 2375 es!
905 2365 915 2380 ,
943 2335 988 2373 si
1003 2346 1118 2373 mens

274 2413 367 2440 mea
382 2399 528 2440 tabida
538 2396 680 2451 sacta.
703 2397 755 2438 Si
767 2411 881 2438 mens
892 2398 1016 2443 mihi,
1032 2395 1061 2437 J
1064 2410 1117 2436 u·-

277 2461 435 2506 nianus
451 2477 462 2512 ;
480 2469 567 2503 tres
585 2459 656 2502 alii
674 2492 684 2512 ‚
707 2462 788 2503 Ni!
802 2463 930 2514 rjqitur
948 2464 1117 2503 mirum:

279 2522 518 2582 utrumque
538 2525 663 2568 bene.
686 2524 852 2567 Hnms.

332 2591 399 2635 68.
417 2593 486 2632 De
497 2593 588 2632 nive
602 2593 827 2631 manantis.
843 2586 1124 2631 contabescit

278 2654 452 2698 animus
463 2668 587 2696 meus
598 2684 609 2706 ,
623 2660 667 2694 et
679 2651 827 2694 dolore
838 2651 1120 2707 colliquescit,

282 2731 333 2766 ut
352 2723 425 2764 nix
452 2720 505 2764 ad
533 2719 735 2762 ardorem
757 2719 869 2762 solis.
894 2720 943 2762 P.
962 2720 1124 2762 -Εὖτε

284 2792 382 2844 χιὼν
402 2790 452 2836 ὥς
473 2806 530 2835 τις
557 2787 775 2829 accersi-obem
797 2787 937 2846 μακρόν
961 2783 1021 2842 ὑφ’
1043 2786 1125 2829 Αἶ-

284 2871 366 2907 μον.
387 2850 574 2894 Theocr.
603 2849 728 2908 Idyn.
753 2849 840 2892 VII
856 2881 867 2902 ,
891 2864 948 2891 vs.
975 2849 1049 2903 763
1081 2855 1126 2890 et

286 2915 412 2974 Idyll.
425 2915 671 2969 ΧΧῙΠ,Ἷ8.
683 2914 732 2956 31
753 2930 762 2956 Ξ
777 2905 808 2957 A
825 2919 864 2957 δὲ
876 2918 974 2969 χιὼν
988 2914 1099 2955 λευκὰ
1111 2943 1123 2965 ,

287 2987 352 3024 καὶ
368 2981 522 3024 rim-ou
545 2981 655 3024 ἁνίκα
674 2987 815 3042 παχθῇ.

331 3046 399 3104 69.
415 3048 575 3090 Vitiata
581 3049 760 3090 teredine
767 3050 900 3088 navis.
910 3045 1018 3087 Haec
1026 3059 1127 3086 vera

286 3110 497 3167 scriptura
514 3119 602 3164 est,
625 3127 754 3166 quam
776 3110 974 3152 meliores
990 3124 1129 3151 mem-

289 3177 438 3219 branae
454 3175 684 3219 adstruunt
698 3193 708 3227 ;
727 3190 955 3232 perperam
967 3175 1035 3217 alii
1045 3191 1130 3229 pu-

290 3246 458 3286 tredine.
486 3242 704 3284 Robertus
737 3241 1054 3285 Constantinus
1084 3241 1129 3283 in

294 3307 448 3349 Lexico
478 3321 583 3348 voce
614 3297 746 3357 ὀζῆνα
775 3305 950 3361 corrigit
980 3308 1132 3347 vitista

291 3373 474 3414 teredine
493 3376 608 3413 naris
633 3387 645 3413 .·
674 3369 846 3414 insulse.
870 3371 993 3414 Inter
1015 3379 1133 3414 tere-

292 3436 445 3481 dinem
458 3446 501 3480 et
516 3437 676 3480 tineam
692 3436 774 3481 hoc.
791 3437 971 3480 interest
984 3469 996 3488 ,
1016 3435 1134 3492 quod

491 3507 639 3563 VII.

1196 1939 1329 1983 altera
1346 1939 1398 1982 sit
1421 1939 1588 1982 marina
1602 1971 1616 1992 ‚
1638 1939 1772 1984 altera
1798 1942 2038 1991 ter-residu

1196 2003 1294 2047 vide
1326 2003 1518 2048 Plinium
1538 2037 1549 2059 ,
1583 2002 1654 2047 lib.
1683 2005 1792 2050 XVI
1809 2038 1821 2060 ,
1852 2022 1942 2062 cap.
1978 2023 2038 2051 ια.

1205 2070 1362 2111 Tenedo
1385 2068 1537 2112 eadem
1560 2085 1655 2126 quae
1685 2072 1858 2113 Termes.
1879 2070 2041 2114 Graecis

1198 2139 1281 2195 τερῆ
1291 2139 1387 2184 &aa-23
1407 2133 1619 2187 Isidorus,
1638 2135 1827 2193 Etymol.
1842 2135 1910 2178 lib.
1924 2137 2014 2180 ΧΠ
2027 2169 2039 2189 ‚

1198 2216 1287 2256 cap.
1306 2205 1342 2245 5.
1359 2202 1499 2247 Versu
1515 2200 1711 2257 proximo
1726 2200 1816 2257 lege
1829 2234 1840 2254 ,
1854 2217 1954 2244 cum
1971 2217 2044 2244 ca-

1198 2266 1488 2322 stigatioribus
1501 2266 1666 2321 scriptis
1683 2281 1692 2307 :
1705 2268 2039 2320 AEquoreisalttr.

1200 2346 1288 2390 non
1299 2333 1524 2387 AEquoreos
1534 2332 1738 2383 scopulos.
1747 2330 1792 2372 H
1798 2353 1861 2371 .—
1869 2332 2043 2374 Violata

1200 2395 1384 2438 Putean.

1257 2477 1319 2516 7¹·
1340 2462 1507 2502 Ferrum
1533 2463 1718 2514 rub114r1'ne
1737 2462 1904 2503 roditur.
1927 2459 2041 2504 Cato

1202 2525 1255 2568 de
1281 2527 1346 2569 Re
1373 2526 1549 2570 Rustica
1575 2542 1585 2570 :
1606 2528 1771 2569 Ferrum
1800 2529 1943 2582 rubigo
1970 2532 2046 2581 in,-

1202 2595 1360 2648 terficit.

1260 2673 1322 2713 ¹72·
1342 2659 1543 2711 Carpitur.
1559 2655 2047 2700 Consumitur.—Cura-

1204 2740 1291 2765 rum
1313 2739 1484 2766 morsus.
1522 2722 1663 2767 Curas
1690 2726 1842 2766 edaces
1864 2722 2051 2779 adpellat

1206 2788 1363 2831 Horat.
1385 2788 1462 2831 Gr.
1488 2794 1743 2844 Supoffoexczg,
1765 2792 2005 2850 Supossc'foug.

1263 2869 1324 2909 77.
1342 2855 1438 2895 Hoc
1451 2855 1560 2896 mihi
1569 2854 1786 2909 siSuperi,
1805 2870 1970 2909 quorum
1986 2869 2051 2896 su·

1207 2937 1297 2963 mus
1313 2925 1472 2970 omnia,
1492 2922 1671 2963 credent.
1694 2919 1812 2963 Cave
1832 2935 2017 2975 reponas
2033 2951 2045 2973 ,

1206 3001 1374 3041 quorum
1398 2993 1498 3027 sunt
1519 2990 1686 3034 omnia,
1710 3000 1846 3040 quum
1868 3000 1947 3040 pro
1967 3000 2048 3028 re-

1207 3057 1330 3104 cepta
1355 3047 1565 3104 scriptura
1594 3056 1640 3090 et
1667 3047 1835 3091 codices
1860 3049 2015 3091 vetusti
2033 3081 2046 3102 ,

1209 3122 1253 3155 et
1265 3112 1353 3168 ipsa
1367 3112 1476 3154 ratio
1493 3121 1701 3168 pugnent.
1719 3113 2046 3167 H.—SiSuperi‚

1208 3193 1376 3233 quorum
1401 3192 1554 3218 sumus.
1586 3177 1633 3219 Si
1654 3176 1755 3229 Dii,
1787 3176 1833 3218 iu
1851 3192 2052 3235 'quorum

1211 3257 1307 3284 sum
1321 3249 1530 3296 potestate
1544 3257 1554 3283 ε
1570 3240 1815 3296 Augustum
1829 3248 1976 3283 autem
1990 3241 2052 3283 la-

1213 3314 1358 3349 tenter
1375 3304 1588 3361 intelligit.

1271 3384 1333 3427 79.
1343 3371 1394 3411 In
1407 3373 1541 3412 locum
1551 3384 1738 3411 vacuum.
1754 3369 1808 3412 In
1822 3368 1965 3412 locum
1980 3385 2054 3413 ca-

1213 3443 1387 3478 rentem
1407 3450 1511 3479 areu
1528 3432 1732 3492 Scythico
1754 3449 1766 3476 z
1787 3433 1871 3476 hoc
1893 3443 1981 3486 est,
2004 3434 2051 3477 in

1755 3525 1818 3577 ¹7
