2280 3776
300 336 415 406 246*

747 342 810 392 P.
868 339 1164 396 OVIDII
1218 342 1597 400 NASONIS

294 457 423 513 Non
456 477 556 531 ego
586 454 799 514 divitias
830 454 1008 515 dando
1039 458 1142 518 tibi
1170 458 1328 541 plura
1358 461 1652 522 dedissem:

376 550 469 610 Nil
497 550 631 610 feret
657 550 726 611 ad
752 575 936 629 manes
965 552 1147 614 divitis
1173 556 1368 616 umbra
1399 581 1545 617 suOS.

295 645 554 727 Perpetui
582 645 821 704 fructum
849 646 1044 706 donavi
1069 651 1340 723 nominis;
1371 653 1568 734 idque,

378 742 508 819 Quo
537 741 663 799 dare
692 741 770 800 nil
799 743 958 824 potui
986 768 1206 806 munere
1230 749 1434 829 majus,
1467 749 1661 809 habes.'

295 838 479 909 Adde,
513 838 695 920 quod,
728 855 791 899 ut
817 864 997 901 rerum
1025 842 1140 903 sola
1168 868 1224 904 es
1254 845 1425 906 tutela
1451 871 1723 919 mearum,
2009 861 2058 908 15

374 936 466 995 Ad
494 952 546 996 te
573 961 686 996 non
716 938 869 1019 parvi
898 938 1044 998 venit
1069 939 1298 1000 honoris
1327 966 1499 1003 onus:

298 1032 468 1112 Quod
493 1057 775 1115 nunquam
803 1058 909 1094 vox
936 1050 1018 1096 est
1047 1036 1111 1096 de
1139 1051 1192 1097 te
1218 1061 1336 1098 mea
1364 1053 1544 1112 muta,
1574 1039 1763 1122 tuique

376 1129 609 1190 Judiciis
640 1129 807 1191 debes
834 1154 950 1192 esse
980 1134 1218 1215 superba
1244 1135 1362 1193 viri.

299 1225 436 1304 Quae
453 1272 466 1297 ,
497 1250 566 1286 ne
598 1227 719 1309 quis
744 1229 922 1310 possit
950 1231 1229 1290 temeraria
1258 1230 1465 1302 dicere,
1493 1246 1721 1313 praesta:

378 1323 454 1380 Et
480 1323 685 1405 pariter
711 1347 860 1384 serva
889 1348 1083 1407 meque
1100 1373 1115 1399 ‚
1144 1327 1401 1409 piamque
1428 1326 1621 1405 fidem,
2011 1358 2063 1386 20

296 1419 437 1478 Nam
466 1433 559 1477 tua
576 1466 590 1490 ‚
626 1419 756 1479 dum
784 1420 1060 1494 stetimuS‚
1095 1422 1245 1504 turpi
1275 1424 1390 1483 sine
1417 1424 1639 1485 crimine
1665 1425 1894 1498 mansit,

380 1517 456 1574 Et
481 1513 697 1575 laudem
723 1516 970 1598 probitas
999 1518 1375 1600 irreprehensa
1404 1519 1546 1581 tulit.v

298 1611 406 1671 Par
435 1612 618 1672 eadem
648 1628 835 1673 nostra
859 1638 1007 1674 nunc
1035 1629 1117 1675 est
1144 1615 1250 1675 sibi
1279 1614 1421 1676 facta
1446 1615 1628 1676 ruina:

380 1709 757 1790 Conspicuum
785 1711 959 1772 virtus
984 1712 1075 1771 hic
1105 1726 1198 1773 tua
1223 1727 1398 1795 ponat
1426 1736 1586 1795 opus.

297 1805 435 1864 Esse
451 1804 654 1865 bonam
667 1806 823 1868 facile
839 1823 943 1880 est,
967 1809 1092 1882 ubi,
1107 1809 1260 1891 quod
1275 1823 1419 1870 vetet
1432 1833 1574 1883 esse,
1596 1800 1870 1869 remotum
1882 1822 1989 1882 est,
2010 1825 2063 1868 25

300 1962 472 2005 mitatis.
493 1987 546 1996 —
564 1966 615 2006 In
631 1972 765 2020 parte.
790 1965 947 2021 Quum
968 1981 1143 2009 mecum

303 2027 502 2070 dolenter
521 2028 634 2072 feras
654 2029 849 2072 exsilium
868 2046 1031 2074 meum.

359 2108 421 2135 11.
441 2094 537 2134 Noa
553 2109 628 2147 ego
645 2095 815 2135 divitias
834 2095 986 2136 dando.
1006 2093 1146 2152 Disti-

300 2155 415 2198 chon
450 2165 566 2199 notae
598 2157 782 2199 minime
814 2158 973 2213 probae.
1009 2159 1071 2200 H.
1090 2182 1146 2191 —-

301 2222 442 2263 Plura.
467 2220 620 2275 Quam
641 2221 753 2264 dedi.
775 2220 983 2278 Intelligit
996 2229 1144 2265 autem

300 2286 430 2330 famae
450 2286 836 2332 immortalitatem.

359 2353 421 2394 13.
442 2354 639 2406 Perpetui
636 2351 827 2406 fructum
848 2361 929 2396 etc.
953 2352 1055 2397 Non
1073 2352 1146 2396 in-

301 2416 583 2459 termorietur
602 2431 768 2459 nomen
792 2426 918 2460 tuum
932 2449 943 2471 ,
967 2424 1147 2474 propter

304 2480 593 2523 aeternitatem
610 2480 874 2537 scriptorum
891 2495 1108 2523 meorum.

359 2551 422 2590 15.
453 2548 577 2589 Adde
593 2579 605 2598 ,
633 2549 748 2602 quod
765 2554 808 2590 et
829 2563 961 2589 rerum
987 2549 1082 2589 sola
1101 2561 1148 2588 es

303 2616 432 2673 tutela
444 2628 635 2656 mearum.
651 2614 790 2656 Solam
801 2617 931 2656 tutela
942 2631 1006 2670 pr.
1018 2613 1146 2657 Polit.

307 2686 352 2720 et
374 2676 461 2720 duo
479 2677 547 2719 alii
566 2693 576 2720 z
594 2692 641 2720 es
656 2693 786 2719 rerum
798 2681 894 2720 sola
909 2684 952 2721 et
966 2677 1146 2721 Junian.

307 2743 456 2789 Scribe
472 2759 483 2787 :
499 2760 520 2781 «
535 2742 662 2786 Adde
676 2743 793 2800 quod
806 2776 818 2798 ‚
835 2753 886 2787 ut
896 2760 1046 2787 rerum
1058 2744 1147 2787 sola

304 2828 349 2855 es
369 2809 503 2853 tutela
523 2826 735 2853 mearum.
752 2828 774 2847 »
797 2811 857 2853 H.

363 2877 424 2919 16.
447 2878 562 2918 Onus
577 2891 659 2918 non
667 2878 792 2930 parvi
806 2876 985 2918 honoris.
1006 2873 1147 2930 Quasi

308 2942 420 2986 dicat
444 2958 455 2985 ι
485 2941 679 2998 quamvis
707 2941 761 2983 sit
792 2956 901 2984 onus
942 2950 987 2984 et
1023 2940 1147 2983 labor

306 3023 375 3050 res
401 3022 520 3049 meas
546 3006 684 3060 tueri,
705 3014 855 3049 tamen
876 3006 960 3048 erit
984 3019 1154 3061 magno·

304 3068 477 3113 honori.

366 3151 427 3192 19·
460 3137 619 3178 Persia.
648 3135 885 3178 Persevera
915 3132 963 3176 in
994 3147 1143 3175 amore

305 3198 534 3252 conjugali.
552 3198 711 3241 Melius
721 3205 901 3252 praesta,
925 3196 1060 3240 effice.

359 3278 408 3303 22
415 3294 423 3302 .
436 3262 497 3303 Et
509 3269 665 3304 tantum
671 3266 861 3316 probitas
869 3263 1145 3316 irreprehensa

291 3327 394 3382 suit.
409 3328 468 3369 Et
484 3329 647 3368 tandem
668 3327 818 3382 primae
836 3326 1046 3369 editiones
1061 3343 1072 3378 ;
1085 3327 1149 3368 Et

303 3397 423 3433 tanta
450 3406 512 3446 pr.
536 3390 662 3433 Polit.
691 3406 755 3445 pr.
779 3389 912 3434 Palat.
942 3399 986 3433 et
1017 3387 1146 3432 multi

306 3455 373 3498 alii
387 3471 397 3499 ς
413 3455 500 3500 duo
513 3464 586 3500 tua
600 3471 708 3501 nunc
723 3471 735 3500 .·
750 3455 855 3501 alius
870 3459 1000 3501 tanti:
1018 3454 1142 3500 Rich.

1226 1976 1268 2009 et
1282 1969 1454 2010 Bonon.
1473 1975 1611 2010 tante.
1632 1966 1781 2010 Scribe
1797 1982 1808 2009 ε
1826 1983 1847 2004 «
1866 1966 1925 2009 Et
1936 1966 2065 2010 famae

1223 2032 1412 2088 probitas
1424 2028 1725 2088 irreprehensa
1732 2031 2066 2086 fuit.»H.—N0-

1222 2105 1356 2140 stram
1368 2097 1463 2140 lect.
1475 2105 1623 2139 tuetur
1636 2098 1790 2140 Burm.
1808 2112 1940 2152 quem
1952 2096 2066 2141 vide.

1279 2160 1345 2202 23.
1365 2162 1455 2202 Par
1470 2176 1527 2203 ca
1551 2163 1603 2203 de
1626 2168 1772 2203 nostra
1795 2177 1880 2203 non
1902 2168 1969 2203 est
1991 2164 2074 2204 tibi

1213 2224 1344 2280 sacta
1354 2228 1489 2268 ruina.
1504 2227 1593 2267 Par
1607 2227 1750 2267 eadem
1759 2258 1770 2276 ,
1799 2234 1844 2268 et
1855 2242 1962 2268 nunc
1980 2231 2066 2279 est,

1225 2290 1353 2334 multi
1376 2299 1545 2333 veteres
1568 2307 1578 2334 z
1607 2298 1817 2347 praeterea
1845 2293 1936 2332 sibi
1954 2305 2068 2332 unus

1226 2354 1454 2398 Mediceus
1482 2363 1527 2397 et
1558 2354 1725 2397 Moreti
1753 2353 1897 2397 codex.
1926 2354 2067 2411 Lege:

1228 2437 1250 2457 «
1272 2419 1359 2462 Par
1391 2418 1546 2462 eadem
1573 2427 1722 2461 nostra
1750 2427 1963 2462 nunc-est
1988 2418 2070 2461 sibi

1225 2484 1341 2528 facta
1364 2485 1520 2537 ruina;
1550 2502 1573 2522 »
1597 2485 1665 2528 vel
1687 2488 1777 2528 Par
1793 2501 1846 2527 ea
1865 2492 1968 2540 post
1982 2500 2068 2526 no-

1226 2554 1356 2591 stram
1379 2553 1540 2592 ruinam
1558 2583 1570 2601 ‚
1594 2549 1662 2592 vel
1682 2557 1785 2604 post
1803 2559 1953 2592 nostrae
1961 2548 2068 2602 fata

1225 2616 1382 2665 ru1‘noe3
1407 2629 1511 2655 nam
1529 2621 1678 2656 nostra·
1697 2622 1790 2656 erat
1809 2613 1855 2655 in
1876 2612 2067 2655 Gottor-

1226 2678 1400 2734 phiano.
1422 2680 1482 2722 H.
1497 2704 1552 2713 -
1571 2681 1623 2723 In
1649 2690 1797 2723 nostra
1827 2680 1956 2722 ruina
1988 2694 2067 2734 pa-

1226 2759 1322 2786 rem
1350 2754 1393 2787 te
1427 2744 1652 2797 ostendisti
1674 2760 1685 2788 :
1707 2745 1775 2787 vel
1797 2759 1947 2800 parem
1972 2743 2065 2798 ejus

1227 2807 1576 2852 demonstrandae
1603 2808 1872 2851 occasionem
1892 2808 2038 2851 habes.

1280 2875 1345 2925 24.
1357 2876 1630 2928 Conspicuam
1638 2876 1770 2916 virtus
1775 2875 1845 2916 hic
1854 2881 1928 2915 tua
1932 2879 2069 2928 ponat

1224 2954 1340 2993 opus.
1363 2938 1484 2980 Malo
1513 2941 1638 2980 tollat
1658 2953 1795 2991 onus,·
1819 2938 1914 2991 vel,
1947 2938 2065 2994 quod

1224 3011 1398 3058 praestat
1409 3035 1422 3057 ,
1434 3005 1590 3058 prodat
1600 3018 1715 3058 opus.
1728 3004 2066 3048 Rama—Con-

1223 3072 1422 3122 spicuam.
1449 3066 1588 3123 Quasi
1618 3067 1854 3124 quamdam
1877 3077 2064 3111 statuam

1224 3148 1343 3175 nunc
1361 3131 1439 3175 tibi
1456 3132 1617 3175 virtute
1637 3134 1711 3175 tua
1729 3134 1844 3190 erige
1859 3166 1871 3186 ,
1896 3132 2066 3189 conspi-

1224 3211 1350 3238 cuam
1362 3196 1575 3239 omnibus.
1592 3197 1794 3241 PONT.—
1802 3200 1952 3242 Virtus.
1967 3198 2062 3240 Tua

1224 3260 1332 3304 fides
1350 3260 1599 3318 conjugalis.

1280 3328 1344 3368 25.
1370 3328 1479 3368 Esse
1503 3329 1654 3369 bonam
1662 3326 1804 3381 facile
1825 3334 1901 3370 est.
1931 3328 2063 3369 Casta

1224 3397 1307 3441 est,
1325 3406 1446 3445 quam
1464 3407 1580 3433 nemo
1599 3395 1829 3446 rogavit.—
1835 3391 1936 3440 Ubi,
1953 3393 2067 3445 quod

1225 3462 1348 3502 vetat.
1371 3458 1489 3503 Vetet
1501 3455 1712 3504 meliores.
1734 3457 1792 3500 H.
1811 3479 1863 3491 -
1881 3458 2059 3501 Bonam.
