2280 3776
479 339 589 394 EX
629 336 923 394 PONTO
964 337 1121 391 LIB.

245 495 898 502 --—--.—-—-—-—--——————--

1167 337 1257 391 11.
1303 335 1573 392 EPIST.
1617 336 1767 390 v11.
1898 336 2002 405 345

1722 493 2003 501 —.—-——-—-—-

745 608 1273 681 EPISTOLA
1327 611 1507 681 VII.

1030 752 1217 771 W

935 901 1311 963 ATTICO.

829 1170 1427 1223 ARGUMENTUM.

240 1296 307 1342 Ut
329 1295 383 1340 de
410 1296 652 1341 amicorum
674 1297 761 1342 fide
783 1314 1106 1356 nonnunquam
1137 1298 1388 1343 subdubitet
1405 1331 1417 1353 ‚
1448 1297 1549 1342 inde
1575 1297 1671 1341 fieri
1694 1304 1843 1342 narrat
1862 1305 1986 1355 poeta
2005 1331 2015 1350 ‚

295 1364 410 1424 quod
431 1366 651 1411 continuis
675 1368 930 1413 vulneretur
960 1368 1152 1413 sortuuae
1185 1368 1352 1413 ictibus.
1384 1367 1518 1411 Attici
1552 1368 1840 1412 constantiam
1871 1365 2019 1410 solatia

292 1435 372 1480 sibi
391 1434 495 1481 dare
517 1435 676 1494 adjicit.

243 1560 443 1647 ESSE
472 1584 765 1648 salutatum
793 1587 912 1649 vult
942 1603 994 1649 te
1022 1612 1140 1649 mea
1168 1586 1323 1648 litera
1354 1587 1594 1671 primum

322 1684 374 1743 A
402 1682 542 1750 male
568 1686 807 1769 pacatis,
838 1687 1050 1758 Attice,
1082 1686 1245 1747 missa
1280 1686 1451 1746 Getis,

242 1778 498 1842 Proxima
529 1782 913 1866 subsequitur,
947 1782 1081 1866 quid
1107 1806 1263 1860 agas,
1292 1781 1481 1842 audire
1511 1780 1767 1865 voluptas
1792 1806 1804 1841 :

321 1879 397 1939 Et
428 1879 501 1952 si,
530 1881 795 1965 quicquid
825 1905 979 1960 agas,
1014 1880 1086 1942 sit
1118 1879 1220 1939 tibi
1251 1903 1378 1939 cura
1406 1878 1529 1938 mei.

238 1974 352 2035 Nec
380 1974 577 2036 dubito
607 1979 740 2061 quin
771 1978 844 2039 sit
871 2002 883 2050 3
918 1977 1013 2038 sed
1038 2000 1124 2037 me
1153 1975 1320 2035 timor
1348 1975 1465 2057 ipse
1494 1972 1760 2035 malorum

319 2073 474 2157 Saepe
508 2097 876 2158 supervacuos
900 2074 1051 2154 cogit
1074 2072 1276 2134 habere
1301 2086 1499 2133 metus.

237 2165 326 2228 Da
352 2168 592 2241 veniam,
627 2194 812 2253 quaeso
833 2216 848 2243 ,
879 2169 1162 2251 nimioque
1191 2168 1416 2245 ignosce
1449 2166 1633 2227 timori
1659 2192 1671 2226 :

317 2263 668 2346 Tranquillas
694 2266 856 2326 etiam
886 2265 1181 2344 naufragus
1211 2263 1398 2323 horret
1422 2287 1606 2345 aquas.

241 2356 358 2437 Qui
385 2357 551 2417 semel
579 2375 660 2420 est
685 2358 847 2420 laesus
875 2359 1055 2420 fallaci
1083 2359 1251 2440 piscis
1275 2359 1345 2419 ab
1376 2359 1572 2430 ham0,

323 2444 605 2515 Omnibus
634 2477 777 2513 unca
805 2452 946 2512 cibis
974 2476 1079 2513 aera
1105 2454 1330 2514 subesse
1358 2469 1533 2537 putat.
1967 2487 2015 2515 ιο

239 2555 395 2638 Saepe
424 2576 612 2614 canem
637 2551 804 2630 longe
832 2550 1010 2611 visum
1036 2551 1183 2628 fugit
1205 2574 1373 2629 agna,
1401 2549 1705 2634 lupumque

323 2649 544 2722 Credit,
577 2664 632 2710 et
657 2649 778 2732 ipsa
801 2671 955 2709 suam
978 2647 1159 2708 nescia
1188 2647 1325 2707 vitat
1352 2670 1530 2731 opem.

240 2745 498 2806 Membra
525 2743 885 2806 reformidant
907 2741 1129 2803 mollem
1160 2764 1385 2825 quoque
1413 2741 1595 2803 saucia
1626 2755 1830 2802 tactum
1856 2766 1870 2801 :

270 2909 275 2914 ·
294 2888 333 2931 3.
357 2890 474 2943 Quid
483 2904 591 2944 agas
610 2890 756 2931 audite
771 2890 978 2931 voluntas.
1000 2889 1086 2930 Vo-

240 2954 449 3008 luptasrex
467 2953 728 2997 melioribus.
743 2953 910 2996 Hssms.

270 3038 276 3043 ·
295 3019 336 3071 4.
359 3018 420 3060 Et
431 3022 552 3062 modo
574 3021 773 3076 quicquid
792 3034 901 3075 agas
926 3022 988 3061 sit
1008 3021 1092 3061 tibi

241 3094 344 3125 cura
366 3086 458 3127 mei.
477 3082 647 3126 SarraV.
670 3091 714 3126 et
746 3081 835 3125 duo
865 3082 933 3125 alii
961 3083 1022 3125 Et
1045 3085 1092 3124 si

239 3148 345 3203 quid
354 3151 449 3201 agis
469 3151 529 3189 sit
546 3179 558 3198 ,
587 3147 744 3190 omisso
762 3156 815 3207 τῷ
826 3149 978 3200 'modo‚·
1005 3162 1084 3202 pro

241 3226 331 3268 quo
369 3210 440 3253 alii
475 3213 576 3253 bene
606 3227 708 3254 cum
743 3211 1082 3269 Argentinensi;

241 3278 314 3322 alii
331 3278 453 3333 jam,
479 3278 547 3322 vel
569 3285 634 3330 tu,
661 3278 730 3322 vel
754 3294 882 3330 nunc,
905 3287 950 3322 et
968 3279 1085 3322 simi-

239 3342 309 3388 lia.
323 3342 472 3388 Scribe
486 3375 498 3397 ,
523 3345 655 3394 Etsi,
681 3346 880 3399 quicquid
891 3361 1013 3400 ages,
1029 3348 1105 3389 sit·

241 3412 440 3452 tt‘bicura
460 3412 551 3451 mei.
567 3407 713 3464 Atque
735 3408 794 3451 ita
813 3417 899 3452 tres
912 3409 1083 3466 scripti;

245 3472 328 3518 nisi
355 3473 471 3532 quod
495 3474 539 3518 in
560 3473 610 3519 iis
626 3490 733 3530 agas
752 3491 765 3518 .·
786 3483 928 3532 posset
954 3475 1086 3521 etiam

1167 2885 1321 2941 reponi
1338 2917 1350 2939 ‚
1374 2903 1396 2922 α
1419 2885 1498 2929 Est
1516 2886 1629 2930 bene
1645 2919 1657 2941 ,
1677 2885 1883 2943 quicquid
1898 2902 2011 2944 agas,

1165 2949 1199 2993 si
1227 2949 1303 2992 tibi
1323 2965 1426 2993 cura
1443 2951 1530 2994 mei
1549 2960 1624 2994 est.
1645 2969 1667 2989 »ι
1686 2952 1851 2995 Hssms.

1222 3016 1260 3057 5.
1288 3015 1375 3058 Sed
1385 3032 1450 3058 me
1467 3021 1592 3060 timot
1603 3022 1695 3072 ipse
1718 3021 1917 3060 malorum
1932 3026 2013 3061 etc.

1167 3083 1269 3127 Non
1283 3081 1336 3125 de
1352 3083 1634 3139 praesentibus
1645 3083 1768 3127 malis
1780 3082 1912 3127 exsilii
1922 3092 2011 3127 tan-

1167 3157 1262 3191 tum
1281 3146 1639 3204 intelligendum,
1656 3148 1732 3191 sed
1757 3148 1812 3192 de
1834 3149 2014 3206 quibus-

1165 3228 1354 3268 cumque
1371 3229 1383 3263 ;
1404 3220 1452 3255 ut
1472 3212 1527 3256 sit
1547 3229 1696 3257 sensus
1715 3229 1727 3255 :
1745 3212 1832 3257 Sed
1854 3213 2010 3266 timor,

1166 3294 1254 3335 quo
1283 3277 1466 3321 subinde
1500 3278 1580 3322 alia
1603 3287 1732 3336 atque
1754 3278 1834 3322 alia
1860 3280 1974 3322 mala
1999 3313 2012 3334 ,

1167 3359 1302 3400 eaque
1330 3360 1382 3387 ex
1408 3344 1531 3387 omni
1562 3353 1684 3402 parte
1721 3345 1883 3399 timeo,
1909 3344 2012 3393 facit

1167 3420 1216 3454 ut
1235 3411 1395 3455 multos
1407 3428 1748 3469 supervacaneos
1770 3422 1911 3456 metus
1931 3411 2011 3454 ha·

1165 3477 1307 3521 bearn.
1326 3477 1498 3521 M1cn.
