2268 3848
243 304 281 359 6
700 310 765 363 Ρ.
825 308 1121 365 OVIDII
1173 311 1548 370 NASONIS

326 424 614 501 Ingenium
646 425 814 497 tantis
840 425 1052 485 excidet
1082 450 1243 486 omne
1273 411 1447 488 malis.

246 517 501 599 Denique
533 540 757 579 securus
788 518 969 592 famae,
1002 518 1169 592 liber,
1201 520 1279 580 ire
1307 537 1609 595 memento;

325 601 438 674 Nec
466 613 568 674 tibi
597 615 668 675 sit
696 615 838 676 lecto
869 614 1218 699 displicuisse
1244 618 1457 701 pudor:
1786 604 1788 606 V
1977 637 2031 684 50

245 708 376 768 Non
404 708 480 769 ita
509 732 565 769 se
594 709 760 770 nobis
788 710 998 793 praebet
1027 711 1249 773 fortuna
1280 713 1572 774 secundam
1597 758 1611 787 ‚

326 807 406 863 Ut
434 805 537 865 tibi
569 806 640 866 sit
667 807 809 867 ratio
835 796 1013 869 laudis
1046 808 1300 869 habenda
1323 824 1458 870 tuae.‘

244 903 439 962 Donec
470 926 613 963 eram
643 929 862 987 sospes,
897 905 1043 965 tituli
1076 908 1341 986 tangebar
1369 931 1581 980 amore,

325 1003 735 1086 Quaerendique
759 999 896 1064 mihi
922 1005 1166 1065 nominis
1197 1006 1362 1065 ardor
1391 1021 1519 1066 erat.

246 1099 502 1159 Carmina
530 1124 678 1162 nunc
707 1101 754 1161 si
786 1125 903 1161 non
931 1101 1315 1185 studiumque,
1347 1102 1500 1186 quod
1529 1102 1736 1177 obfuit,
1768 1103 1890 1177 odi,
1979 1121 2034 1163 55

326 1196 413 1255 Sit
443 1197 574 1257 satis
601 1221 612 1256 :
642 1197 866 1276 ingenio
894 1198 971 1259 sic
1000 1197 1129 1277 suga
1154 1213 1309 1281 parta
1339 1222 1478 1260 meo.

244 1294 270 1351 Ι
303 1307 509 1366 tamen,
535 1293 586 1368 i,
618 1318 720 1377 pro
751 1319 834 1355 me
864 1310 953 1368 tu,
989 1295 1078 1355 cui
1108 1294 1260 1368 licet,
1294 1295 1515 1378 adspice
1544 1298 1781 1357 Romam
1806 1321 1818 1357 :

329 1391 404 1449 Di
427 1390 697 1464 facerent,
728 1415 949 1475 possem
980 1412 1128 1451 nunc·
1161 1415 1315 1452 meus
1345 1417 1462 1453 esse
1495 1391 1670 1453 liber!

246 1487 361 1547 Nec
391 1502 444 1547 te
462 1535 476 1561 ,
510 1488 661 1570 quod
690 1489 874 1549 venias
900 1511 1155 1567 magnam
1185 1490 1510 1572 peregrinus
1536 1489 1595 1550 in
1627 1490 1847 1562 urbem,

326 1586 588 1662 Ignotum
616 1582 832 1668 populo
859 1608 1026 1667 posse
1055 1586 1239 1647 venire
1273 1602 1424 1670 puta.
1980 1607 2035 1648 60

247 1683 327 1740 Ut
355 1680 519 1740 titulo
552 1704 760 1754 careas,
786 1682 909 1765 ipso
937 1705 1165 1742 noscere
1192 1682 1376 1744 colore
1399 1708 1413 1757 ;

329 1772 687 1840 Dissimulare
716 1778 850 1839 velis
880 1794 932 1838 te
961 1778 1090 1839 licet
1120 1802 1236 1840 esse
1263 1804 1462 1840 meum.

254 1875 410 1937 Clam
441 1892 620 1938 lamen
650 1874 857 1937 intrato
871 1898 891 1950 ,’
913 1901 982 1937 ne
1010 1892 1064 1936 te
1091 1901 1210 1937 mea
1232 1877 1472 1936 carmina
1497 1874 1699 1936 laedant
1721 1900 1735 1936 ε

330 1975 459 2033 Non
491 1986 646 2047 sunt,
676 1989 742 2034 ut
771 1974 1050 2058 quondam
1079 1973 1241 2056 plena
1271 1972 1473 2033 favoris
1501 1987 1670 2032 erant.

253 2071 314 2131 Si
347 2069 470 2153 quis
503 2069 632 2142 erit,
666 2069 764 2153 qui
783 2085 877 2143 Ate,
909 2070 1038 2153 quia
1069 2070 1144 2131 sis
1173 2094 1351 2142 mem,
1386 2093 1503 2130 esse
1531 2069 1824 2148 legendum
1982 2086 2037 2128 65

332 2171 463 2228 Non
495 2183 683 2252 putet,
717 2192 744 2227 e
776 2169 984 2247 gremio
1015 2168 1335 2250 rejiciatque
1362 2189 1498 2238 suo';

248 2264 466 2349 Inspice
485 2313 500 2339 ‚
533 2265 645 2338 die,
678 2264 902 2325 titulum
929 2289 939 2324 ε
965 2288 1080 2324 non
1106 2289 1229 2324 sum
1259 2277 1566 2347 praeceptor
1591 2261 1795 2324 amoris
1821 2286 1834 2323 :

252 2414 433 2449 veteres.
469 2403 641 2447 Censeo
673 2401 959 2446 nihilominus
988 2403 1104 2446 scri—

251 2469 448 2513 bendum
463 2469 699 2525 circumj'zte
710 2502 720 2519 ‚
745 2485 831 2524 quo
844 2469 978 2511 verbo
991 2468 1106 2511 Tul-

252 2536 332 2580 lius
349 2554 396 2580 ac.
411 2535 558 2578 Livius
569 2550 660 2577 non
674 2533 811 2577 semel
826 2543 1027 2577 utuntur.
1044 2534 1104 2577 H.

309 2603 372 2646 53.
397 2603 533 2643 Tituli
546 2603 748 2654 tangebar
763 2616 914 2642 amore.
940 2601 1108 2642 Honore

253 2668 405 2711 malim
421 2683 523 2711 cum
544 2666 681 2710 tribus
699 2666 880 2722 scriptis.
899 2666 1066 2708 HEINS.

310 2737 373 2790 54.
415 2736 637 2789 Quoerendi
665 2736 859 2776 nominis.
903 2730 1108 2787 Compa-

253 2800 401 2844 randae
422 2799 551 2842 famae
569 2831 581 2852 ‚
604 2798 663 2842 sic
684 2797 755 2840 lib.
777 2797 842 2851 V,
866 2796 987 2854 Eleg.
1006 2810 1077 2839 ΧΠ
1091 2828 1103 2850 ,

256 2868 311 2925 39
325 2862 572 2908 :«Nominis
587 2871 628 2906 et
640 2862 769 2906 famae
781 2861 1006 2918 quondam
1022 2861 1106 2904 ful-

256 2947 359 2988 gore
384 2929 609 2983 trahebar,
631 2928 754 2970 Dum
771 2925 872 2970 tulit
892 2934 1106 2971 antennas

257 3013 359 3039 aura
378 2994 570 3039 secunda
591 3010 723 3037 meas.
748 3011 769 3031 »

315 3063 379 3117 57.
399 3061 426 3101 I
440 3069 592 3105 tamen,
609 3066 730 3112 εἰμι-ο
743 3073 818 3099 me.
839 3058 901 3099 Tu
914 3065 1063 3107 lamen,
1093 3060 1114 3099 i

250 3141 328 3183 pro
344 3140 407 3167 me
421 3124 551 3167 Polit.
571 3123 711 3166 Vatic.
726 3131 770 3165 et
784 3130 871 3165 tres
887 3120 955 3164 alii
974 3137 983 3164 :
1000 3121 1109 3165 alter

258 3190 463 3234 Politiani
480 3223 492 3245 ,
517 3191 549 3231 I
559 3206 667 3233 nunc
685 3199 815 3244 etpro
832 3204 907 3231 me.
929 3188 1078 3231 Scribe
1093 3221 1104 3242 ‚

256 3258 290 3297 I
301 3265 461 3308 tamen,
482 3258 517 3305 i,
536 3271 614 3309 pro
635 3268 728 3305 me‚·
758 3254 830 3310 qui
851 3269 954 3297 sane
966 3269 1109 3296 venu-

257 3321 364 3364 stior
382 3320 592 3377 loquendi
615 3319 773 3362 modus
793 3328 869 3363 est.

314 3389 379 3430 58.
402 3389 526 3431 Nunc
539 3401 665 3428 meus.
683 3385 827 3428 Probe
849 3384 1051 3428 meliores
1063 3383 1110 3427 li-

257 3451 325 3495 hri
338 3467 497 3508 magno
509 3465 697 3494 numero
700 3465 868 3505 possem
877 3466 986 3493 nunc
997 3465 1110 3493 meus

1183 2418 1277 2446 esse
1295 2405 1425 2446 liber:
1445 2401 1684 2460 eleganter,
1702 2399 1819 2458 quod
1833 2408 1878 2443 et
1891 2399 1937 2443 in
1951 2400 2039 2444 suis

1184 2470 1414 2513 invenerat
1439 2469 1695 2526 Naugerius.
1722 2467 1899 2524 Vulgati
1926 2483 2037 2524 per-

1185 2549 1336 2593 peram
1347 2551 1498 2590 posses
1517 2553 1599 2580 non
1613 2550 1726 2578 meus
1743 2550 1849 2578 esse.
1868 2534 2037 2578 HEINS.

1240 2601 1307 2643 61.
1335 2603 1435 2655 Ipso
1460 2603 1608 2644 colore.
1632 2599 1771 2656 Nigro
1793 2607 1839 2642 et
1863 2597 2038 2654 lugubri

1186 2664 1338 2709 habitu
1353 2699 1364 2720 ,
1389 2674 1433 2709 et
1454 2666 1648 2709 versibus
1667 2665 1823 2722 quibus
1847 2663 2039 2708 conscri-

1186 2739 1286 2786 ptus
1304 2747 1361 2774 es.
1383 2731 1449 2773 M.
1858 2740 1864 2748 ·

1243 2795 1310 2838 65.
1335 2796 1461 2850 Quod
1475 2799 1520 2839 si
1533 2810 1660 2838 meus.
1681 2797 1794 2849 Quia
1805 2799 1867 2838 sis
1882 2793 2040 2839 melio-

1186 2873 1256 2901 res
1271 2866 1316 2901 et
1329 2866 1445 2901 recte
1462 2874 1471 2901 :
1488 2857 1542 2901 de
1558 2874 1644 2914 quo
1656 2858 1756 2902 alibi
1769 2867 1834 2902 est
1848 2858 2040 2909 dictum3

1189 2925 1321 2968 Trist.
1342 2925 1414 2969 lib.
1433 2926 1504 2979 II,
1531 2927 1609 2985 49,
1635 2942 1686 2968 ex
1700 2925 1889 2982 antiquis
1903 2925 2040 2968 libris:

1194 2993 1330 3048 thue
1341 3000 1436 3035 tuus
1444 2995 1604 3047 gaudet
1618 2994 1738 3036 miles
1749 3026 1761 3044 ‚
1784 2996 1883 3048 quia
1899 2995 2046 3035 vtkerit

1188 3059 1358 3099 hostem.
1380 3058 1550 3100 HEINS.

1245 3123 1311 3179 67.
1323 3125 1416 3166 Non
1428 3139 1519 3165 sum
1521 3129 1751 3177 praeceplor
1757 3125 1925 3166 amoris.
1937 3122 2041 3165 Non

1188 3193 1327 3231 tracto
1346 3197 1485 3231 artem
1502 3187 1676 3231 amandi
1693 3221 1705 3241 ‚
1721 3197 1771 3231 ut
1784 3187 1938 3231 fratres
1951 3188 2040 3230 mei

1190 3262 1300 3296 tres:
1318 3262 1361 3296 et
1376 3255 1421 3297 ΙΙ
1435 3253 1490 3296 de
1503 3254 1634 3296 Pont.
1652 3253 1719 3296 El.
1735 3269 1779 3307 X,
1801 3256 1873 3298 15:
1887 3271 1908 3290 «
1922 3253 2040 3297 Naso

1189 3336 1343 3378 parum
1367 3320 1559 3377 prudens
1581 3329 1720 3364 artem
1749 3321 1858 3363 dum
1887 3327 2041 3363 tractat

1191 3384 1364 3427 amandi
1382 3417 1393 3439 ‚
1430 3384 1655 3429 Doctrinae
1695 3385 1886 3442 pretium
1917 3383 2038 3426 triste

1190 3449 1394 3506 magister
1416 3448 1558 3493 habet.
1583 3467 1606 3488 ³»
