2268 3848
241 314 310 366 28
708 315 772 369 P.
821 316 1112 373 OVIDII
1160 315 1536 372 NASONIS

239 428 390 488 Dum
416 426 648 512 loquor,
682 445 735 490 et
761 432 925 513 cupio
956 427 1160 514 pariter
1187 433 1466 516 timeoque
1493 424 1675 494 revelli
1693 449 1713 503 ‚⁴

324 530 604 613 Increpuit
633 533 852 613 quantis
879 532 1092 595 viribus
1115 534 1432 610 *unda-latus
1456 537 1469 595 Ξ
1546 570 1555 577 -

241 625 454 686 Parcite
474 673 488 699 ‚
519 628 762 701 caerulei,
795 653 894 688 vos
922 630 1152 710 parcite,
1183 632 1406 691 numina
1436 629 1623 714 ponti;
1956 643 2010 687 25

326 724 704 807 Infestumque
730 725 866 784 mihi
895 727 968 786 sit
997 727 1128 789 satis
1159 751 1273 788 esse
1301 729 1512 788 Jovem.

244 819 362 879 Vos
390 820 624 879 animam
657 845 806 882 saevae
834 822 1032 884 fessam
1061 824 1352 884 subducite
1378 823 1543 884 morti
1566 845 1579 895 ;

326 916 386 976 Si
414 918 606 992 modo,
641 919 737 1002 qui
764 920 960 1003 periit,
989 945 1107 981 non
1132 920 1358 1005 periisse
1387 933 1589 1004 potest.
1643 966 1646 968 -

246 1075 406 1116 sequor
422 1065 463 1105 τὸ
475 1078 596 1114 aura,
615 1063 731 1120 quod
747 1062 791 1106 in
809 1063 961 1108 decem
976 1065 1093 1109 casti·
1173 1070 1287 1110 mina
1298 1070 1431 1122 ponti.
1454 1065 1590 1108 Prim.
1619 1062 1750 1108 Polit.
1773 1063 1901 1121 prim.
1925 1063 2019 1106 Va-

248 1124 483 1180 gatioribus
504 1128 687 1171 offendi.
712 1130 879 1174 Hnms.
898 1154 952 1164 —-
971 1133 1094 1184 Deo,·
1173 1133 1243 1176 tic.
1266 1142 1311 1176 et
1329 1149 1443 1176 unus
1462 1131 1753 1176 Bononiensis
1780 1147 1881 1175 cum
1907 1131 2021 1174 Rot-

247 1191 442 1246 Augusto
467 1209 480 1235 ,⁰
505 1194 641 1238 votuit
668 1196 787 1239 enim
815 1198 948 1240 mein
976 1198 1094 1257 Scy-
1173 1196 1519 1254 tendorphiano‚
1545 1199 1822 1252 Vosparcite,
1850 1200 2022 1239 numina

248 1253 386 1297 thiam
419 1257 657 1316 proficisci,
679 1269 724 1305 et
747 1261 793 1304 in
817 1261 985 1305 Italiam
1003 1278 1095 1305 non
1170 1265 1306 1316 ponti.
1328 1262 1496 1305 Hssms.

250 1319 408 1363 redire.
1233 1329 1300 1370 26.
1320 1330 1477 1371 Jovem.
1496 1327 1758 1384 Augustum.

304 1387 370 1429 23.
403 1390 619 1445 I'zmeoque
635 1392 787 1445 repelli.
811 1390 1038 1434 Barberin.
1055 1399 1100 1434 et
1236 1395 1301 1437 28.
1316 1394 1366 1435 Si
1373 1395 1496 1435 modo
1509 1396 1724 1449 quipen'it.
1737 1391 1785 1434 Si
1799 1390 1928 1435 modo
1943 1405 2024 1446 ego

250 1469 366 1497 unus
383 1455 529 1498 Patav.
545 1460 707 1509 revelli,
727 1457 780 1500 ab
794 1457 916 1500 Italia
927 1457 1099 1501 scilicet.
1120 1454 1123 1461 ’
1182 1465 1390 1514 tanquam
1399 1466 1600 1501 mortuus
1611 1490 1622 1512 ,
1637 1457 1851 1514 relegatus
1862 1454 1914 1499 ad
1928 1454 2026 1498 Sar·

253 1517 421 1561 Hssms.
1181 1531 1332 1565 matas.
1351 1525 1497 1566 Potest
1512 1539 1594 1566 non
1604 1525 1792 1578 periisse.
1818 1521 1865 1564 Si
1886 1519 2027 1578 perdi-

312 1589 377 1629 25.
397 1588 583 1639 Parcite,
603 1591 848 1631 coeruleivos
858 1591 1007 1631 saltem
1020 1605 1103 1631 nu-
1182 1597 1252 1632 tus
1271 1587 1434 1632 servari
1453 1595 1606 1645 potest.

886 1842 1278 1912 ELEGIA
1325 1844 1408 1914 V.

821 2093 1478 2151 ARGUMENTUM.

267 2231 409 2275 Amici
427 2230 562 2273 fidem
579 2229 725 2273 laudat
746 2238 873 2286 poeta
895 2262 907 2284 ‚
947 2229 1063 2286 quod
1088 2230 1219 2274 etiam
1239 2231 1286 2274 in
1307 2229 1493 2274 adversis
1522 2245 1629 2273 eum
1654 2245 1882 2286 nunquam
1909 2227 2036 2272 dese-

321 2302 460 2345 ruerit
481 2317 490 2344 :
511 2316 642 2357 quam
664 2316 759 2343 rem
778 2316 897 2344 raros
916 2299 1154 2343 admodum
1173 2317 1224 2344 ex
1238 2309 1328 2344 tam
1342 2299 1489 2343 multis
1506 2299 1669 2342 fatetur
1684 2297 1764 2343 sibi
1779 2298 2036 2356 praestitisse.

320 2374 463 2418 Simul
487 2390 591 2417 eum
620 2373 847 2427 hortatur,
877 2380 926 2416 ut
954 2372 1000 2415 in
1028 2372 1211 2430 pristino
1240 2388 1388 2416 amore
1421 2370 1618 2429 persistat
1640 2403 1652 2427 ,
1684 2387 1767 2415 nec
1786 2369 2035 2428 Augustum

324 2443 491 2487 timeat.

275 2574 349 2659 Ο
386 2613 558 2658 MIHI
586 2613 714 2680 post
741 2597 888 2659 ullos
920 2622 1202 2681 nunquam
1234 2596 1583 2658 memorande
1611 2594 1825 2657 sodales
1843 2641 1858 2667 ‚

354 2694 407 2752 0
438 2693 524 2753 cui
553 2694 826 2776 praecipue
855 2717 975 2753 sors
1003 2716 1120 2752 mea
1150 2693 1262 2752 visa
1293 2716 1391 2753 sua
1419 2706 1502 2752 est
1526 2716 1539 2764 ;

268 2788 601 2850 Adtonitum
630 2790 724 2873 qui
753 2814 837 2850 me
856 2836 872 2862 ‚
903 2789 1149 2861 memini,
1183 2789 1483 2861 carissime,
1511 2788 1723 2871 primus

351 2885 538 2944 Ausus
567 2908 623 2944 es
651 2883 910 2967 adloquio
937 2883 1264 2944 sustinuisse
1293 2898 1426 2955 tuo;

274 2982 390 3062 Qui
417 2982 551 3042 mihi
581 2982 871 3043 consilium
899 2982 1114 3043 vivendi
1140 2982 1272 3042 mite
1300 2981 1530 3053 dedisti,
2019 2993 2044 3036 5

332 3137 345 3162 ι
355 3152 364 3162 .
381 3123 640 3165 Numerande
657 3124 836 3164 sodales.
851 3121 1120 3163 Memoranda
1256 3122 1294 3163 5.
1317 3120 1544 3161 Consilium
1569 3117 1739 3159 vivendi
1757 3118 1855 3158 mite
1879 3116 2046 3158 dedisti.

275 3195 441 3245 veteres
461 3188 667 3244 plerique.
696 3186 846 3231 Scribe
867 3195 1024 3244 praeter
1039 3201 1089 3229 ea
1104 3216 1117 3239 ,
1202 3186 1345 3228 Fuisti
1366 3199 1480 3226 unus
1511 3180 1738 3224 Mediceus
1757 3197 1767 3231 ;
1801 3178 2047 3236 eleganter:

273 3266 474 3307 nusquam
487 3256 760 3306 memorande‚·
774 3253 902 3295 Pont.
915 3251 1000 3306 IV,
1014 3264 1118 3305 XIII,
1203 3250 1333 3294 Trist.
1358 3249 1441 3302 IV,
1459 3247 1578 3302 Eleg.
1602 3259 1638 3288 11
1651 3278 1662 3300 ,
1682 3262 1741 3289 vs.
1758 3245 1810 3287 32
1826 3259 1836 3287 t
1851 3246 2051 3286 Hortatur

283 3333 300 3358 1
316 3331 326 3358 ι
342 3333 363 3352 «
383 3313 426 3358 Ο
440 3314 645 3358 mihinon
659 3316 810 3359 dubios
823 3316 938 3358 inter
949 3329 1122 3358 memo-
1194 3331 1344 3371 pugnae
1363 3315 1655 3367 consiliumque
1661 3310 1766 3366 fuit.
1784 3309 1866 3365 Ep.
1888 3307 2046 3351 Helen.

278 3380 415 3425 rande
434 3380 611 3424 sodales.
627 3399 648 3418 »
670 3381 803 3425 Mart.
818 3399 839 3418 «
853 3380 895 3424 Ο
911 3380 1016 3423 mihi
1027 3387 1122 3436 post
1202 3395 1311 3422 vers.
1347 3378 1425 3421 268
1449 3393 1459 3420 :
1491 3379 1590 3431 Quae
1625 3377 1734 3418 mibi
1752 3381 1851 3416 sunt
1877 3375 2047 3418 comites

276 3446 442 3501 nullos,
461 3445 491 3489 J
496 3444 553 3489 uli
568 3477 580 3502 ,
593 3444 878 3492 memorande
897 3444 1076 3490 sodales.
1097 3462 1120 3485 n
1201 3446 1498 3498 consiliumque
1520 3442 1622 3486 duoe.
1651 3439 1815 3483 Hzms.
