2280 3776
292 312 401 381 284

751 315 815 367 P.
871 313 1157 369 OVIDII
1205 313 1571 372 NASONIS

369 429 597 507 Ingenio
624 427 836 487 nullum
862 429 1034 509 majus
1061 429 1260 491 habere
1286 455 1423 492 meo.

292 526 440 597 Hoc,
471 526 567 584 ubi
596 524 910 597 vivendum,
940 525 1068 584 satis
1099 541 1207 598 est,
1239 527 1283 587 si
1311 551 1617 611 consequor
1641 552 1770 590 arvo
1789 576 1804 603 ‚
1989 549 2039 590 65

368 623 517 680 Inter
540 619 868 680 inhumanos
897 644 1011 681 esse
1038 636 1202 704 poeta
1230 622 1411 682 Getas.

291 718 421 794 Quo
449 716 583 775 mihi
611 717 883 777 diversum
910 718 1050 777 fama
1077 719 1399 779 contendere
1428 719 1487 778 in
1517 720 1747 782 orbem?

373 812 552 889 Quem
577 812 798 872 fortuna
828 813 1000 883 dedit,
1036 815 1214 875 Roma
1239 816 1311 875 sit
1338 815 1434 875 ille
1465 815 1635 877 locus.

295 908 414 965 Hoc
445 930 560 966 mea
593 922 845 967 contenta
868 923 950 968 est
973 908 1160 968 infelix
1189 911 1353 969 Musa
1380 909 1593 970 theatro
1617 936 1631 971 ε

377 1000 466 1059 Sic
497 1002 699 1073 merui3
730 1003 914 1081 magni
943 1003 1020 1062 sic
1049 1002 1265 1063 voluere
1295 1003 1415 1062 Dei.
2001 1036 2054 1081 7⁰

296 1098 407 1155 Nec
435 1121 557 1156 reor
579 1098 707 1157 hinc
735 1098 877 1158 istuc
905 1098 1111 1159 nostris
1137 1099 1241 1160 iter
1268 1123 1382 1160 esse
1410 1098 1638 1174 libellis,

375 1196 506 1274 Quo
535 1197 738 1256 Boreas
767 1221 948 1279 penna
974 1197 1253 1259 deficiente
1284 1198 1447 1258 venit.

295 1287 605 1356 Dividimur
631 1290 793 1363 caelo;
828 1317 1055 1375 quaeque
1085 1307 1168 1352 est
1194 1291 1390 1376 procul
1417 1293 1556 1353 urbe
1585 1291 1838 1372 Quirini,

377 1387 631 1470 Adspicit
662 1389 908 1449 hirsutos
938 1389 1184 1450 cominus
1212 1393 1355 1451 Ursa
1389 1391 1572 1451 Getas.

298 1485 404 1545 Per
433 1501 642 1546 tantum
672 1501 853 1558 terrae,
884 1501 967 1547 tot
995 1512 1190 1570 aquam,
1221 1488 1310 1547 vix
1337 1487 1550 1548 credere
1575 1488 1787 1571 possim

2005 1522 2026 1565 xl

2032 1506 2057 1548 (ἐγ

375 1582 646 1643 Indicium
676 1584 844 1644 studii
873 1583 1207 1645 transiluisse
1235 1585 1356 1644 mei.

298 1680 467 1759 Finge
493 1681 630 1759 legi,
657 1683 918 1764 quodque
950 1697 1033 1742 est
1061 1682 1307 1743 mirabile
1327 1731 1341 1756 ‚
1370 1682 1514 1761 finge
1539 1681 1778 1765 placere3

296 1837 397 1864 mox
427 1823 597 1876 Ingenio
628 1838 705 1878 pro
735 1824 945 1878 Ingenium
975 1830 1140 1865 veteres

299 1884 506 1940 plerique.
531 1886 699 1929 HEms.

354 1950 422 1993 65.
431 1952 524 1992 Hoc
535 1954 612 1993 ubi
620 1954 835 1994 vivendum
849 1958 925 2001 est,
943 1956 1051 1994 satis
1062 1958 1139 2001 est,

300 2019 346 2057 si
363 2031 591 2072 consequar
608 2033 719 2059 arvo.
742 2017 866 2059 Tolle
896 2016 1028 2072 priori
1048 2017 1143 2059 loco

302 2080 482 2122 verbum
500 2080 816 2124 substantivum
835 2098 935 2125 cum
952 2097 1023 2124 sex
1039 2081 1144 2124 scri-

305 2145 388 2200 ptis
404 2177 416 2198 ,
439 2153 483 2187 et
504 2161 667 2201 repone
688 2162 913 2202 consequor
928 2162 1029 2189 cum
1048 2161 1146 2188 me-

302 2209 480 2252 lioribus
501 2210 726 2266 plerisque.
742 2212 803 2255 H.
818 2234 873 2242 —-
899 2213 987 2254 Ubi
1004 2216 1147 2254 viven-

303 2276 400 2316 dum
412 2283 488 2317 est.
503 2274 642 2330 Quasi
656 2274 782 2328 dicat,
797 2275 909 2318 Satis
924 2276 1006 2319 erit
1020 2276 1143 2331 mihi,

303 2339 454 2382 haberi
475 2348 599 2396 poeta
620 2340 732 2397 apud
756 2340 962 2399 Scythas:
983 2357 1064 2385 nec
1083 2350 1147 2384 est

305 2404 566 2460 curandum,
576 2421 630 2448 an
643 2421 796 2462 parum
812 2405 936 2449 docte
950 2405 1145 2449 scribam.

359 2471 426 2529 67.
453 2473 569 2525 Quid
580 2475 688 2514 mihi
702 2476 915 2515 diversum.
941 2474 1032 2526 Quo
1048 2475 1151 2516 mibi

308 2535 477 2580 Sarrav.
507 2535 723 2592 Scaliger,
750 2536 932 2593 Argent.
962 2545 1006 2579 et
1032 2552 1148 2591 qua-

307 2609 408 2643 tuor
438 2601 508 2643 alii
536 2616 547 2643 t
575 2602 750 2656 optime.
780 2601 993 2657 Sequenti
1021 2617 1146 2644 versu

309 2667 457 2710 malim
474 2684 483 2711 :
500 2686 521 2706 «
538 2668 689 2723 Quem
702 2668 879 2711 fortuna
894 2668 1037 2723 dedit,
1055 2669 1150 2712 Ro-

306 2749 377 2776 ma
395 2734 449 2776 sit
467 2734 535 2776 ille
551 2767 563 2787 ,
586 2734 742 2778 locum.
759 2735 820 2778 H.
834 2759 888 2766 —
907 2736 1022 2788 Quid
1033 2737 1148 2777 mibi.

307 2797 500 2841 Subaudi
513 2831 525 2852 ,
539 2798 1051 2854 prodest.—Contendere.
1065 2799 1148 2842 Ire.

306 2864 422 2903 —In
434 2865 646 2905 diversum.
666 2863 718 2905 In
736 2863 982 2905 Romanam
1001 2862 1152 2905 civita-

307 2935 412 2969 tem.
431 2950 485 2958 —
507 2929 653 2969 Fama.
680 2927 716 2969 F
719 2943 825 2970 amae
854 2943 990 2970 causa.
1028 2925 1150 2982 Quid

310 2991 485 3045 prodest
506 2991 612 3034 mihi
630 3024 641 3045 ,
664 2992 830 3047 inquit,
851 2992 1043 3034 laborare
1062 3024 1073 3046 ,
1102 2998 1150 3033 ut

307 3055 426 3098 fama
445 3069 544 3099 mea
562 3057 750 3099 Romam
774 3056 1008 3113 perveniat.

365 3120 430 3162 68.
461 3124 597 3164 Roma
616 3126 675 3165 sit
695 3126 768 3165 ille
790 3125 918 3165 locus.
940 3121 1016 3164 Ille
1035 3120 1151 3164 locus

313 3186 501 3245 Scythiae
515 3221 526 3241 ,
553 3206 684 3244 quem
706 3189 884 3232 fortuna
902 3188 1011 3231 mihi
1031 3186 1152 3232 adsi-

313 3251 482 3308 gnavit,
509 3252 719 3297 habeatur
738 3254 845 3296 mihi
875 3270 954 3310 pro
980 3253 1150 3304 Roma;

315 3315 435 3370 quasi
447 3315 558 3358 dicat
573 3349 584 3369 ,
602 3317 775 3361 Sufficit
788 3318 897 3362 mihi
915 3351 926 3372 ,
942 3317 975 3360 si
990 3319 1032 3360 in
1050 3317 1153 3375 Scy-

315 3378 403 3421 thia
430 3388 599 3423 tantum
622 3381 735 3424 fama
752 3398 847 3425 mea
870 3382 924 3425 sit
946 3398 1037 3426 non
1061 3380 1154 3423 vul-

317 3445 438 3500 garis.
457 3446 584 3490 MER.

1277 1823 1343 1881 69.
1354 1824 1448 1865 Hoc
1454 1824 1626 1864 theatro.
1637 1820 1682 1864 Si
1694 1819 1799 1862 mihi
1810 1819 1862 1862 ab
1872 1819 1936 1863 his
1945 1819 2058 1876 plau-

1221 1886 1363 1939 ditur,
1380 1885 1554 1928 sufficit.
1573 1886 1623 1928 P.

1278 1966 1341 2005 7²·
1361 1951 1505 1992 Penna
1523 1951 1746 2005 deficiente.
1764 1947 1852 1990 Tot
1873 1945 2059 1990 millibus

1222 2014 1360 2057 distat.
1381 2014 1518 2057 Venti
1536 2015 1654 2057 enim
1671 2030 1693 2057 a
1708 2013 1843 2069 poetis
1862 2012 1959 2056 alati
1975 2012 2059 2056 fin-

1222 2087 1398 2134 guntur.

1281 2145 1342 2199 73.
1364 2146 1522 2186 Procul
1538 2146 1635 2185 urbe
1659 2143 1832 2197 Quirini.
1863 2141 2012 2197 Longe
2039 2155 2061 2183 a

1224 2211 1424 2254 Romana
1443 2209 1611 2253 civitate
1626 2241 1638 2262 ,
1660 2224 1793 2265 quam
1821 2207 2034 2263 Quirinus
2049 2239 2061 2261 ‚

1223 2277 1306 2320 hoc
1324 2285 1388 2320 est
1406 2274 1622 2319 Romulus
1639 2308 1651 2328 ,
1674 2273 1883 2318 condidit.

1281 2344 1344 2398 74.
1358 2342 1561 2397 Adspicit
1574 2342 1755 2383 hirsutos
1772 2340 1915 2382 Getas.
1929 2336 2066 2381 Videt

1226 2407 1358 2451 Getas
1388 2405 1577 2462 hispidos
1618 2413 1662 2448 et
1692 2404 1891 2447 barbatos
1919 2419 1930 2446 :
1961 2418 2065 2445 nam
2143 2453 2145 2456 Α

1225 2482 1327 2517 sunt
1354 2473 1432 2516 sub
1462 2472 1577 2515 Ursa
1606 2466 1762 2528 majori
1790 2470 1836 2513 in
1865 2477 2066 2528 septem-

1225 2538 1398 2582 trionali
1421 2537 1554 2594 plaga.
1578 2535 1707 2578 Mmt.
1725 2559 1781 2568 —
1800 2535 1865 2578 Ita
1888 2543 1932 2578 et
1950 2533 2066 2576 infra

1226 2610 1350 2646 vocat
1371 2602 1441 2644 111
1457 2635 1467 2650 ,
1491 2618 1549 2644 vs.
1571 2601 1598 2643 6
1611 2634 1623 2655 ,
1645 2599 1720 2643 ubi
1738 2599 1912 2643 hirsutis
1932 2597 2064 2655 pelli-

1226 2666 1306 2710 bus
1320 2666 1493 2709 indutos
1503 2665 1728 2721 Crispinus
1736 2663 2063 2719 interpretatur,

1226 2740 1397 2776 secutus
1418 2764 1430 2786 ,
1471 2739 1519 2773 ut
1553 2729 1660 2773 solet
1681 2761 1694 2783 ,
1726 2727 1888 2785 priores
1909 2761 1921 2779 ,
1958 2742 2065 2782 quos

1228 2798 1411 2844 Bernec.
1434 2796 1486 2838 ad
1508 2794 1644 2838 Tacit.
1666 2793 1719 2836 de
1737 2793 1899 2835 Morib.
1911 2792 2064 2836 Germ.

1228 2878 1319 2917 cap.
1346 2878 1391 2915 17
1407 2892 1418 2913 ,
1451 2860 1539 2914 jam
1569 2857 1798 2911 refutavit,
1822 2867 1866 2900 et
1892 2857 1944 2899 de
1967 2872 2068 2900 cor-

1228 2941 1333 2981 pore
1353 2924 1525 2967 hirsutis
1543 2955 1555 2977 ,
1586 2938 1678 2964 non
1705 2930 1822 2965 veste
1842 2954 1854 2976 ,
1882 2921 2066 2979 capien-

1230 2989 1337 3032 dum
1356 2997 1514 3032 censet.
1556 3004 1560 3009 ·

1287 3058 1349 3110 75.
1390 3058 1473 3099 Vix
1504 3056 1662 3098 credere
1683 3070 1868 3109 possum.
1900 3055 2067 3096 Possim

1229 3122 1430 3167 Politian.
1447 3130 1491 3164 et
1509 3121 1597 3164 duo
1611 3121 1678 3164 alii
1700 3137 1710 3164 ε
1727 3129 1772 3164 et
1790 3136 1891 3163 mox
1909 3123 2068 3162 transi-

1229 3191 1358 3230 lut'sse
1376 3186 1576 3229 meliores
1590 3219 1602 3240 ,
1625 3201 1703 3242 pro
1725 3187 1986 3227 transiliisse.
2006 3182 2065 3226 H.

1289 3253 1351 3309 76.
1372 3254 1592 3294 Indicium.
1609 3252 1822 3292 Judicium
1840 3247 1980 3290 multi.

1288 3334 1350 3374 77.
1379 3318 1574 3371 Quodque
1604 3322 1669 3357 est
1698 3316 1895 3357 mirabile.
1936 3312 2070 3366 Quid-

1232 3383 1335 3437 quid
1349 3382 1537 3424 mirabile
1562 3378 1662 3421 MS.
1680 3378 1859 3420 Bmsm.
1871 3398 1926 3407 -
1943 3375 2070 3417 Mise-

1232 3448 1361 3489 rabile
1380 3461 1474 3499 sex;
1497 3459 1625 3499 posse
1642 3447 1809 3499 placere
1826 3442 2007 3487 Putean.
