2268 3848
316 304 384 355 52
762 299 827 351 P.
875 297 1184 352 OVIDII
1228 295 1627 354 NASQ'NIS

391 418 658 477 Transeat
685 414 970 475 instabiles
1002 429 1223 474 strenua
1253 414 1498 496 Cyaneas
1518 460 1534 486 ‚

318 515 742 598 Thyniacosque
771 511 953 583 sinus3
985 525 1039 569 et
1064 510 1131 570 ab
1159 510 1272 582 his,
1306 534 1402 592 per
1430 509 1705 593 Apollinis
1738 509 1950 585 urbem,
2027 530 2080 571 35

394 611 525 672 Alta
553 611 655 670 sub
688 606 945 669 Anchiali
977 606 1175 667 moenia
1205 605 1395 683 tendat
1418 605 1558 665 iter:

315 708 449 768 Inde
478 702 911 766 Mesembriacos
940 715 1162 784 portus,
1192 715 1246 761 et
1278 699 1530 776 Od'esson
1549 746 1564 771 ‚
1598 713 1653 758 et
1681 721 1828 760 arces

391 804 684 862 Praetereat
711 796 882 856 dictas
909 795 1130 855 nomine
1149 842 1163 866 ‚
1195 795 1432 866 Bacche,
1467 810 1598 865 tuo;

312 902 385 958 Et
413 920 554 979 quos
585 892 841 953 Alcathoi
868 905 1176 950 memorant
1202 914 1231 949 a
1260 891 1537 951 moenibus
1569 905 1753 964 ortos,

392 994 627 1055 Sedibus
655 990 743 1049 his
776 987 1070 1072 profugum
1099 987 1450 1048 constituisse
1482 990 1674 1048 Larem
1701 1014 1714 1048 :
2022 1008 2076 1062 40

307 1092 354 1149 A
389 1088 622 1170 quibus,
657 1083 904 1144 adveniat
932 1081 1182 1141 Miletida
1210 1104 1401 1164 sospes
1431 1082 1498 1141 ad
1528 1082 1755 1155 urbem,

372 1182 609 1244 Offensi
640 1204 754 1262 quo
787 1202 872 1238 me
901 1176 1172 1260 compulit
1199 1177 1280 1238 ira
1308 1178 1429 1238 Dei.

364 1335 429 1389 34.
450 1333 672 1374 Instabiles
692 1331 894 1386 Cyaneas.
922 1327 974 1370 In
1005 1326 1151 1369 Ponto

306 1399 402 1442 duae
421 1404 549 1449 sunt,
578 1393 695 1435 mille
719 1388 1030 1447 et'quingentis
1050 1408 1149 1447 pas-

301 1463 416 1505 sibus
431 1461 483 1503 ab
496 1460 671 1513 Europa
686 1490 697 1511 ,
713 1454 1039 1511 quatuordecim
1054 1453 1150 1496 mil-

300 1529 411 1572 libus
422 1527 474 1569 ab
488 1524 596 1567 ostio
608 1555 620 1577 ,
637 1521 827 1580 Cyaneae
841 1552 852 1574 ,
867 1519 918 1563 ab
934 1519 1023 1562 aliis
1035 1520 1147 1577 Sym-

291 1593 490 1648 plegades
505 1622 516 1643 ,
539 1587 582 1630 id
605 1596 670 1630 est
683 1619 694 1640 ,
715 1593 1022 1629 concurrentes
1039 1616 1050 1638 ‚
1067 1599 1143 1639 ap-

300 1656 465 1714 pellatae
487 1671 496 1697 :
521 1652 772 1706 traditaeque
792 1647 948 1692 fabulis
969 1649 1084 1691 inter
1101 1664 1146 1691 se

300 1719 565 1767 concurrisse
580 1750 591 1771 ,
609 1715 815 1773 quoniam
835 1729 966 1771 parvo
985 1712 1148 1774 discre-

299 1797 355 1832 1ae
370 1783 610 1837 intervallo,
627 1797 677 1825 ex
693 1781 872 1824 adverso
885 1779 1146 1824 intrantibus

300 1850 485 1908 geminae
514 1844 822 1890 cernebantur.

352 1914 418 1957 36.
442 1914 546 1955 Alta
566 1913 642 1952 sub
663 1909 869 1951 Anchiali
892 1908 1145 1963 maem'afin-

298 1981 375 2022 dat
392 1982 479 2020 iter.
516 1976 680 2017 Tendat
705 1977 785 2014 iter
810 1987 882 2014 sex
912 1970 1111 2013 meliores
1133 1987 1144 2022 ;

299 2060 378 2101 pro
414 2043 519 2085 Alta
554 2038 706 2095 primae
741 2035 951 2080 editiones
968 2067 981 2089 ‚
1019 2034 1144 2090 prim.

298 2109 425 2154 Polit.
448 2106 575 2164 prim.
590 2104 728 2147 Vatic.
744 2102 871 2159 prim.
888 2101 979 2145 Pal.
998 2110 1041 2144 et
1058 2110 1145 2143 tres

300 2171 394 2226 alii,
423 2173 584 2220 Vecta,·
604 2175 771 2223 septem
786 2167 929 2220 Apta‚·
950 2166 1142 2221 quinque

215 2234 223 2239 ”
297 2239 412 2281 Acta
423 2250 437 2287 ;
449 2250 561 2277 unus
573 2233 713 2276 Antra
723 2245 739 2283 ‚·
751 2230 857 2273 alius
871 2232 1004 2273 Arcta
1011 2243 1028 2282 ,·
1041 2229 1144 2272 latet

295 2300 521 2345 mendum.
534 2298 665 2341 Forte
676 2297 819 2354 Lecta,
830 2303 879 2337 ut
891 2297 1021 2349 legere
1032 2298 1143 2336 litus.

297 2361 706 2412 Hnms.—Praefert
720 2361 872 2404 Burm.
887 2359 1004 2402 Acta
1014 2393 1023 2409 ‚
1038 2358 1072 2402 si
1085 2359 1143 2401 ita

297 2433 585 2487 distinguatur
603 2445 613 2471 :
637 2445 658 2463 «
682 2435 726 2469 et
747 2426 798 2469 ab
821 2425 885 2468 his
903 2440 980 2481 per
999 2423 1143 2479 Apol-

297 2496 395 2539 linis
410 2495 563 2537 urbem
579 2493 707 2546 Acta,
727 2490 805 2533 sub
822 2487 1018 2532 Anchiali
1033 2502 1143 2529 mce-

296 2562 368 2605 nia
390 2560 542 2604 tendat
567 2560 662 2601 iter.
686 2576 707 2594 n
731 2580 786 2588 —
811 2554 1042 2607 Anchiala,
1066 2568 1142 2595 seu

298 2615 514 2680 Achialia,
543 2642 619 2668 seu
637 2620 866 2666 Anchialos
882 2654 893 2674 ,
920 2619 1142 2670 castellum

297 2693 382 2736 fuit
395 2693 447 2734 ab
458 2689 747 2747 [Apolloniatis
766 2686 989 2729 conditum
1009 2717 1020 2737 ‚
1045 2699 1141 2740 quae

295 2767 339 2801 et
367 2750 561 2814 Pollbnia
593 2754 816 2796 dicebatur
839 2767 849 2794 :
873 2750 957 2793 fuit
995 2759 1141 2793 autem

295 2822 341 2863 in
363 2836 439 2862 ora
453 2818 594 2861 Getici
612 2816 760 2859 litoris.

296 2907 298 2909 >
348 2889 414 2944 37.
435 2887 536 2927 Inde
556 2885 877 2926 Mesembriacos
889 2886 1045 2936 portus.
1072 2881 1140 2923 Ab

296 2949 509 2995 Anchiale
522 2981 533 3002 ‚
550 2947 691 3003 inquit
706 2981 715 2994 ,
737 2947 854 2988 navis
870 2961 965 2987 mea
980 2946 1024 2987 in
1042 2961 1140 3000 por-

294 3025 390 3060 tum
401 3013 766 3057 Mesembriacum
782 3010 1003 3065 perveniat
1019 3010 1139 3052 {Me-

293 3080 478 3124 sembria
511 3079 630 3120 enim
647 3109 658 3130 ,
694 3075 1019 3131 Megarensium
1056 3074 1140 3116 fuit

293 3146 461 3189 colonia
482 3160 492 3187 ι
516 3157 646 3198 quam
669 3149 794 3183 antea
813 3141 1049 3181 Mene-brom
1069 3154 1138 3180 vo-

292 3210 459 3253 cabant.
494 3210 555 3249 Et
589 3208 787 3248 Odesson.
823 3205 887 3246 Ita
924 3203 1140 3260 appellant

295 3288 393 3318 eam
416 3272 571 3314 urbeh't
587 3269 860 3312 Milesiorum
882 3269 1108 3311 coloniam.

348 3338 413 3380 38.
444 3338 598 3380 Dictus
620 3338 805 3387 nomine,
833 3336 1022 3385 Baccho,
1054 3343 1138 3377 tuo.

1232 1327 1581 1387 Dionysiopolim
1602 1327 1704 1372 dicit
1719 1360 1731 1382 ‚
1754 1344 1850 1385 quae
1872 1329 1972 1373 urbs
1992 1329 2076 1373 fuit

1230 1391 1277 1433 in
1298 1391 1452 1434 eadem
1474 1408 1562 1435 ora.

1283 1455 1348 1515 39.
1370 1457 1431 1498 Et
1447 1473 1549 1513 quos
1560 1457 1775 1500 Alcathoi.
1794 1454 1981 1500 Calatim
1997 1473 2076 1499 ur—

1228 1518 1329 1562 bem
1344 1519 1565 1564 videretur
1577 1520 1800 1578 designare
1813 1530 1940 1578 poeta
1951 1555 1962 1573 ,
1979 1537 2074 1576 quae

1227 1583 1272 1624 in
1286 1581 1410 1627 litore
1424 1583 1578 1628 Getico
1588 1585 1687 1638 sita,
1703 1594 1830 1628 antea
1841 1586 2073 1628 vocabatur

1227 1649 1451 1692 Acervett‘s.
1462 1649 1884 1693 Alcathoimoenibus.
1891 1648 1978 1705 Sep
1985 1659 2069 1693 tem

1226 1713 1483 1766 Alcathoes‚·
1501 1711 1571 1756 alii
1586 1715 1821 1759 Alcathoi-5.
1843 1715 2007 1759 HEJNS.

1279 1778 1344 1831 4ο.
1358 1777 1565 1834 Prosugos
1570 1783 1834 1823 constitutae
1840 1782 1978 1823 larem.
1989 1780 2070 1821 La-

1223 1858 1288 1885 res
1302 1842 1477 1899 plurimi
1494 1853 1693 1887 veterum
1706 1862 1716 1897 ;
1730 1845 1804 1888 sed
1823 1845 1918 1902 lego
1923 1845 2071 1901 prosu-

1221 1925 1316 1963 gum
1329 1911 1483 1961 larem5
1499 1908 1609 1952 Met.
1628 1909 1698 1953 III
1709 1942 1720 1964 ,
1734 1926 1791 1954 vs.
1810 1910 1890 1969 539
1908 1926 1918 1954 z
1936 1929 1956 1947 «
1973 1911 2071 1953 Hac

1225 1973 1376 2032 Tyron
1389 2005 1401 2028 ,
1424 1972 1503 2017 hac
1525 1973 1731 2031 profugos
1751 1974 1950 2032 posuistis
1968 1974 2066 2018 sede

1222 2048 1417 2095 penates.
1432 2057 1454 2076 »
1475 2039 1642 2084 ΗΠΒ-3.
2095 2075 2101 2081 .

1280 2106 1346 2157 4ι.
1367 2104 1447 2146 Ad
1451 2105 1589 2146 urbem
1605 2105 1813 2147 Miletida.
1828 2103 1897 2147 Ad
1917 2104 2068 2147 urbem

1226 2166 1473 2224 Istropolim
1486 2199 1499 2222 ‚
1522 2183 1544 2210 a
1560 2166 1740 2211 Milesiis
1752 2167 1985 2212 conditam.
2006 2170 2070 2212 Ea

1224 2240 1370 2273 autem
1390 2247 1414 2274 a
1432 2247 1553 2275 sacro
1569 2232 1667 2275 Istri
1689 2232 1798 2276 ostio
1819 2235 2069 2277 occurrebat

1223 2294 1275 2338 ad
1301 2294 1437 2338 stadia
1453 2295 1715 2353 quingenta:
1737 2297 1838 2340 inde
1862 2297 2068 2341 dextror-

1222 2373 1320 2401 sum
1328 2358 1501 2403 habenti
1511 2359 1611 2403 litus
1619 2359 1703 2404 fuit
1715 2361 1877 2404 Tomos
1886 2361 2068 2418 oppidu-

1222 2422 1316 2466 lum
1337 2423 1521 2467 alterum
1533 2457 1544 2479 ,
1571 2425 1624 2468 ad
1641 2429 1720 2469 250
1736 2426 1872 2469 stadia
1887 2426 1964 2470 :de
1980 2442 2067 2482 quo

1222 2489 1292 2532 hic
1308 2490 1441 2546 magis
1453 2490 1591 2547 placet
1608 2491 1817 2549 intelligas
1829 2524 1841 2545 ,
1868 2507 1996 2548 quam
2012 2491 2065 2534 de

1224 2556 1449 2612 Istropoli3
1474 2570 1574 2599 nam
1594 2557 1686 2613 ejus
1705 2556 1836 2601 exsilii
1854 2557 1969 2601 locus
1981 2557 2065 2602 fuit

1223 2620 1387 2663 Tomos
1400 2652 1412 2674 ,
1434 2635 1524 2662 non
1541 2621 1771 2677 Istropolis.
1787 2621 1972 2664 Mene-
1980 2623 2062 2664 Ml-

1219 2687 1360 2727 lett'da.
1375 2685 1501 2727 Tomi
1524 2686 1640 2728 enim
1658 2686 1932 2730 Milesiorum
1947 2687 2063 2730 colo-

1221 2751 1305 2793 nia.
1328 2751 1391 2793 Ex
1407 2750 1488 2794 hoc
1501 2752 1692 2795 carmine
1713 2753 1895 2809 conjicio
1912 2787 1924 2808 ,
1952 2753 2063 2797 Ovi-

1221 2815 1342 2857 dium
1373 2815 1484 2858 hanc
1512 2831 1635 2859 suam
1663 2827 1707 2862 et
1728 2833 1749 2859 a
1778 2834 1821 2860 se
1852 2826 1943 2861 tam
1969 2819 2063 2861 lau-

1221 2879 1365 2923 datam
1393 2896 1547 2922 navem
1580 2897 1727 2924 rursus
1753 2882 2065 2927 conscendisse.

1223 2945 1448 3001 Quorsum
1471 2947 1589 2990 enim
1618 2958 1815 3004 optaret,
1848 2958 1896 2992 ut
1921 2966 2065 3007 sospes

1221 3011 1384 3052 Tomos
1402 3011 1704 3068 contingeret?
1726 3014 1867 3057 Powr.
1882 3017 2067 3058 —Mile-

1219 3078 1309 3117 tida
1329 3079 1476 3117 urbem.
1503 3076 1624 3119 Malo
1648 3079 1882 3130 Amenda,-
1909 3095 2012 3121 nam
2043 3095 2065 3122 a

1220 3139 1376 3183 Mileto
1392 3140 1585 3185 Milesius
1595 3141 1836 3185 deducitur.
1855 3144 2023 3188 HEINS.

1274 3207 1338 3260 42¹.
1363 3207 1550 3248 Contulit
1560 3211 1637 3248 ira.
1656 3205 1864 3262 Compulit
1878 3224 1928 3251 ex
1943 3209 2065 3264 quin·

1220 3287 1302 3326 que
1320 3271 1486 3327 scriptis
1504 3289 1514 3320 ;
1536 3280 1579 3314 et
1598 3274 1793 3328 sequenti
1815 3289 1941 3317 versu
1961 3289 2063 3316 con-

1217 3339 1358 3389 ttg'erit
1383 3350 1462 3391 pro
1483 3339 1756 3391 contigerint,
1783 3338 1917 3394 probe
1937 3353 2059 3381 com-
