2268 3848
373 368 814 426 TRISTIUM
853 369 1016 424 ΜΒ.
1060 369 1147 423 11.
1194 369 1312 424 EL.
1358 367 1470 424 ΠΝ
1493 372 1663 425 1cA.
1824 372 1895 445 59

127 487 375 546 Jusserat
399 499 455 546 et
475 484 689 547 Phoebo
720 483 855 556 dici,
887 507 998 568 quo
1029 497 1276 568 tempore
1304 483 1469 546 ludos
1840 503 1892 545 25

207 581 391 654 Fecit,
422 605 562 665 quos
589 595 715 643 aetas
745 580 979 663 adspicit
1007 604 1113 641 una
1142 580 1321 642 semel.

131 679 234 740 His
258 702 448 763 precor
473 677 732 763 exemplis
762 693 854 739 tua
882 702 1029 739 nunc
1047 726 1063 753 ,
1093 679 1379 740 mitissime
1407 680 1584 740 Caesar
1603 726 1618 753 ,

211 776 333 836 Fiat
357 776 425 836 ab
456 775 677 859 ingenio
705 774 928 836 mollior
949 776 1027 836 ira
1051 800 1189 837 meo.

133 871 231 933 Illa
263 871 480 956 quidem
506 872 654 954 justa
681 887 798 946 est,
829 895 929 933 nec
958 897 1043 934 me
1071 874 1331 934 meruisse
1358 874 1574 954 negabo
1601 898 1613 934 ε

214 970 342 1028 Non
370 967 505 1030 adeo
531 983 721 1030 nostro
752 969 895 1048 fugit
923 970 991 1031 ab
1020 995 1112 1031 ore
1142 970 1340 1055 pudor.
1844 989 1900 1031 3ο

136 1065 272 1137 Sed,
304 1065 409 1125 nisi
436 1088 737 1148 peccassem
756 1112 770 1139 ,
802 1067 934 1150 quid
963 1082 1021 1128 tu
1050 1068 1343 1130 concedere
1372 1068 1602 1151 posses?

213 1159 499 1219 Materiam
529 1159 694 1221 veniae
725 1185 844 1222 sors
873 1160 973 1222 tibi
1002 1177 1191 1223 nostra
1221 1161 1387 1222 dedit.

135 1255 225 1328 Si,
257 1255 469 1339 quoties
497 1257 745 1319 homines
775 1275 1030 1342 peccant,
1061 1282 1158 1320 sua
1187 1258 1415 1320 fulmina
1442 1259 1624 1319 mittat

213 1353 457 1436 Jupiter,
488 1353 684 1432 exiguo
715 1368 960 1438 tempore
990 1356 1214 1416 inermis
1242 1356 1359 1417 erit.

139 1443 244 1512 Hic
274 1450 374 1510 ubi
402 1450 684 1522 detonuit,
715 1452 1065 1536 strepituque
1093 1451 1354 1513 exterruit
1381 1451 1599 1523 orbem,

1846 1471 1870 1512 92

1875 1468 1899 1509 U!

215 1547 422 1608 Purum
454 1546 712 1608 discussis
741 1570 860 1608 aera
889 1549 1070 1609 reddit
1096 1549 1270 1632 aquis.

139 1641 175 1700 J
177 1663 271 1711 ure
296 1641 464 1721 igitur
491 1641 815 1725 genitorque
845 1642 1024 1703 Deum
1051 1659 1339 1726 rectorque
1360 1658 1616 1714 vocatum

219 1731 255 1798 J
260 1761 353 1798 ure
379 1761 543 1820 capax
572 1736 812 1798 mundus
838 1736 917 1798 nil
943 1740 1080 1800 Jove
1108 1740 1284 1821 majus
1304 1739 1485 1800 babet.

141 1890 291 1918 mense
324 1874 568 1918 Saturnalia
601 1883 646 1919 et
681 1874 836 1932 Opalia
863 1874 985 1920 cele-

140 1939 265 1983 brare
279 1947 613 1993 consueverunt,
624 1939 739 1996 quod
754 1939 982 1995 Saturnus,

141 2006 319 2062 ejusque
353 2021 461 2049 uxor
490 2014 580 2050 tam
608 2005 788 2064 frugum
809 2038 820 2060 ,
853 2021 983 2062 quam

139 2070 362 2115 fructuum
379 2080 622 2129 repertores
636 2088 724 2116 esse
738 2071 985 2116 credantur.

143 2135 293 2193 Itaque
313 2137 435 2180 omni
453 2137 540 2193 jam
558 2137 666 2181 foetu
686 2152 890 2194 agrorum
909 2153 985 2181 co-

144 2208 237 2244 acto
252 2233 264 2255 ,
293 2202 345 2246 ab
365 2201 614 2246 hominibus
636 2202 712 2245 hos
734 2202 852 2247 Deos
872 2203 955 2247 coli
972 2236 984 2259 ,

144 2268 260 2324 quasi
275 2268 373 2312 vitae
387 2269 577 2315 cultioris
601 2279 818 2326 auctores,
839 2279 883 2315 et
906 2280 986 2315 ter-

144 2348 239 2376 ram
259 2335 407 2390 Opem.
427 2337 550 2392 cujus
565 2353 646 2393 ope
666 2335 869 2381 humanae
889 2338 987 2381 vitae

148 2397 351 2443 alimenta
368 2411 636 2456 queruntur.
657 2402 775 2446 Huic
792 2402 900 2446 Deae
918 2418 989 2446 se-

148 2461 299 2507 dentes
322 2474 420 2508 vota
440 2466 710 2522 concipiunt,
738 2475 988 2523 terramque

149 2525 202 2570 de
220 2526 432 2570 industria
453 2536 637 2585 tangunt
651 2563 662 2584 ,
681 2530 990 2574 demonstran-

150 2600 211 2635 tes
230 2591 366 2647 ipsam
380 2601 567 2635 matrem
586 2602 747 2636 terram
766 2610 855 2637 esse
869 2609 992 2636 mor-

151 2654 302 2698 talibus
322 2655 624 2712 adpetendam.
638 2675 660 2694 »
682 2658 764 2711 Opi
774 2661 990 2713 turrigera.

149 2718 238 2777 Opi
259 2735 467 2763 coronam
495 2721 696 2764 turritam
720 2722 900 2778 gerenti.
927 2722 992 2765 Ea

149 2786 269 2828 enim
283 2794 347 2828 est
361 2794 499 2840 terra,
523 2794 572 2829 ut
590 2785 774 2829 diximus
798 2802 807 2829 :
829 2786 897 2829 cui
918 2803 994 2830 su-

147 2850 373 2908 perpositae
389 2859 492 2894 sunt
509 2850 700 2894 civitates
719 2883 731 2906 ,
760 2867 864 2908 quas
887 2852 995 2896 insi-

150 2915 286 2970 gnitas
319 2916 508 2959 turribus
542 2923 710 2960 constat
728 2949 740 2971 ,
779 2925 828 2959 ut
860 2918 992 2960 etiam

152 2980 324 3024 Servius
341 2981 500 3025 scribit.
519 2981 650 3023 Mlm.

206 3049 271 3090 25.
285 3049 478 3091 Jusserat
490 3057 532 3091 et
541 3050 692 3091 Pha-bo
702 3051 800 3092 dici.
815 3047 994 3092 Secula-

151 3127 220 3155 res
239 3111 361 3156 ludos
381 3111 598 3170 designat,
624 3113 696 3169 qui
716 3113 879 3157 fiebant
898 3122 994 3170 post

151 3186 329 3221 centum
345 3194 481 3222 annos
498 3196 508 3222 :
534 3181 690 3223 Horat.
710 3180 755 3222 in
777 3181 989 3235 carmine,

153 3242 268 3299 quod
291 3242 344 3286 de
361 3243 619 3288 secularibus
639 3244 748 3288 ludis
771 3253 994 3289 cantatum

152 3315 239 3360 est,
254 3306 300 3350 id
310 3315 482 3365 tempus
494 3307 575 3352 boc
587 3308 722 3352 modo
730 3308 968 3366 designavit
980 3341 991 3364 ,

156 3370 295 3427 Epod.
323 3388 432 3415 vers.
469 3389 516 3415 21
549 3389 639 3429 sqq.
669 3372 797 3429 vulgo
823 3371 875 3415 ad
897 3371 994 3417 cal-

152 3451 248 3478 cem
271 3452 280 3479 :
305 3453 327 3474 «
353 3436 512 3481 Certus
541 3438 738 3482 undenos
758 3437 898 3482 decies
917 3455 996 3496 per

155 3515 290 3546 annos
315 3501 446 3547 Orbis
478 3511 526 3547 ut
550 3512 724 3559 cantus,
746 3503 993 3561 referatque

1066 1876 1190 1922 ludos
1201 1878 1291 1921 Ter
1305 1876 1374 1921 die
1389 1877 1520 1930 claro,
1538 1874 1805 1933 totidemque
1821 1891 1913 1932 gra·

1065 1950 1107 1986 ta
1123 1942 1260 1986 Nocte
1282 1941 1546 1999 frequentes.
1570 1960 1591 1979 ι·
1615 1941 1791 1997 Quibus
1811 1957 1914 1984 ver-

1063 2008 1178 2052 sibus
1196 2017 1343 2066 patet,
1367 2007 1580 2052 seculares
1614 2006 1738 2050 ludos
1762 2016 1914 2050 cente-

1064 2074 1176 2117 simo
1196 2072 1368 2116 decimo
1389 2074 1614 2129 annofieri
1628 2070 1788 2114 solitos.
1802 2069 1914 2113 Ludi

1065 2149 1212 2183 autem
1229 2139 1561 2183 celebrabantur
1576 2137 1777 2182 omnibus
1791 2135 1918 2180 thea-

1069 2206 1145 2249 tris
1162 2205 1364 2247 omnium
1385 2220 1598 2261 generum
1613 2235 1625 2258 ,
1648 2211 1692 2246 et
1710 2201 1917 2246 sacrificia

1066 2269 1238 2328 templis
1263 2268 1466 2312 omnibus
1494 2267 1658 2311 fiebant
1684 2275 1815 2311 noctu
1838 2281 1917 2322 pa-

1066 2337 1174 2380 riter
1186 2369 1199 2390 ,
1215 2344 1343 2392 atque
1359 2333 1565 2377 interdiu.
1580 2333 1756 2376 Primus
1769 2340 1916 2375 autem

1068 2400 1269 2444 Valerius
1284 2398 1506 2442 Publicola
1522 2397 1672 2441 consul
1686 2405 1782 2454 post
1796 2412 1919 2453 reges

1067 2473 1235 2508 exactos
1263 2497 1275 2519 ‚
1309 2463 1521 2507 seculares
1556 2461 1680 2506 ludos
1716 2460 1918 2506 instituit.

1069 2530 1199 2572 MBR.
1214 2552 1268 2561 —
1279 2530 1476 2572 Iusserat
1485 2536 1529 2571 e!
1539 2530 1693 2572 phebo
1710 2529 1809 2571 dez-et
1827 2525 1920 2570 Ca-

1068 2593 1255 2635 nebatur
1296 2608 1471 2636 carmen
1505 2592 1695 2635 seculare
1724 2590 1919 2648 Apollini

1070 2666 1112 2701 et
1132 2657 1288 2701 Dianae
1303 2689 1315 2713 ,
1345 2666 1567 2714 tamquam
1588 2656 1668 2700 diis
1685 2658 1923 2712 ἀλεξικάκοις

1070 2732 1115 2767 et
1135 2724 1418 2787 ἀποτροπαίοις,
1439 2724 1657 2767 malorum
1678 2722 1920 2780 depulsori-

1069 2788 1161 2832 bus.
1181 2789 1381 2834 PONL—
1398 2791 1491 2843 Quo
1504 2798 1682 2843 tempore
1699 2790 1821 2830 ludos
1839 2789 1923 2831 Fe-

1070 2859 1140 2898 cit.
1164 2854 1307 2898 Ludos
1334 2854 1546 2899 seculares
1573 2853 1775 2911 intelligit
1799 2886 1812 2907 ,
1844 2853 1919 2910 qui

1071 2919 1216 2962 Dione
1231 2928 1334 2963 teste
1352 2919 1376 2963 l.
1388 2922 1461 2974 54,
1477 2935 1544 2962 an.
1557 2935 1598 2962 u.
1614 2936 1650 2963 c.
1664 2930 1893 2962 nccxxxvr
1905 2952 1922 2974 ,

1074 2983 1230 3039 quinto
1245 2983 1447 3027 celebrati
1459 2992 1575 3027 sunt.
1592 2983 1759 3027 Alludit
1772 2991 1919 3026 autem

1072 3046 1153 3090 hoc
1173 3047 1266 3090 loco
1283 3056 1411 3104 poeta
1430 3047 1483 3090 ad
1505 3047 1715 3104 praeconis
1735 3062 1923 3091 consue-

1073 3112 1273 3156 tudinem
1293 3146 1307 3166 ,
1338 3113 1411 3169 qui
1430 3121 1667 3156 convocato
1688 3111 1746 3155 ad
1761 3111 1921 3154 borum

1072 3177 1277 3220 ludorum
1295 3177 1532 3234 spectacula
1552 3175 1713 3233 populo
1729 3210 1742 3231 ‚
1767 3177 1826 3220 ita
1844 3175 1920 3219 di-

1073 3244 1197 3287 cebat
1217 3259 1226 3286 :
1251 3243 1345 3286 Hos
1363 3243 1486 3286 ludos
1505 3242 1580 3299 qui
1603 3243 1761 3286 facturi
1787 3251 1889 3286 sunt
1908 3276 1919 3296 ,

1075 3324 1208 3351 nemo
1219 3317 1412 3352 vestrum
1426 3307 1555 3361 vidit,
1571 3324 1652 3352 nec
1665 3307 1832 3351 visurus
1845 3316 1919 3351 est.

1129 3376 1194 3418 28.
1215 3375 1285 3417 Ab
1305 3378 1469 3431 ingenio
1489 3391 1590 3418 mea.
1619 3375 1735 3433 Erga
1754 3390 1824 3418 me
1846 3375 1920 3417 vi—

1074 3456 1175 3483 rum
1195 3440 1484 3497 ingeniosum.
1510 3439 1640 3485 CloF.

1128 3506 1194 3549 35.
1213 3508 1333 3549 Nunc
1346 3509 1428 3550 ubi.
1451 3508 1537 3550 ffi‘c
1549 3505 1842 3562 ubiplerique.
1862 3505 1920 3547 H.
