2280 3776
268 210 379 279 384

738 213 802 265 Ρ.
856 212 1151 269 OVIDII
1206 212 1592 271 NASONIS

267 328 370 387 Est
397 324 555 386 locus
579 325 636 385 in
667 326 915 408 Scythia,
950 329 1165 388 Tauros
1197 328 1380 389 dixere
1410 330 1621 413 priores
1640 377 1655 402 ‚
1988 354 2042 408 45

351 423 466 502 Qui
503 423 695 483 Getica
726 422 889 501 longe
915 447 1028 483 non
1055 424 1130 483 ita
1163 424 1331 485 distat
1355 425 1543 486 humo.

266 519 387 578 Hac
420 542 520 596 ego
548 543 667 579 sum
701 533 875 591 terra,
908 519 1106 602 patriae„
1123 544 1220 580 nec
1251 522 1516 604 poenitet,
1552 539 1719 584 ortus.

349 616 677 675 Consortem
709 616 908 676 Phoebi
939 640 1071 694 gens
1101 616 1230 677 colit
1257 617 1350 678 illa
1378 620 1568 680 Deam.

263 712 492 795 Templa
520 728 743 773 manent
771 713 936 774 hodie
966 715 1132 775 vastis
1158 715 1341 776 innixa
1371 716 1639 779 columnis
1662 744 1675 791 ;

341 813 555 893 Perque
585 827 777 895 quater
801 813 971 872 denos
1001 812 1112 872 itur
1139 813 1196 873 in
1228 814 1319 873 illa
1355 815 1571 893 gradus.
1980 837 2031 877 50

259 904 425 966 Fama
452 907 619 967 refert
636 954 650 979 ‚
683 906 799 966 illic
825 907 1043 985 signum
1073 907 1282 968 caeleste
1307 909 1478 969 fuisse
1501 935 1514 970 :

348 1002 589 1084 Quoque
620 1002 803 1062 minus
832 1002 1084 1075 dubites,
1118 1017 1226 1064 stat
1253 1004 1402 1064 basis
1433 1005 1571 1065 orba
1595 1005 1728 1065 Dea.

259 1097 511 1178 Araque,
549 1119 667 1178 quae
694 1096 873 1156 suerat
898 1110 1094 1157 natura
1121 1097 1350 1158 candida
1377 1099 1522 1172 saxi,

338 1190 579 1251 Decolor
606 1192 800 1253 adfuso
830 1193 1002 1252 tincta
1032 1217 1226 1254 cruore
1252 1194 1432 1254 rubet.

257 1288 481 1349 Femina
511 1313 660 1348 sacra
688 1289 848 1362 facit,
880 1289 1029 1351 taedae
1060 1314 1176 1350 non
1204 1305 1331 1351 nota
1357 1288 1554 1371 jugali,
1708 1321 1713 1325 ·
1982 1307 2034 1349 55

340 1388 480 1466 Quae
513 1405 736 1472 superat
762 1389 1043 1472 Scythicas
1067 1388 1358 1450 nobilitate
1384 1405 1574 1449 nurus.

256 1526 352 1581 alii,
374 1530 545 1569 ultimus
578 1530 690 1570 orbis
719 1530 872 1580 haben
896 1528 1103 1586 Scaligeri

253 1591 389 1634 codex
417 1593 589 1634 Geticus
608 1595 745 1646 orbis;
764 1593 973 1637 mendose
992 1595 1105 1638 :Po-

249 1657 385 1700 litian.
409 1667 453 1700 et
474 1666 572 1700 octo
592 1657 662 1700 alii
677 1656 870 1713 fizgreklus
895 1661 1007 1702 Ister
1024 1662 1106 1702 ha-

254 1725 347 1776 bet,·
373 1731 460 1765 tres
468 1721 659 1777 frigidus
675 1727 813 1778 orbis‚·
829 1723 1012 1767 totidem
1021 1724 1130 1778 fri-⁰

249 1791 375 1843 gidus
393 1793 492 1832 axis
502 1805 516 1840 ‚-
529 1805 573 1830 m
579 1788 656 1832 ulti
669 1791 822 1832 dividit
832 1792 946 1833 Ister
951 1794 1075 1845 aquis
1085 1805 1102 1844 ‚·

254 1854 446 1909 quinque
469 1857 646 1896 barbara
675 1863 784 1898 terra
808 1863 948 1907 tenet,·
970 1855 1098 1912 prim.

255 1919 484 1961 Mediceus
504 1952 516 1972 ‚
545 1921 704 1962 Pontus
741 1927 784 1962 et
812 1923 924 1962 Ister
946 1923 1103 1973 habet;

256 1983 371 2025 forte
407 1986 610 2026 Ponticus
636 1985 746 2026 Ister
768 1998 783 2036 ,·
816 1985 875 2027 sic
901 1987 1104 2028 Ponticus

259 2051 412 2092 Castor
430 2047 579 2104 Elegia
603 2047 656 2090 de
680 2049 803 2091 Nuce
822 2081 834 2102 ,
856 2065 966 2092 vers.
994 2050 1099 2104 166;

253 2113 351 2155 vide
373 2114 507 2156 Notas
526 2129 677 2169 supra,
700 2113 770 2157 lib.
791 2114 838 2156 II
853 2146 865 2168 ,
886 2113 1008 2171 Eleg.
1022 2127 1069 2156 1x
1086 2146 1097 2168 ,

252 2197 360 2224 vers.
378 2180 445 2235 67.
468 2181 635 2223 HEle.

308 2249 373 2302 45.
395 2248 478 2288 Est
495 2250 613 2288 locus
631 2250 677 2288 in
697 2246 881 2304 Scythia.
908 2247 1018 2290 Haec
1038 2256 1102 2291 est

251 2311 445 2353 narratio
458 2311 572 2354 senis
587 2309 814 2366 cujusdam
827 2344 838 2365 ,
855 2327 988 2367 quem
1003 2328 1101 2368 poe-

251 2385 295 2419 ta
306 2375 474 2419 inducit
487 2375 756 2418 referentem
771 2375 1005 2419 amicitiam
1017 2378 1100 2434 Py-

250 2441 356 2484 ladis
380 2449 423 2483 et
446 2440 616 2483 Orestis
630 2473 641 2494 ,
674 2457 781 2497 quos
800 2440 847 2483 in
864 2441 1098 2486 Tauricam

249 2507 478 2562 regionem
498 2505 665 2549 venisse
687 2505 791 2549 dicit
810 2539 821 2561 ,
844 2507 918 2549 ubi
938 2523 1100 2563 regna-

248 2573 323 2615 bat
343 2572 502 2615 Thoas.
519 2595 572 2603 —-
593 2573 752 2613 Tauros
769 2574 912 2615 dixere
924 2577 1097 2627 priores.

252 2637 439 2680 Taurica
463 2637 583 2692 regio
610 2636 628 2689 (
650 2645 823 2678 auctore
843 2636 986 2679 Plinio
1007 2639 1022 2691 )
1050 2637 1096 2679 in

254 2702 430 2762 Scythia
451 2711 540 2755 est,
564 2711 608 2745 et
627 2718 650 2744 a
676 2700 896 2745 Carcinite
915 2703 1064 2758 incipit
1082 2737 1094 2758 ,

252 2768 475 2826 quondam
493 2767 605 2810 mari
625 2768 885 2811 circumfusa
909 2777 953 2812 et
972 2769 1066 2826 -ipsa
1082 2803 1094 2821 ,

252 2850 421 2891 quaque
442 2849 563 2876 nunc
580 2833 725 2887 jacent
745 2833 910 2889 campi,
935 2833 1095 2878 deinde

249 2900 378 2943 vastis
400 2898 622 2942 adtollitur
640 2898 765 2955 jugis.
929 2898 954 2922 '

303 2965 370 3019 46.
395 2967 490 3007 Non
502 2969 577 3007 ita.
595 2966 692 3006 Non
710 2966 821 3006 bene.
838 2965 1022 3008 Putean.

309 3031 374 3083 48.
391 3030 626 3072 Com-ortem
641 3031 875 3073 Phoebietc.
885 3029 1096 3072 Sororem

253 3095 406 3138 Phoebi
423 3127 435 3149 ,
462 3094 666 3138 Dianam.

308 3161 373 3200 50.
403 3161 486 3202 Per
513 3162 786 3215 quaterdenos
809 3162 977 3215 gradus.
1008 3159 1095 3203 Per·

252 3222 410 3280 gradus
438 3224 735 3282 quadraginta.
764 3225 830 3268 Ex
857 3241 945 3282 quo
971 3234 1095 3268 tem-

252 3287 311 3342 pli
342 3286 615 3331 altitudinem
650 3298 693 3333 et
726 3289 1096 3346 magnificentiam

239 3350 536 3395 demonstrat.

1243 1531 1310 1571 51.
1328 1530 1497 1584 Signum
1507 1531 1679 1572 celeste.
1698 1528 1849 1572 Statua
1862 1528 2031 1573 Dianae.

1243 1598 1308 1637 52.
1321 1595 1418 1637 Stat
1431 1597 1550 1636 basis
1563 1597 1665 1636 orba
1680 1596 1788 1637 Dea.
1809 1596 1922 1637 Orba
1932 1597 2035 1638 Dea·

1187 1658 1336 1700 malim
1362 1659 1516 1715 reponi
1538 1675 1549 1702 ε
1571 1659 1631 1702 sic
1650 1663 1819 1703 luminis
1843 1663 1967 1702 orbus
1990 1669 2035 1703 et

1185 1723 1341 1768 similia
1362 1723 1476 1780 apud
1492 1725 1705 1769 Nostrum
1726 1723 1895 1781 passim.
1918 1725 2034 1767 H.—

1186 1791 1282 1832 Stat
1291 1793 1409 1832 basis
1428 1791 1530 1831 orba
1548 1791 1658 1833 Dea.
1679 1789 1799 1832 Basis
1820 1797 1951 1832 restat
1970 1805 2034 1832 so-

1184 1856 1224 1899 la
1241 1889 1252 1911 ,
1285 1857 1434 1899 orbata
1452 1855 1683 1899 simulacro
1702 1855 1858 1898 Dianae
1875 1888 1886 1910 ,
1914 1854 2034 1911 quod

1185 1920 1359 1964 abstulit
1380 1919 1560 1964 Orestes
1578 1920 1753 1977 fugiens
1776 1936 1875 1962 cum
1901 1918 2033 1975 Iphi—

1184 1986 1333 2042 genia,
1352 1994 1396 2028 et
1415 1985 1609 2029 Ariciam
1627 1985 1816 2042 portavit
1832 2017 1843 2039 ,
1865 1993 1914 2028 ut
1926 1984 2032 2028 Ser-

1182 2051 1275 2093 vius
1296 2050 1436 2094 docet.

1238 2117 1302 2160 53.
1322 2117 1491 2159 Natura
1513 2121 1626 2158 saxi.
1649 2115 1687 2158 E
1704 2131 1939 2160 marmore.

1237 2182 1303 2235 54.
1324 2181 1517 2223 Decolor.
1538 2182 1741 2224 Discolor
1757 2182 1941 2225 Putean.
1962 2198 2031 2225 su-

1181 2243 1343 2300 periori
1378 2260 1507 2287 versu
1543 2259 1625 2300 pro
1660 2252 1814 2287 natura
1845 2248 2030 2288 candida

1179 2312 1303 2359 saxi,
1324 2307 1475 2351 malim
1489 2312 1628 2352 natm·
1638 2311 1824 2352 candida
1842 2314 1952 2352 saxi.
1969 2310 2028 2352 H.

1237 2375 1304 2417 55.
1332 2375 1461 2417 Taeda
1484 2389 1567 2416 non
1594 2381 1696 2416 nola
1705 2374 1861 2430 jugali.
1889 2376 2030 2428 Nupta

1180 2436 1336 2480 decem
1349 2446 1544 2490 veteres;
1565 2440 1681 2481 toedoe
1700 2455 1784 2480 non
1800 2445 1904 2480 nota
1922 2437 2029 2480 Sar-

1179 2498 1342 2545 rarian.
1365 2502 1549 2558 Argent.
1568 2503 1781 2558 multique
1804 2501 1886 2545 alii.
1909 2502 2027 2559 Lege

1176 2571 1294 2611 taedoe
1312 2585 1394 2611 non
1415 2577 1550 2621 nata‚·
1578 2567 1663 2611 nisi
1689 2568 1812 2611 malis
1839 2568 2023 2625 reponi,

1175 2638 1290 2677 taedoe
1302 2651 1383 2677 non
1397 2643 1498 2678 vota
1499 2634 1660 2690 jugali.
1680 2635 1795 2677 H.--
1803 2636 1930 2676 Taeda
1943 2650 2026 2676 non

1176 2709 1278 2743 nota
1295 2701 1448 2756 jugali
1465 2709 1666 2757 praestat;
1697 2709 1746 2743 ut
1771 2708 1894 2743 notus
1912 2707 2021 2750 arte,

1176 2770 1441 2821 improbitate
1465 2799 1476 2816 ,
1509 2776 1558 2810 *et
1591 2766 1747 2809 similia
1784 2765 1990 2809 dicuntur
2012 2782 2021 2808 ε

1177 2831 1258 2874 nisi
1279 2835 1395 2874 toedoe
1405 2832 1573 2887 jugalis·
1590 2832 1685 2887 quis
1701 2830 1830 2885 velit,
1859 2840 1908 2874 ut
1929 2832 2027 2874 Ho-

1174 2898 1309 2939 ratius
1328 2926 1341 2950 ‚
1378 2895 1467 2939 od.
1500 2896 1546 2939 11
1563 2928 1575 2950 ,
1611 2885 1716 2949 xx1',
1749 2895 1776 2937 6
1799 2910 1809 2938 :
1831 2913 1851 2932 «
1882 2896 2023 2938 Notus

1174 2957 1344 3017 paterni
1370 2960 1516 3003 animi.
1537 2978 1558 2998 τ»
1588 2961 1739 3003 Posset
1772 2967 1816 3002 et
1843 2969 1944 3003 nota
1969 2960 2023 3002 ad

1173 3041 1299 3068 sacra
1317 3024 1474 3067 referri
1491 3058 1502 3078 ,
1517 3033 1565 3068 ut
1583 3023 1670 3067 sint
1687 3041 1804 3068 sacra
1819 3057 1831 3079 ,
1854 3024 1908 3067 ad
1927 3040 2023 3081 quae

1173 3090 1272 3133 solis
1303 3089 1544 3146 virginibus
1566 3090 1707 3133 aditus
1730 3090 1784 3133 sit
1805 3122 1817 3143 ‚
1852 3099 1896 3132 et
1922 3089 2022 3132 ideo

1172 3156 1320 3212 ignota
1341 3156 1467 3200 taedae
1484 3156 1615 3213 jugali
1635 3174 1646 3207 ;
1666 3156 1711 3200 id
1733 3165 1798 3200 est
1813 3189 1825 3211 ,
1845 3155 2020 3199 feminis

1173 3221 1320 3278 nuptis
1339 3237 1349 3264 ε
1367 3221 1486 3277 quod
1507 3223 1661 3278 probat
1683 3239 1743 3266 vs.
1762 3223 1827 3265 58.
1856 3222 2019 3265 Bunm.

1215 3287 1279 3330 56.
1295 3288 1396 3340 Qua·
1405 3296 1575 3342 superat
1582 3291 1810 3331 nobilitate.
1826 3285 1941 3342 Quae
1953 3294 2018 3328 est

1175 3350 1362 3398 nobilior
1391 3367 1566 3407 genere.
1596 3351 1865 3407 Huiusmodi
1895 3350 2015 3394 enim
