2280 3776
281 314 389 382 450

748 311 811 365 P.
863 311 1154 367 OVIDII
1209 309 1597 368 NASONIS

279 428 618 510 Multiplicat
648 441 827 485 tamen
856 426 1006 486 hunc
1036 425 1270 505 gravitas
1295 427 1536 488 auctoris
1564 427 1834 490 honorem
1857 475 1871 501 ‚

359 528 433 585 Et
460 525 791 605 majestatem
819 545 906 584 res
936 522 1061 583 data
1090 523 1271 583 dantis
1301 523 1487 584 habet.

276 623 311 680 J
315 621 509 683 udiciis
536 619 706 698 igitur
733 618 895 680 liceat
919 618 1223 702 Flaccoque
1253 620 1468 704 tibique

357 717 588 778 Talibus
617 715 859 794 Augusti
891 730 1108 798 tempus
1131 716 1189 775 in
1222 740 1384 776 omne
1411 716 1536 776 frui.
2001 751 2055 794 7⁰

278 816 357 875 Ut
387 830 568 874 tamen
596 838 626 873 a
652 837 835 873 rerum
867 835 994 872 cura
1023 812 1285 894 propiore
1314 812 1559 885 vacabit,

358 910 505 968 Vota
533 930 731 990 precor
753 906 899 966 votis
929 905 1111 966 addite
1138 921 1315 967 vestra
1343 905 1494 966 meis.

275 1006 352 1064 Et
370 1051 383 1074 ‚
417 1003 463 1063 si
491 1027 652 1087 quem
682 1003 838 1062 dabit
864 1026 995 1062 aura
1024 1001 1205 1062 sinum
1223 1048 1238 1074 ‚
1270 1002 1446 1063 laxate
1470 1003 1761 1076 rudenteS‚

357 1104 533 1162 Exeat
563 1125 591 1161 e
623 1100 826 1182 Stygiis
856 1113 922 1159 ut
948 1121 1067 1159 mea
1097 1098 1250 1158 navis
1281 1098 1456 1182 aquis.

277 1196 504 1258 Praesuit
530 1197 618 1257 his
637 1204 657 1269 ,’
684 1196 956 1267 Graeciae,
987 1194 1123 1256 locis
1154 1194 1321 1255 modo
1354 1193 1619 1269 Flaccus;
1653 1205 1708 1256 et
1735 1192 1834 1254 illo
2009 1211 2061 1269 75

356 1296 500 1378 Ripa
530 1296 683 1355 ferox
707 1295 837 1355 Istri
866 1294 971 1355 sub
1003 1293 1139 1354 duce
1170 1308 1289 1354 tuta
1315 1292 1437 1354 fuit.

277 1393 383 1454 Hic
412 1394 590 1454 tenuit
618 1395 807 1476 Mysas
836 1392 1110 1470 gentes-in
1136 1415 1270 1475 pace
1298 1390 1447 1452 fideli
1461 1414 1482 1465 3

328 1553 396 1597 68.
431 1550 702 1608 Majeslatem
731 1553 887 1594 dantis.
910 1548 1126 1605 Augusti,

280 1617 354 1674 qui
375 1617 453 1660 tibi
471 1615 626 1659 detulit
644 1615 764 1659 hunc
782 1613 1099 1671 magistratum.

327 1683 394 1741 69.
414 1683 659 1737 Haccoque.
682 1679 742 1723 Et
763 1679 890 1723 fratri
910 1688 988 1722 tuo
1002 1678 1129 1721 Flac-

276 1764 328 1792 co
342 1781 353 1803 ,
377 1763 510 1804 quem
524 1747 748 1803 Augustus
762 1746 946 1802 dignum
960 1745 1129 1789 censuit

282 1830 335 1858 eo
355 1814 623 1871 magistratu.

337 1896 357 1934 7
368 1895 382 1921 ι
391 1912 401 1922 .
419 1880 552 1932 Quum
564 1886 715 1921 tamen.
735 1878 796 1922 Ut
806 1885 944 1921 tamen
951 1893 1023 1920 sex
1033 1875 1130 1919 scri·

281 1944 358 2000 pti.
381 1945 552 1988 Hzms.
577 1942 727 1986 Nostri
747 1950 793 1985 ut
813 1950 966 1985 tamen.

338 2007 401 2063 73.
422 2008 499 2057 Et,
535 2011 580 2049 si
596 2022 678 2061 qua
699 2008 822 2048 dabit
837 2022 942 2048 aura
967 2009 1103 2048 sinum
1115 2039 1127 2057 ‚

270 2073 440 2128 jactate
457 2074 660 2113 rudentes.
676 2071 844 2113 Laxate
857 2071 1052 2112 rudentes
1061 2061 1130 2127 pr.

281 2136 442 2187 editi0;
463 2134 581 2191 quod
596 2135 794 2190 impense
815 2133 1009 2186 adridet;
1030 2134 1131 2176 Vir-

282 2200 406 2257 gilius
421 2231 433 2253 ,
455 2198 526 2242 lib.
542 2198 613 2242 III
630 2231 642 2252 ,
657 2214 718 2241 vs.
736 2198 838 2240 266:
859 2215 880 2234 «
896 2206 990 2240 tum
1008 2197 1130 2242 litore

279 2263 433 2307 funem
450 2262 664 2319 Deripere
678 2294 689 2316 ,
708 2277 990 2317 excussosque
1007 2261 1131 2317 jubet

282 2329 422 2372 laxare
455 2327 665 2370 rudentes
685 2344 696 2379 3
720 2345 742 2364 »
771 2326 855 2370 hoc
883 2335 947 2369 est
965 2359 976 2380 ‚
1011 2325 1131 2381 quod

284 2394 461 2439 AEneid.
480 2394 600 2437 VIII
613 2426 624 2448 ,
647 2392 837 2445 dixerat,
859 2393 960 2449 708:
979 2409 1001 2429 κ
1020 2391 1130 2435 Vela

282 2461 383 2504 dare
400 2493 412 2515 ,
442 2468 487 2502 et
517 2458 631 2501 laxos
658 2457 928 2514 jamjamque
962 2456 1132 2499 immit-

283 2527 376 2568 t'ere
397 2524 551 2574 funes;
568 2540 591 2560 ν)
611 2531 655 2565 et
675 2522 749 2564 lib.
767 2522 811 2565 X
825 2553 838 2575 ,
859 2537 941 2578 229
959 2537 969 2563 :
989 2538 1012 2558 «
1027 2520 1131 2563 velis

284 2590 474 2633 immitte
495 2588 733 2638 rudentes;
762 2605 784 2625 »
810 2587 869 2629 ita
881 2589 1133 2641 explicatio-

280 2662 372 2698 nem
394 2657 582 2697 rudentis
595 2657 681 2709 'pro
699 2651 911 2695 laxatione
934 2650 1039 2694 dixit
1056 2649 1131 2693 Ci-

280 2737 382 2764 cero
394 2753 405 2775 ,
418 2721 489 2764 lib.
506 2719 732 2764 IDivinat.
749 2716 972 2772 Lucanus,
987 2718 1126 2772 lib.V‚

281 2788 361 2842 425
379 2804 389 2831 ε
406 2805 427 2824 «
452 2786 609 2842 Quum
624 2786 788 2842 pariter
801 2784 967 2828 solvere
986 2793 1098 2830 rates
1114 2817 1126 2838 ,

279 2862 480 2907 totosque
495 2850 703 2893 rudentes
714 2849 929 2892 Laxavere
944 2849 1063 2891 sinus
1078 2866 1088 2900 ;
1105 2867 1128 2886 »

279 2917 350 2960 lib.
368 2916 433 2959 IX
449 2947 461 2971 ,
483 2932 543 2974 vs.
570 2917 647 2970 104
663 2931 673 2958 ε
692 2933 713 2951 «
735 2914 932 2970 Septima
945 2930 1030 2956 nox
1044 2914 1127 2957 Ze-

281 2980 420 3039 phyro
447 2994 678 3035 nunquam
694 2978 861 3021 laxante
890 2977 1099 3021 rudentes
1116 3011 1128 3033 ,

280 3043 491 3087 Ostendit
534 3043 702 3086 Phariis
747 3042 952 3100 AEgyptia
1001 3041 1126 3085 litora

279 3110 480 3152 flammis.
503 3127 525 3147 »
555 3110 773 3152 Praeterea
803 3110 939 3152 scribe
968 3124 1019 3151 ex
1043 3108 1125 3151 tri-

278 3173 358 3216 bus
369 3207 381 3227 ,
399 3177 459 3215 Et
468 3178 636 3230 siquem
650 3176 771 3216 dabit
781 3190 886 3216 aura
895 3177 1045 3217 sinum.
1064 3171 1126 3215 H.

278 3239 482 3280 ——Dabit
495 3242 642 3281 sinam.
663 3237 840 3282 inflabit
858 3237 951 3279 vela
971 3253 980 3278 :
1001 3236 1069 3279 vel
1090 3235 1126 3279 si

278 3300 519 3345 ostenderit
550 3317 594 3344 se
626 3302 930 3358 opportunitas
956 3310 1001 3344 et
1030 3316 1125 3356 spes

279 3367 440 3424 aliquid
458 3368 737 3423 impetrandi.
767 3370 867 3412 Hoc
888 3378 952 3412 est
969 3401 981 3421 ‚
1003 3369 1037 3412 si
1059 3367 1126 3411 vi-

278 3432 393 3477 deris
408 3433 719 3489 imperatorem
734 3433 965 3476 Tiberium
982 3442 1026 3475 te
1039 3432 1124 3488 pla-

1209 1549 1305 1600 cide
1338 1547 1488 1591 audire
1519 1545 1774 1603 loquentem
1801 1561 1882 1602 pro
1902 1560 1988 1589 me.
2005 1568 2060 1578 -

1211 1616 1380 1657 laxate
1396 1614 1599 1656 rudentes.
1629 1610 1697 1654 Eo
1719 1609 1880 1654 flectite
1901 1609 2059 1667 pedem

1211 1688 1256 1722 et
1282 1678 1390 1722 vela.
1416 1677 1573 1722 Solent
1601 1676 1723 1719 enim
1751 1683 1898 1719 nautae
1919 1689 2060 1731 quan-

1211 1743 1356 1800 doque
1385 1743 1432 1785 in
1451 1742 1686 1796 dextram,
1720 1739 1984 1797 quandoque
2012 1739 2059 1781 in

1211 1810 1430 1855 sinistram
1451 1808 1546 1852 vela
1565 1804 1743 1852 fle‘ctere
1755 1840 1767 1862 ‚
1788 1807 1836 1850 in
1852 1821 1949 1850 eam
1965 1821 2060 1862 par-

1211 1885 1303 1921 tem
1319 1909 1330 1930 ,
1354 1874 1473 1920 unde
1493 1874 1612 1918 venti
1631 1872 1755 1917 flant.

1270 1949 1334 2002 74.
1357 1946 1418 1987 Ut
1427 1960 1521 1987 mea
1531 1947 1652 1986 navis
1664 1945 1797 1998 aquis.
1810 1938 1959 1984 Nostri
1977 1938 2058 1990 sic;

1210 2010 1286 2054 sed
1312 2013 1461 2069 cymba
1479 2011 1603 2066 vadis
1622 2009 1886 2051 Puteaneus.

1270 2076 1334 2130 75.
1364 2074 1558 2116 Maccus.
1578 2071 1735 2115 Frater
1753 2079 1866 2113 tuus.
1886 2068 1957 2112 Ab
1977 2068 2060 2111 hoc

1216 2138 1372 2182 Flacco
1404 2138 1559 2180 volunt
1591 2135 1770 2192 quidam
1804 2133 2059 2177 Valachiam

1211 2202 1342 2248 fuisse
1363 2201 1525 2246 dictam
1561 2199 1666 2242 olim
1685 2202 1920 2250 Flam-iam,
1942 2197 2058 2254 quod

1210 2275 1378 2312 no‘men
1398 2266 1561 2310 sensim
1580 2262 1827 2321 corruptela
1845 2263 2061 2306 sermonis

1213 2335 1386 2379 transiit
1404 2333 1450 2376 in
1479 2333 1743 2376 Valachiam.
1778 2329 1893 2373 Vide
1916 2329 2060 2373 Geor-

1219 2399 1277 2456 gii
1286 2416 1311 2442 a
1320 2393 1670 2457 Reychersdorff
1679 2393 2060 2452 Chorographiam

1212 2462 1539 2523 Transylvaniae
1555 2495 1567 2517 ,
1587 2477 1682 2519 pag.
1716 2460 1769 2503 33
1786 2493 1798 2514 ‚
1835 2460 1909 2516 qui
1938 2458 2060 2502 addit

1207 2525 1315 2574 ⁴hinc
1326 2529 1726 2574 adhucRomanum
1736 2525 1795 2569 ibi
1805 2541 2059 2570 sermonem

1210 2592 1369 2637 durare
1381 2626 1393 2648 ‚
1412 2592 1512 2636 licet
1526 2590 1770 2635 admodum
1789 2598 2057 2647 corruptum.

1212 2657 1301 2702 sed
1320 2657 1388 2702 hae
1418 2655 1589 2700 fabulae.
1622 2656 1892 2701 Walacbiam
1921 2670 2058 2697 voca-

1209 2731 1315 2783 runt
1343 2722 1504 2773 exteri;
1535 2720 1611 2765 sed
1639 2719 1893 2776 Hungarica
1908 2717 2057 2773 lingua

1208 2785 1460 2829 Walachos
1480 2784 1624 2828 vocari
1652 2784 1763 2826 Olah
1780 2816 1791 2833 ‚
1821 2781 1890 2825 vel
1921 2782 2055 2823 Olaclz

1207 2851 1335 2896 docet
1360 2851 1485 2894 Foris
1505 2847 1736 2892 Otrokocsi
1751 2847 1796 2889 in
1815 2844 2054 2902 Originum

1211 2916 1414 2973 Hungar.
1433 2917 1524 2972 c'ap.
1545 2913 1672 2966 XIV,
1694 2927 1787 2967 pag.
1809 2910 1889 2953 308
1906 2943 1917 2964 ,
1934 2909 2053 2952 unde

1215 2982 1405 3025 Valachi
1426 2988 1472 3023 et
1517 2979 1718 3022 Walachi
1741 2976 1844 3019 dicti
1878 2977 1929 3033 ab
1951 2975 2055 3020 aliis.

1210 3043 1312 3087 Non
1327 3043 1473 3086 sanior
1493 3057 1598 3084 vero
1619 3041 1797 3097 reliquis
1813 3073 1824 3094 ,
1847 3041 1921 3097 qui
1942 3040 2054 3084 circa

1205 3107 1395 3164 origines
1429 3107 1628 3163 gentium
1659 3121 1770 3162 saepe
1803 3105 2053 3162 ineptiunt,

1207 3173 1330 3216 Foris
1341 3173 1448 3229 ipse,
1460 3172 1532 3228 qui
1543 3171 2055 3215 mulieremvvalacham

1205 3254 1227 3281 a
1251 3237 1452 3296 Phrygiae
1468 3238 1527 3280 ita
1551 3238 1675 3292 urbe,
1699 3252 1831 3294 quam
1841 3227 2054 3283 ὀλοοσσένα

1203 3314 1328 3348 vocat
1349 3305 1600 3355 Homerus,
1629 3303 1680 3346 Il.
1696 3304 1766 3358 II,
1795 3304 1898 3362 739,
1921 3302 2052 3345 dedu·

1205 3369 1275 3413 cit.
1297 3370 1459 3413 Bumu.

1260 3449 1323 3487 77.
1338 3435 1494 3490 Mysas
1503 3439 1661 3487 gentes.
1674 3433 1866 3490 Populos
1882 3430 2049 3491 Mysiae.
