2280 3776
277 275 385 344 446

747 280 811 332 Ρ.
855 279 1143 334 OVIDII
1185 281 1561 340 NASONIS

277 391 442 469 Signa
476 416 698 474 quoque
725 393 782 452 in
808 393 938 453 sella
963 418 1182 457 nossem
1215 396 1443 460 formata
1473 400 1683 474 curuli3

353 488 428 545 Et
458 500 636 546 totum
666 487 918 549 Numidae
946 489 1199 574 sculptile
1225 492 1403 554 dentis
1435 518 1593 578 opus.

271 580 350 639 At
377 604 546 662 quum
575 582 836 663 Tarpeias
864 606 1006 644 esses
1036 586 1302 649 deductus
1331 587 1388 647 in
1417 613 1565 650 arces
1583 636 1598 662 ‚

356 679 506 737 Dum
533 679 748 740 caderet
775 681 931 762 jussu
959 682 1176 742 victima
1209 707 1358 743 sacra
1387 699 1515 757 tuo;
1994 709 2049 750 30

272 775 366 833 Me
400 798 623 857 quoque
653 791 860 836 secreto
894 793 1074 855 grates
1106 779 1212 838 sibi
1242 803 1475 858 magnus
1503 795 1750 859 agentem

352 870 640 942 Audisset‚
671 872 847 932 media
876 874 971 956 qui
1002 875 1153 935 sedet
1180 875 1319 947 aede,
1349 877 1517 938 Deus.

271 968 530 1050 Turaque
557 982 736 1028 mente
770 970 943 1046 magis
970 969 1133 1052 plena
1166 996 1327 1054 quam
1358 972 1541 1046 lance,
1572 974 1872 1050 dedissem,

352 1064 463 1122 Ter
493 1079 683 1146 quater
713 1065 929 1148 imperii
958 1066 1116 1127 laetus
1145 1068 1359 1128 honore
1387 1069 1486 1129 tui.

272 1158 377 1217 Hic
407 1182 508 1235 ego
538 1176 830 1242 praesentes
860 1162 1002 1222 inter
1033 1187 1350 1224 numerarer
1377 1165 1608 1238 amicos3
1652 1192 1655 1194 ·
1995 1185 2049 1227 35

350 1254 514 1313 Mitia
537 1255 629 1336 jus
658 1256 816 1317 urbis
843 1257 890 1316 si
915 1257 1080 1317 modo
1113 1258 1224 1318 fata
1253 1258 1460 1319 darent.

273 1352 520 1434 Quaeque
550 1353 686 1412 mihi
716 1354 833 1414 sola
860 1356 1075 1438 capitur
1102 1380 1249 1417 nunc
1278 1373 1460 1422 mente
1485 1357 1742 1441 voluptas
1760 1406 1775 1432 ,

352 1450 511 1507 Tune
543 1448 718 1508 oculis
751 1450 912 1508 etiam
941 1450 1293 1532 percipienda
1321 1451 1481 1511 foret.

271 1548 398 1605 Non
423 1546 498 1606 ita
531 1544 816 1605 Caelitibus
850 1547 1025 1606 visum
1061 1562 1169 1621 est,
1203 1563 1259 1607 et
1285 1548 1517 1608 forsitan
1543 1550 1712 1631 aequis
1740 1575 1752 1610 ε

356 1645 493 1704 Nam
526 1643 660 1726 quid
688 1667 774 1704 me
801 1667 977 1727 poenae
1008 1669 1167 1706 causa
1198 1660 1389 1724 negata
1417 1647 1609 1728 juvet?
1995 1666 2050 1722 40

271 1741 460 1801 Mente
492 1755 672 1800 tamen
692 1788 706 1813 ,
738 1765 858 1824 quae
888 1740 1004 1802 sola
1031 1740 1158 1802 loco
1188 1766 1305 1802 non
1333 1742 1572 1816 exsulat,
1605 1758 1764 1803 utar:

353 1839 712 1912 Praetextam‚
742 1840 914 1900 fasces
947 1840 1356 1924 adspiciamque
1385 1857 1530 1902 tuos.

274 1933 404 1992 Haec
431 1933 600 1992 modo
630 1947 682 1992 te
712 1933 923 2017 populo
953 1935 1272 1996 reddentem
1295 1935 1418 2016 jura
1445 1935 1681 2008 videbit,

356 2028 429 2087 Et
455 2052 510 2088 se
538 2029 757 2089 secretis
784 2029 956 2108 finget
981 2030 1169 2091 adesse
1200 2030 1351 2090 locis.

274 2125 434 2183 Nunc
461 2124 615 2202 longi
643 2123 853 2185 reditus
881 2126 1053 2187 hastae
1082 2149 1391 2211 supponere
1410 2124 1582 2188 ‘lustri
1995 2143 2048 2198 45

356 2223 558 2284 Cernet
575 2271 589 2296 ,
618 2238 674 2283 et
700 2238 886 2283 exacta
911 2238 1106 2296 cuncta
1130 2224 1309 2285 locare
1336 2223 1457 2283 fide.

275 2362 399 2405 vestis
414 2378 464 2405 ex
474 2377 666 2418 purpura
677 2361 878 2418 dibapha,
893 2361 958 2406 bis
971 2362 1122 2418 tincta,

277 2443 373 2483 quae
387 2425 551 2470 cunctis
567 2435 659 2470 erat
674 2427 915 2483 pretiosior.

330 2495 395 2536 28.
408 2494 470 2535 Et
479 2498 608 2535 totum
621 2507 726 2548 opus
742 2495 945 2547 sculptile.
962 2491 1011 2536 Id
1030 2501 1094 2536 est
1108 2526 1119 2547 ‚

277 2565 421 2600 totum
441 2572 550 2612 opus
569 2556 788 2613 sculptum
805 2557 850 2599 in
871 2573 920 2600 ea
940 2557 1053 2601 sella.
1067 2580 1123 2589 —-

272 2624 517 2666 —Numidae
537 2625 687 2665 dentis.
706 2621 864 2665 Dentis
881 2621 1121 2678 elephantis

274 2687 523 2741 Numidici,
557 2695 602 2730 et
628 2685 837 2729 Africani.
867 2687 957 2729 Pro
984 2689 1121 2730 dentis

271 2770 387 2809 opus,
401 2768 515 2796 unus
529 2751 712 2795 Medon.
725 2754 860 2794 dentis
870 2755 985 2805 ebur,·
994 2752 1120 2795 male.

328 2815 393 2870 34.
431 2817 511 2859 Ter
530 2823 686 2871 quater.
727 2815 833 2858 Haec
859 2815 989 2858 verba
1017 2814 1123 2857 Me-

273 2881 368 2923 rula
384 2879 437 2922 ad
456 2883 662 2923 dedissem
678 2887 772 2923 tura
782 2878 915 2922 refert
929 2897 940 2931 ;
959 2879 1120 2939 Micyl-

274 2946 340 2988 lus
363 2944 417 2987 ad
439 2948 557 2986 laetus
578 2960 590 2986 .·
622 2944 830 2987 Heinsius
850 2944 1121 3001 distinguens

275 3018 371 3065 post
399 3017 555 3064 quater,
581 3007 754 3051 videtur
780 3008 966 3051 Merulae
998 3024 1121 3052 acce-

274 3073 392 3115 dere.
418 3071 506 3114 Sed
527 3087 664 3127 quum
679 3073 896 3116 ternarius
910 3087 1120 3116 numerus

274 3138 320 3178 in
341 3137 469 3179 sacris
491 3137 696 3180 solemnis
720 3145 831 3180 esset
852 3171 863 3191 ,
891 3153 973 3180 nec
996 3136 1121 3180 illum

277 3215 515 3242 numerum
533 3186 740 3244 exceder'e
757 3201 907 3257 religio
923 3200 1118 3256 juberet,

279 3281 360 3322 ego
378 3281 478 3308 cum
504 3270 621 3308 laetus
641 3268 777 3324 jungo
795 3284 805 3311 z
829 3266 996 3310 dictum
1015 3280 1119 3309 vero

279 3329 389 3373 utin
408 3327 592 3370 formula
603 3361 614 3383 ,
637 3340 773 3386 terque
783 3339 1002 3388 quaterque
1019 3333 1120 3378 bea-

276 3402 342 3437 lus
360 3393 471 3450 apud
487 3391 610 3449 Virg.
633 3393 738 3437 AEn.
761 3397 782 3438 I
798 3427 811 3450 ,
834 3398 899 3454 94.

1260 2363 1325 2406 36.
1347 2365 1431 2405 Jus
1450 2365 1576 2405 urbis.
1598 2361 1676 2405 Est
1699 2368 1846 2405 autem
1871 2378 2045 2407 sensus:

1208 2427 1256 2471 Si
1283 2428 1371 2471 fata
1397 2427 1504 2470 mihi
1529 2425 1686 2470 darent
1710 2427 1778 2483 jus
1800 2427 1946 2470 urbis:
1967 2427 2049 2472 hoc

1207 2501 1293 2548 est,
1312 2501 1361 2536 ut
1383 2507 1551 2550 possem
1571 2491 1617 2534 in
1632 2490 1738 2534 urbe
1758 2524 1768 2546 ,
1787 2492 1873 2534 sive
1895 2492 2050 2536 Romae

1203 2574 1293 2601 esse
1306 2591 1318 2613 ,
1341 2572 1528 2614 praesens
1546 2556 1662 2599 inter
1681 2565 1914 2612 praesentes
1936 2558 2050 2599 ami-

1202 2639 1274 2667 cos
1294 2632 1391 2666 tuos
1420 2638 1690 2666 numerarer.
1715 2623 1845 2666 Nunc
1873 2623 2047 2678 quando

1202 2689 1284 2732 hoc
1302 2705 1391 2732 non
1408 2688 1507 2732 licet
1523 2721 1536 2743 ,
1559 2689 1710 2742 absens
1725 2688 1871 2731 animo
1885 2704 1934 2731 ea
1948 2704 2049 2731 con-

1205 2751 1471 2809 templabor,
1503 2767 1599 2807 quae
1618 2767 1764 2796 coram
1797 2751 1928 2795 oculis
1954 2768 2045 2795 non

1203 2833 1392 2874 possum.
1422 2817 1567 2860 Pou'r.

1256 2884 1283 2936 4
1291 2900 1324 2926 ι.
1344 2882 1485 2924 Mena
1495 2888 1601 2932 utar.
1616 2879 1771 2922 Malim
1788 2888 1920 2923 mente
1932 2896 2046 2923 usus.

1258 2948 1324 3000 42.
1339 2948 1588 2989 Pru-textam
1603 2952 1683 2986 etc.
1697 2944 1879 2988 Vestem
1896 2961 2048 2988 consu-

1201 3009 1350 3052 larem.

1256 3076 1321 3128 45.
1334 3075 1513 3115 Beditus
1522 3075 1653 3116 lustri.
1667 3072 1913 3116 Proventus
1925 3073 2047 3129 quin-

1203 3138 1462 3194 quennales:
1479 3154 1583 3181 nam
1602 3139 1823 3195 vectigalia
1842 3139 2046 3182 locaban—

1202 3213 1275 3247 tur
1295 3204 1346 3247 ad
1369 3204 1732 3262 quinquennium.
1749 3207 2047 3261 —Supponere

1200 3274 1344 3315 haste.
1360 3272 1522 3315 Locare
1543 3273 1588 3315 in
1607 3272 1774 3329 publica
1791 3274 2002 3316 auctione.

1255 3336 1321 3391 46.
1339 3337 1510 3379 Exacta
1513 3338 1619 3392 fide.
1639 3337 1765 3380 Bona
1782 3336 1938 3380 fide.--
1944 3338 2045 3379 Cre-

1200 3402 1280 3444 det.
1301 3403 1449 3445 Cemet
1462 3416 1563 3447 cum
1585 3418 1656 3446 sex
1672 3402 1850 3459 scriptis.
1874 3402 1932 3444 H.
