2280 3776
510 366 957 423 TRISTmM
1004 367 1160 419 LIB.
1203 366 1276 420 v.
1332 364 1572 419 ELEG.
1617 365 1804 419 xm.
1926 364 2031 433 245

276 486 480 569 Accipe
498 531 513 556 ‚
545 509 656 569 quo
685 506 897 566 semper
921 482 1110 543 finitur
1137 480 1370 565 epistola
1398 481 1566 543 verbo
1583 527 1599 553 ‚

358 582 518 664 Aque
545 580 681 641 meis
708 579 909 641 distent
936 593 999 639 ut
1028 591 1121 639 tua
1147 578 1286 650 fata,
1315 577 1446 637 vale.

334 722 402 777 34.
420 722 558 779 Atque
573 725 674 765 meis
694 723 860 764 dictent.
880 721 1002 777 Aque
1019 719 1125 763 scri-
1203 719 1394 765 bilissimi
1412 729 1453 763 et
1469 716 1791 771 humanissimi,
1807 714 1953 761 codex.
1968 714 2042 760 Cl'.

282 787 493 844 bendum,
507 797 556 833 ut
572 786 934 843 Carolistrome,
954 787 1033 831 viri
1049 801 1125 830 no·
1206 784 1261 829 ad
1285 785 1438 830 Amor.
1461 784 1505 828 11
1523 817 1535 839 ,
1558 797 1660 838 xiv,
1682 798 1743 827 vs.
1759 782 1814 825 30
1832 799 1843 835 ;
1866 788 1912 825 et
1931 781 2043 824 alibi.

282 949 1358 959 m———mffl--w-.——-m--
1368 949 1432 953 -.ο
1446 948 1490 953 -.-
1500 947 1797 954 -...,-.--·,.-..,-.
1809 945 2010 951 *-
2028 946 2036 950 .

891 961 1258 969 *a*
1592 958 2031 966 ’ὼς-...-

839 1061 1236 1133 ELEGIA
1282 1061 1483 1131 XIV.

829 1391 1488 1451 ARGUMENTUM.

290 1534 343 1577 ln
380 1531 460 1577 hac
498 1531 650 1576 ultima
685 1531 824 1590 elegia
854 1531 976 1577 uxori
1010 1530 1384 1590 immortalitatem
1419 1529 1647 1588 pollicetur
1675 1538 1839 1587 poeta;
1873 1529 2060 1585 dicitque

341 1598 500 1643 multas
519 1599 614 1643 fore
631 1632 643 1655 ,
665 1614 783 1656 quoe,
806 1598 1004 1656 quamvis
1031 1614 1130 1643 eam
1160 1600 1365 1642 miseram
1390 1615 1479 1643 esse
1508 1599 1781 1651 existiment,
1813 1597 1871 1641 illi
1912 1608 2059 1641 tamen

343 1668 599 1724 invideant,
635 1678 679 1713 et
706 1669 882 1714 felicem
912 1669 1131 1727 adpellent
1163 1686 1174 1714 t
1206 1668 1423 1727 simulque
1448 1668 1656 1720 ostendit,
1681 1667 1788 1712 nihil
1816 1685 1838 1711 a
1858 1684 1902 1710 se
1922 1668 2062 1722 majus

341 1739 534 1796 praestari
554 1739 753 1796 potuisse.
790 1738 927 1796 Quod
947 1755 1083 1797 quum
1104 1740 1163 1802 ita
1179 1740 1233 1785 sit
1247 1772 1259 1796 ,
1281 1755 1378 1784 eam
1401 1739 1623 1794 hortatur,
1647 1749 1695 1784 ut
1716 1738 1760 1782 in
1780 1738 1866 1783 fide
1887 1754 2062 1795 perma—

346 1815 478 1861 neat,
501 1822 558 1850 ne
581 1823 604 1849 a
624 1822 843 1863 quoquam
872 1806 970 1863 jure
1000 1807 1187 1851 accusari
1218 1817 1347 1865 queat
1368 1823 1378 1850 ε
1399 1808 1688 1865 exemplisque
1714 1807 1843 1851 etiam
1878 1805 2034 1864 probat
2049 1837 2061 1859 ,

345 1874 559 1932 ejusmodi
575 1875 709 1919 fidem
731 1892 833 1934 erga
853 1874 1032 1921 maritos
1050 1875 1172 1920 nullo
1195 1889 1391 1934 unquam
1413 1892 1504 1921 aevo
1524 1877 1656 1920 taceri
1675 1875 1859 1919 solitam.

296 2000 579 2109 QUANTA
613 2026 715 2087 tibi
745 2026 995 2104 dederint
1022 2027 1197 2087 nostri
1227 2022 1581 2094 'monumenta
1608 2026 1818 2101 libelli,

371 2126 427 2188 Ο
455 2125 593 2188 mihi
620 2150 705 2187 me
736 2126 934 2208 conjux
962 2126 1166 2198 carior,
1199 2127 1318 2210 ipsa
1348 2127 1512 2189 vides.

290 2224 559 2289 Detrahat
585 2225 796 2286 auctori
826 2223 1059 2285 multum
1088 2222 1309 2286 fortuna
1336 2225 1555 2298 licebit;

331 2337 333 2339 ’
371 2321 462 2381 Tu
492 2336 671 2382 tamen
697 2321 921 2400 ingenio
945 2321 1088 2382 clara
1114 2322 1282 2383 ferere
1308 2346 1460 2382 meo:

293 2415 555 2503 Dumque
580 2414 758 2495 legar,
789 2440 1000 2477 mecum
1029 2417 1234 2499 pariter
1259 2431 1351 2477 tua
1379 2416 1523 2477 fama
1551 2415 1788 2495 legetur3

376 2513 490 2572 Nec
517 2526 676 2596 potes
706 2513 764 2571 in
790 2527 1016 2572 moestos
1042 2513 1221 2573 omnis
1247 2514 1400 2573 abire
1427 2538 1611 2592 rogos,

298 2606 599 2690 Quumque
626 2605 729 2666 viri
757 2629 884 2666 casu
913 2607 1094 2690 possis
1122 2607 1427 2670 miseranda
1451 2608 1655 2681 videri,

379 2705 629 2764 Invenies
654 2703 896 2786 aliquam,
929 2727 1079 2786 quae,
1110 2704 1260 2787 quod
1289 2727 1345 2764 es
1364 2751 1380 2776 ‚
1413 2727 1529 2766 esse
1555 2704 1757 2775 velint;

299 2799 440 2879 Quae
471 2813 553 2873 te,
581 2815 899 2861 nostrorum
926 2825 1095 2883 quum
1126 2801 1200 2861 sis
1229 2801 1286 2860 in
1311 2816 1466 2884 parte
1491 2801 1792 2875 malorum,

2042 2432 2065 2473 2*-

379 2895 615 2958 Felicem
644 2896 858 2970 dicant,
888 2896 1273 2980 invideantque
1301 2898 1424 2958 tibi.
2025 2929 2071 2954 ιι»

329 3032 338 3043 “
360 3054 396 3082 1.
419 3040 588 3093 Quanta
605 3044 688 3084 tibi
699 3044 876 3085 dederim
893 3046 1049 3084 nosln}
1067 3057 1149 3084 mo·
1283 3041 1321 3083 3.
1343 3042 1538 3084 Multum.
1567 3043 1736 3084 Vultum
1763 3041 1938 3098 Regius.

302 3107 498 3145 numento
511 3106 680 3146 lzzellezc.
696 3106 901 3148 Dedeeint
916 3108 1052 3149 nostri
1062 3121 1149 3147 mo-
1282 3108 1321 3159 4.
1345 3108 1408 3149 Τιι
1424 3114 1559 3149 tamen
1573 3111 1747 3161 ingenio.
1762 3107 1926 3150 Versus
1939 3122 1990 3149 ex
2002 3107 2073 3149 in-

303 3174 499 3210 numento
525 3170 662 3211 libelli
689 3170 934 3227 Hamburg.
960 3179 1005 3213 et
1035 3185 1147 3213 unus
1229 3172 1356 3230 genio
1371 3187 1473 3214 meo
1487 3171 1674 3227 profecti
1688 3181 1729 3214 te
1743 3171 2031 3215 illustrabunt.

307 3231 506 3275 vatican.
530 3241 659 3275 recte.
681 3233 742 3276 H.
1282 3237 1321 3279 6.
1341 3238 1557 3289 Necpotes
1571 3239 1615 3278 in
1635 3244 1800 3278 moestos
1813 3241 1949 3278 omnis
1961 3239 2076 3278 abire

365 3313 400 3338 α.
416 3298 639 3341 Omibime
650 3301 795 3340 carior.
805 3297 1021 3355 Exprimit
1030 3297 1147 3343 hunc
1226 3317 1359 3356 rogos.
1390 3301 1493 3345 Non
1519 3308 1659 3357 potest
1677 3299 1795 3343 fama
1812 3309 1886 3351 tua
1905 3300 2074 3357 penitus

309 3377 530 3416 amorem,
551 3362 621 3405 lib.
639 3363 736 3416 111,
755 3362 877 3419 Eleg.
892 3376 948 3406 111
963 3396 976 3417 ,
996 3380 1055 3408 vs.
1075 3367 1144 3408 15:
1229 3364 1363 3408 deleri
1380 3396 1392 3419 ‚
1417 3365 1793 3422 quemadmodum
1814 3382 1971 3423 corpus
1999 3366 2076 3408 ab·

314 3445 337 3465 «
359 3427 524 3470 Omnia
547 3443 684 3482 quum
702 3427 886 3472 subeant
899 3460 912 3483 ,
930 3428 1147 3473 vincista-
1231 3430 1418 3487 sumitur
1436 3446 1555 3487 rogo.

315 3507 421 3535 men
444 3492 591 3536 omnia
609 3492 780 3550 conjux.
793 3510 817 3530 »
1305 3512 1333 3554 9
1355 3498 1600 3540 Nostrorum
1611 3499 1822 3542 malorum.
1843 3497 1959 3540 Mcae
1972 3494 2084 3538 cala-
