2268 3848
536 294 1002 353 TRISTIUM
1042 296 1213 352 LIB.
1258 297 1307 351 1.
1354 295 1608 351 ELEG.
1665 298 1713 351 1.
1988 300 2020 353 3

314 414 572 478 Fortunae
597 436 894 476 memorem
924 427 977 474 te
1006 411 1163 475 decet
1188 436 1306 475 esse
1336 416 1484 475 meae.
1974 449 2025 478 ιο

235 512 351 574 Nec
380 511 562 593 fragili
592 510 817 591 geminae
845 508 1131 594 poliantur
1157 510 1375 594 pumice
1406 510 1642 585 frontes,

321 609 586 670 Hirsutus
616 607 793 691 passis
818 621 883 668 ut
911 606 1128 668 videare
1154 607 1350 667 comis.

239 706 389 766 Neve
414 703 703 766 liturarum
732 702 976 788 pudeat:
1006 704 1104 788 qui
1130 703 1329 766 viderit
1358 702 1512 779 illam,

320 800 407 862 De
437 798 692 883 lacrymis
719 798 889 860 lactas
914 798 1111 859 sentiet
1140 822 1259 861 esse
1286 799 1441 861 meis.

240 899 394 961 Vade
413 945 428 972 ‚
459 896 633 972 liber,
667 897 959 981 verbisque
989 896 1127 958 meis
1157 895 1277 958 loca
1307 910 1461 976 grata
1491 894 1669 958 saluta
1689 917 1707 954 z
1985 916 2036 957 15

326 995 666 1075 Contingam
692 1008 836 1056 certe
867 1018 983 1078 quo
1015 992 1145 1054 licet
1177 991 1268 1054 illa
1299 993 1458 1077 pede.

243 1091 302 1154 Si
332 1092 491 1178 quis,
521 1105 586 1152 ut
613 1090 672 1150 in
702 1089 943 1174 popu10‚
972 1090 1153 1151 nostri
1185 1114 1300 1150 non
1329 1090 1619 1151 immemor
1642 1090 1754 1151 illic
1774 1136 1789 1162 ‚

329 1187 389 1249 Si
417 1187 576 1273 quis,
604 1186 730 1271 qui,
765 1186 897 1271 quid
929 1210 1116 1266 agam,
1149 1187 1293 1248 sorte
1322 1187 1603 1271 requirat,
1635 1188 1773 1259 erit;

244 1283 442 1347 Vivere
467 1307 555 1346 me
583 1283 760 1356 dices,
792 1282 1003 1345 salvum
1033 1298 1215 1346 tamen
1244 1307 1361 1346 esse
1392 1283 1623 1363 negabis
1655 1308 1668 1344 ε

327 1382 394 1445 ld
422 1406 678 1469 quoque,
711 1382 865 1467 quod
893 1382 1069 1443 vivam
1087 1430 1101 1456 ‚
1128 1406 1331 1444 munus
1361 1381 1561 1444 habere
1595 1382 1715 1443 Dei.
1992 1414 2046 1442 20

245 1482 434 1568 Atque
462 1482 539 1545 ita
568 1496 623 1544 te
659 1495 853 1544 cautus
886 1480 1151 1566 quaerenti
1179 1480 1341 1566 plura
1370 1479 1692 1561 legendum,

306 1637 370 1666 ιι.
411 1622 607 1666 Gemina·-
648 1620 899 1677 Utramque
942 1618 1105 1664 charta

201 1718 204 1719 ν
248 1685 478 1746 planitiem
509 1685 740 1745 intelligit,
775 1694 880 1744 puta
907 1685 1109 1730 exterio-

250 1767 350 1797 rem
373 1784 386 1809 ,
418 1759 463 1797 et
496 1751 757 1796 interiorem
790 1765 802 1795 τ
837 1766 935 1809 que
968 1750 1109 1795 amboe

250 1817 372 1876 prius
401 1816 574 1875 pumice
605 1814 899 1869 radebantur,
927 1823 1023 1859 tum
1052 1801 1127 1860 ob¹

249 1881 512 1941 elegantiam
527 1914 539 1938 ,
561 1890 656 1926 tum
680 1896 736 1925 ne
764 1879 971 1939 asperitas
995 1880 1110 1924 rala-

249 1962 380 1992 mum
406 1945 662 1991 offenderet
685 1961 733 1990 ac
759 1944 1026 1997 retardarem
1050 1945 1109 1990 sic

235 2022 297 2059 ·et
317 2013 510 2059 Martial.
532 2013 602 2059 111
620 2046 632 2070 ,
650 2027 709 2068 11,
735 2031 756 2069 7
772 2046 785 2068 ‚
803 2012 964 2056 librum
979 2029 1109 2057 sunm

251 2079 494 2139 adloquens
524 2078 584 2124 ait
612 2095 622 2123 :
652 2098 674 2117 a
703 2078 855 2123 Cedro
874 2094 995 2123 nunc
1013 2079 1111 2125 licet

257 2143 455 2190 ambules
469 2152 714 2203 perunctus
724 2177 736 2200 ,
773 2143 831 2189 Et
857 2144 1015 2188 frontis
1035 2160 1114 2202 ge-

252 2211 380 2257 mino
394 2210 554 2257 decens
571 2211 756 2268 bonore,
770 2211 904 2256 Pictis
917 2210 1112 2255 luxurie-

251 2278 313 2325 ris
325 2277 539 2325 umbilicis
550 2311 563 2335 ,
582 2278 703 2330 Ette
719 2293 914 2336 purpura
929 2277 1112 2322 delicata

252 2347 398 2403 velet,
419 2347 479 2392 Et
489 2362 619 2391 cocco
638 2346 793 2390 rubeat
806 2345 1020 2401 superbus
1040 2344 1114 2388 in—

254 2411 354 2459 dex.
368 2428 394 2452 ι·
411 2434 467 2449 ·-
481 2414 831 2470 mgmpumte.
853 2410 996 2455 Erant
1024 2427 1113 2455 au-

259 2487 352 2523 tem
364 2478 561 2537 pumices
574 2478 619 2522 in
634 2494 716 2522 usu
729 2477 1039 2536 poliendorum
1059 2477 1115 2521 li-

256 2544 440 2602 brorum
463 2541 626 2600 gratia:
647 2540 929 2586 laudatissimi
949 2542 1114 2587 suntin

257 2606 400 2662 Melo,
411 2606 567 2667 Scyro,
583 2614 627 2650 et
642 2605 796 2650 AEoliis
810 2605 960 2650 insulis
977 2622 1114 2664 :pro-

258 2671 377 2717 batio
391 2672 439 2716 in
456 2670 664 2726 candore,
685 2670 785 2716 etin
798 2670 986 2715 minimo
1001 2687 1117 2729 pon-

259 2735 366 2780 dere
381 2768 394 2791 ,
419 2743 464 2780 et
486 2743 682 2792 utquam
694 2734 881 2778 maxime
896 2734 1116 2792 spongiosi

261 2808 392 2858 atque
408 2799 518 2844 aridi
528 2800 614 2845 sint
628 2833 640 2855 ,
657 2815 705 2844 ac
719 2799 801 2843 teri
815 2799 959 2844 faciles
973 2818 983 2852 ;
997 2798 1117 2843 unde

262 2865 451 2912 Ovidius
462 2882 555 2911 non
570 2865 794 2910 immerito
809 2898 822 2920 ,
831 2866 1035 2923 fragilem
1047 2881 1116 2923 ap·

259 2931 447 2992 pellavit.

322 3013 383 3042 ιι.
412 2997 581 3053 ἅρπη-ιλ·
603 2999 748 3042 comat.
778 2997 932 3040 Passis
956 2994 1116 3040 editio-

261 3079 341 3108 nes
351 3063 558 3121 antiquae,
574 3073 620 3108 et
632 3062 935 3119 interscriptos
946 3062 1116 3107 codices

262 3125 390 3173 m'ulti
409 3129 572 3186 :probe
594 3145 605 3173 ι
627 3127 737 3172 nihil
754 3126 1028 3184 frequentius
1044 3143 1117 3172 oc-

263 3192 401 3237 currit
410 3192 527 3250 apud
536 3193 773 3238 Nasonem.
783 3192 1042 3237 Hafniensis
1050 3210 1117 3237 co·

263 3273 358 3302 mas
374 3273 455 3316 pro
475 3257 644 3302 diversa
660 3257 846 3303 lectione
861 3275 872 3312 ;
892 3267 942 3302 ut
957 3258 1116 3302 usitato

265 3323 488 3383 grecismo
523 3324 724 3369 videatur
766 3325 1076 3383 reponendum
1099 3342 1112 3371 z

269 3409 291 3430 κ
301 3391 510 3436 Hirsutus
521 3407 660 3450 passas
673 3401 725 3437 ut
734 3393 909 3437 videare
923 3408 1116 3438 comas.»

266 3454 375 3501 Mox
387 3457 518 3502 etiam
534 3456 684 3502 sente’e}
694 3457 908 3504 meliores,
919 3458 1089 3504 Hzms.

1245 1620 1308 1665 13.
1327 1621 1583 1664 liturarum.
1601 1619 1893 1664 macularum.
1912 1619 2051 1665 ovid.

1188 1684 1300 1729 Her.
1324 1686 1393 1730 ΙΙΙ
1411 1718 1423 1738 ,
1449 1685 1473 1728 3
1494 1701 1505 1729 :
1527 1705 1547 1722 «ι
1573 1686 1890 1742 Quascumque
1904 1686 2050 1745 adspi-

1188 1749 1303 1804 cies,
1332 1750 1536 1809 larrymae
1561 1749 1703 1794 serere
1726 1750 1887 1794 lituras.
1914 1769 1937 1788 ιο

1253 1830 1315 1871 ι7.
1329 1815 1493 1871 Siquis,
1517 1822 1567 1858 u!
1576 1818 1795 1871 e’npopnlo.
1816 1820 2050 1862 nostn'etc.

1192 1880 1326 1924 Multi
1344 1885 1558 1925 ebnmemor
1565 1890 1731 1925 esstae:
1744 1881 1835 1925 duo
1847 1898 1948 1926 rum
1965 1883 2050 1942 pri·

1191 1962 1262 1991 ma
1275 1946 1468 1992 editione
1482 1950 1561 1991 mi.
1577 1947 1728 1993 Scribe
1740 1952 1833 1993 e'lle'c
1845 1966 1859 1992 .·
1869 1954 2052 2007 nequem

1190 2013 1322 2057 etiam
1341 2013 1635 2072 castigatiores
1657 2030 1668 2057 ε
1687 2030 1768 2072 pro
1786 2016 1839 2059 se·
1850 2021 1945 2072 qais
1966 2033 2047 2075 po-

1190 2077 1362 2122 steriori
1384 2094 1508 2122 versu
1525 2112 1537 2133 ,
1560 2095 1657 2136 qun·
1673 2080 1875 2136 repetitio
1890 2081 2050 2127 incon-

1189 2141 1320 2186 cinna
1341 2151 1431 2198 est,
1456 2143 1490 2187 si
1514 2143 1618 2200 quid
1645 2144 1774 2188 video
1790 2178 1802 2200 ,
1834 2147 1950 2190 Ce’oe‘s
1968 2163 2049 2191 re-

1190 2208 1301 2253 ctius
1331 2218 1574 2267 reponatur
1593 2243 1605 2265 ,
1632 2219 1872 2269 utcumque
1893 2228 2048 2257 mem-

1191 2272 1338 2318 branis
1359 2275 1566 2319 omnibus
1581 2275 1734 2320 invitis
1756 2292 1768 2319 ε
1802 2294 1824 2314 σι
1845 2276 1893 2320 Si
1917 2278 2013 2334 quis
2034 2311 2048 2333 ,

1192 2340 1301 2384 utin
1316 2340 1479 2398 populo
1498 2374 1510 2396 ,
1535 2342 1788 2386 nomiman
1811 2344 2051 2389 immemor

1190 2405 1278 2449 illic
1302 2404 1446 2461 Civis,
1489 2407 1562 2463 qui
1583 2440 1595 2461 ,
1615 2407 1720 2464 quid
1742 2423 1868 2467 agam
1882 2442 1895 2462 ‚
1931 2410 2048 2455 sorte

1191 2470 1390 2527 requirat
1405 2503 1417 2526 ,
1448 2471 1544 2515 erit.
1568 2489 1590 2509 ι·
1613 2472 1782 2518 Hssms.

1251 2550 1317 2579 ao.
1332 2538 1430 2582 Dei,
1444 2536 1630 2595 Augusti
1649 2536 1834 2584 Caaris
1848 2555 1859 2584 ε
1875 2556 1980 2585 nam
1995 2559 2052 2587 eo

1193 2617 1337 2660 usque¹
1351 2605 1560 2662 prooessit
1574 2622 1642 2650 ars
1658 2610 1940 2654 assentator-ia
1956 2644 1968 2666 ‚
1982 2611 2051 2657 vel

1193 2668 1339 2727 potius
1350 2670 1522 2728 politica
1533 2704 1548 2726 ,
1560 2680 1609 2717 ut
1621 2688 1741 2728 eum,
1752 2689 1886 2731 quem
1899 2676 2052 2722 nolue-

1195 2743 1295 2780 rant
1305 2751 1454 2793 regem
1464 2737 1675 2794 accipere,
1687 2738 1836 2783 Deum
1849 2739 2053 2788 fecerint.

1250 2818 1274 2845 a
1282 2818 1299 2844 ι
1306 2818 1406 2846 -am
1428 2803 1566 2859 Teque
1575 2807 1640 2846 1⁶!ae
1651 2811 1697 2855 φ
1705 2810 1877 2849 tacens.
1889 2807 2051 2868 Scripti

1194 2865 1336 2922 Atque
1343 2869 1408 2909 1⁰!ae
1421 2873 1468 2910 tn
1481 2901 1491 2918 ‚
1512 2866 1580 2911 vel
1593 2875 1636 2910 te
1646 2885 1659 2911 :
1668 2869 1807 2913 codex
1821 2871 2050 2918 Barberin.

1195 2938 1406 2986 praeterea
1421 2963 1435 2986 ,
1469 2932 1544 2988 qui
1575 2931 1694 2976 inter
1723 2935 1927 2981 meliores
1950 2950 2016 2984 est
2037 2974 2050 2996 ,

1195 3002 1348 3038 cautus
1366 2997 1586 3054 agnoscit3
1609 2996 1664 3041 de
1685 3014 1774 3055 quo
1794 3016 1896 3044 mox
1917 3003 2051 3048 vide-

1195 3060 1340 3104 bimus
1361 3076 1371 3105 :
1390 3067 1550 3106 lacerus
1563 3063 1682 3106 enim
1698 3064 1781 3108 dici
1794 3066 1863 3109 vix
1879 3076 2050 3126 potest,

1198 3142 1331 3183 quem
1352 3127 1608 3184 loquentem
1622 3128 1815 3182 induem
1831 3141 1878 3176 et
1892 3133 2050 3179 eadem

1195 3209 1279 3236 vox
1298 3193 1429 3250 paulo
1449 3203 1543 3251 post
1563 3195 1747 3240 iteratur
1765 3198 1912 3244 minus
1932 3217 2051 3245 con-—

1197 3259 1341 3302 cinne.
1360 3259 1729 3318 Hamas—Atque
1744 3267 1809 3306 ila
1818 3273 1863 3307 lu
1879 3271 2048 3311 tacitus.

1198 3324 1265 3368 Ut
1280 3324 1419 3368 ordo:
1440 3334 1570 3382 atque
1587 3326 1645 3370 ita
1663 3328 1817 3373 tacitus
1834 3334 2050 3387 quaerenti

1199 3391 1348 3449 plura,
1367 3400 1411 3436 te
1426 3391 1672 3450 legendum
1684 3394 1804 3439 dabis
1823 3412 1834 3439 :
1852 3413 1909 3441 ne
1930 3398 2047 3442 forte

1200 3458 1379 3516 loquare
1398 3475 1448 3504 ea
1461 3493 1472 3515 ,
1497 3476 1594 3517 quae
1607 3477 1700 3505 non
1714 3472 1777 3506 est
1792 3479 1900 3519 opus
1913 3464 2046 3520 loqui.
