2280 3776
433 257 546 312 Ex
586 258 884 315 PoNTo
922 259 1082 315 ΜΒ.
1128 261 1258 315 111.
1304 259 1581 317 EPIST.
1628 263 1823 319 v111.
1915 265 2022 334 ω

320 371 490 434 Nulla
522 390 783 457 premunt
810 399 994 436 ramos
1023 376 1269 459 pondere
1298 401 1462 461 poma
1492 402 1609 439 suo.

243 469 447 530 Tristia
479 469 755 531 deformes
783 470 1008 553 pariunt
1032 472 1308 533 absinthia
1339 474 1542 558 campi,
1978 497 2022 536 κ’,

323 566 604 649 Terraque
631 567 696 628 de
725 567 906 629 fructu
938 593 1103 651 quam
1131 569 1203 630 sit
1230 595 1407 631 amara
1441 573 1613 632 docet.

242 662 338 723 Nil
365 664 536 742 igitur
568 680 683 727 tota
713 666 878 727 Ponti
909 666 1130 745 regione
1163 666 1404 741 sinistri,

325 762 498 840 Quod
528 785 646 822 mea
674 761 937 824 sedulitas
964 763 1180 825 mittere
1211 780 1428 848 posset,
1458 781 1588 827 erat.

243 855 442 919 Clausa
476 873 657 919 tamen
684 859 811 919 misi
839 859 1101 944 Scythica
1126 861 1231 921 tibi
1259 859 1365 922 tela
1392 862 1646 944 pharetra
1670 886 1682 919 ε

320 954 526 1028 Hoste,
556 978 782 1038 precor,
813 956 948 1017 fiant
976 955 1069 1017 illa
1098 972 1321 1018 cruenta
1351 972 1468 1017 tuo.
1967 990 2020 1019 α.»

240 1050 361 1112 Hos
391 1051 559 1112 habet
587 1053 701 1112 haec
733 1053 1002 1130 calamos,
1030 1055 1135 1116 hos
1162 1055 1277 1115 haec
1304 1054 1474 1115 habet
1502 1040 1595 1116 ora
1618 1053 1837 1116 libellos
1865 1080 1876 1115 :

319 1151 450 1211 Haec
480 1151 630 1230 viget
655 1153 714 1212 in
745 1155 987 1228 nostriS,
1016 1154 1291 1225 Maxime,
1321 1154 1487 1213 Musa
1515 1151 1670 1213 locis,

238 1247 381 1327 Quae
410 1271 725 1331 quanquam
755 1250 968 1311 misisse
995 1250 1198 1334 pudet,
1235 1250 1364 1332 quia
1391 1271 1559 1333 parva
1586 1249 1870 1323 videntur,

317 1344 405 1403 Tu
435 1357 617 1404 tamen
646 1344 759 1404 haec
777 1390 792 1417 ,
827 1368 1043 1428 quaeso,
1075 1345 1299 1408 consule
1329 1346 1494 1407 missa
1523 1346 1679 1406 boni.

235 1485 323 1529 duo
344 1484 440 1537 alii;
464 1494 514 1529 ut
535 1485 665 1550 Trist.
694 1486 738 1529 11
756 1519 768 1542 ,
804 1487 878 1542 143
899 1502 909 1531 t
931 1504 952 1524 «
975 1487 1082 1531 Vidi
1140 1487 1398 1543 madeant,
1435 1504 1573 1545 quum
1604 1488 1649 1531 in
1674 1487 1871 1545 praelium
1907 1488 1998 1532 ibis.

234 1569 316 1611 ego
330 1553 571 1610 pampineis
590 1561 816 1598 oneratam
836 1553 994 1597 vitibus
1014 1553 1085 1597 ul-
1219 1571 1283 1598 21.
1306 1555 1401 1597 Hos
1429 1557 1632 1597 calamos.
1668 1554 1776 1597 Haec
1801 1553 2018 1597 scribendi

235 1634 375 1662 mum.
391 1636 412 1655 »
428 1618 515 1662 Hic
530 1618 647 1676 prius
658 1628 722 1662 est
742 1618 1082 1676 praeferendum.
1165 1617 1485 1662 iustrumenta:
1509 1634 1612 1661 nam
1633 1618 1824 1662 Romani
1843 1618 2015 1662 calamis

294 1701 356 1741 ¹7·
377 1686 697 1728 Pontismistn‘.
725 1685 919 1729 Ponticae
940 1686 1085 1744 regio-
1168 1682 1389 1734 scribunt;
1418 1682 1592 1742 Scythae
1622 1699 1728 1725 vero
1757 1682 1928 1740 sagittas
1951 1683 2018 1725 sa-

235 1749 302 1793 nis
314 1747 520 1803 infelicis;
543 1749 596 1794 ad
610 1750 761 1794 laevam
778 1749 938 1793 Euxini
952 1750 1083 1794 maris
1167 1748 1311 1802 ciunt,
1326 1764 1432 1805 quas
1445 1748 1639 1804 quotidie
1655 1757 1862 1802 tractant,
1876 1757 1923 1792 ut
1937 1765 2015 1791 nos

230 1815 334 1860 sitae.
1093 1862 1096 1865 ,
1167 1814 1359 1858 Romani
1377 1815 1510 1858 libros
1525 1824 1567 1858 et
1583 1815 1780 1859 calamos.

289 1897 354 1924 20.
378 1883 508 1925 F't'ant
523 1887 707 1925 cruenta.
738 1878 911 1924 Cruore
938 1879 1081 1924 hostili
1221 1881 1286 1923 23.
1319 1881 1505 1924 MZse’ssc.
1531 1883 1775 1925 Meminisse
1798 1881 1991 1938 quidam.

671 2239 674 2243 ⁴
760 2130 1282 2202 EPISTOLA
1339 2133 1470 2203 IX.

1024 2270 1227 2285 mm

958 2388 1301 2481 BRUTo

814 2677 1413 2728 ARGUMENTUM.

233 2794 454 2852 Querenti
485 2794 653 2849 Bruto,
682 2793 801 2850 quod
832 2793 925 2838 haec
948 2794 1143 2838 carmina
1177 2793 1225 2836 in
1262 2792 1421 2836 eodem
1456 2803 1687 2838 versentur
1721 2807 2009 2855 argumento,

282 2879 426 2921 neque
455 2863 542 2908 sint
567 2863 666 2907 satis
699 2871 894 2906 correcta
914 2895 925 2915 ,
959 2862 1222 2918 respondet,
1265 2879 1309 2907 se
1342 2863 1511 2907 tristem
1542 2880 1700 2909 canere
1726 2867 1861 2910 tristia
1881 2900 1892 2922 ,
1931 2867 2011 2912 fa—

281 2946 485 2988 mamque
509 2931 652 2988 operis
670 2931 750 2975 sibi
771 2930 972 2974 viliorem
993 2946 1083 2974 esse
1104 2930 1240 2973 salute
1260 2946 1350 2973 sua·

230 3057 416 3163 QUO
433 3097 474 3141 D
516 3083 670 3163 sitin
696 3083 786 3144 his
817 3084 999 3144 eadem
1032 3084 1331 3157 sententia,
1362 3085 1534 3145 Brute
1554 3132 1569 3157 ‚
1596 3084 1826 3160 libellis,

305 3177 562 3238 Carmina
587 3180 774 3240 nescio
804 3205 967 3263 quem
994 3205 1214 3264 carpere
1247 3195 1438 3241 nostra
1459 3183 1663 3244 refers:

282 3330 314 3358 1.
337 3316 733 3421 Εἵῖειῖιγπηίθηίία.
750 3315 919 3362 Eadem
932 3319 1113 3364 materia
1132 3336 1216 3375 qua
1233 3336 1334 3363 usus
1349 3336 1446 3364 sum
1462 3322 1594 3365 etiam
1615 3322 1661 3365 in
1681 3323 1859 3379 reliquis
1874 3323 2006 3378 hujus

226 3391 368 3433 operis
409 3394 417 3419 ι
453 3393 474 3420 e
508 3392 552 3420 is.
