2280 3776
305 290 375 358 98
654 312 658 316 -
777 284 843 338 P.
893 284 1179 339 ov1D11
1226 281 1597 338 NASONIS

382 396 486 458 Vel
516 397 672 481 pedis
700 397 808 457 hoc
835 397 978 456 ratio
999 444 1013 470 ‚
1042 396 1126 456 vel
1154 398 1239 474 via
1266 397 1432 477 longa
1460 397 1628 459 facit:

306 495 475 574 Quod
503 518 679 577 neque
710 503 831 554 sum
861 493 1023 554 cedro
1053 493 1252 566 flaVuS,
1285 517 1381 554 nec
1410 493 1624 577 pumice
1652 491 1797 554 laevis
1817 539 1833 566 ,

381 593 598 652 Erubui
630 591 858 651 domino
890 591 1095 652 cultior
1124 615 1240 653 0330
1267 615 1422 652 1110οε

301 691 484 751 Litera
514 688 749 750 suffusas
780 689 929 771 quod
962 689 1132 749 habet
1157 688 1432 750 maculosa
1456 687 1652 749 lituras
1674 734 1689 760 ,
2021 705 2069 746 15

383 786 547 846 Laesit
576 808 718 868 opus
746 783 995 867 lacrymis
1022 785 1139 867 ipse
1169 799 1331 867 poeta
1359 807 1535 844 suum.
1813 787 1826 801 ⁸

302 881 359 939 Si
387 905 494 963 qua
521 880 858 941 videbuntur
887 905 1016 941 casu
1041 904 1158 940 non
1191 880 1336 940 dicta
1363 879 1530 940 latine
1548 925 1563 952 ‚

314 1057 317 1059 -
381 981 445 1038 111
477 1001 582 1060 qua
611 975 920 1049 scribebat,
950 975 1182 1038 barbara
1213 989 1356 1036 terra
1382 975 1503 1035 fuit.

302 1075 512 1147 Dicite,
546 1074 776 1136 lectores
793 1122 809 1148 ‚
838 1075 886 1136 si
915 1098 1031 1134 non
1059 1097 1219 1152 grave
1237 1121 1252 1148 ,
1283 1098 1390 1156 qua
1417 1073 1489 1134 sit
1515 1071 1753 1133 eundum
1770 1119 1785 1144 ‚

382 1175 646 1255 Quasque
673 1158 857 1255 petam
887 1171 1047 1233 sedes
1078 1171 1282 1254 hospes
1310 1170 1366 1229 in
1395 1168 1533 1229 urbe
1557 1168 1712 1234 liber.
2015 1198 2069 1228 20

303 1272 433 1329 Haec
459 1269 559 1328 ubi
587 1292 708 1329 sum
734 1267 922 1346 lingua
950 1266 1140 1327 furtim
1168 1266 1443 1326 titubante
1472 1264 1690 1325 locutus
1707 1311 1723 1337 ‚

1853 1323 1870 1345 0

383 1367 497 1446 Qui
526 1367 662 1426 mihi
689 1380 1022 1426 monstraret
1039 1412 1054 1438 ‚
1084 1365 1175 1425 vix
1203 1362 1311 1424 fuit
1338 1387 1514 1436 unuS‚
1543 1363 1662 1423 iter.

301 1465 376 1523 Di
403 1463 507 1522 tibi
537 1463 701 1534 dent,
728 1476 925 1521 nostro
955 1460 1108 1543 quod
1136 1484 1250 1520 non
1280 1460 1519 1520 tribuere
1544 1459 1783 1543 parenti,

380 1560 630 1622 Molliter
653 1559 713 1619 in
742 1559 918 1643 patria
946 1558 1122 1619 vivere
1146 1581 1311 1641 posse
1339 1558 1465 1618 tua!

299 1659 422 1719 Duc
449 1681 547 1736 age
573 1682 586 1718 ε
610 1680 844 1739 namque
872 1678 1074 1738 sequor
1091 1703 1105 1728 ‚
1136 1654 1383 1738 quamvis
1411 1667 1658 1736 terraque
1686 1651 1930 1736 marique
2011 1669 2062 1710 25

378 1752 713 1835 Longinquo
741 1750 970 1812 referam
997 1749 1175 1810 lassus
1202 1749 1273 1810 ab
1304 1749 1437 1809 orbe
1464 1746 1675 1831 pedem.

301 1847 525 1920 Paruit3
553 1862 608 1907 et
639 1846 842 1906 ducens
859 1893 874 1919 ‚
902 1845 1016 1906 haec
1045 1857 1178 1904 sunt
1204 1842 1325 1904 fora
1355 1843 1608 1916 CaesariS,
1636 1842 1855 1925 inquit:

378 1945 510 2002 Haec
542 1956 625 2002 est
652 1966 679 2001 a
707 1941 877 2002 sacris
907 1964 1026 2023 quae
1053 1941 1138 1999 via
1163 1962 1367 2000 nomen
1392 1938 1576 1998 habet.

302 2037 407 2097 Hic
435 2036 590 2096 locus
620 2051 703 2095 est
730 2038 937 2106 Vestae,
972 2034 1067 2116 qui
1094 2032 1319 2095 Pallada
1345 2047 1522 2093 servat
1547 2046 1604 2092 et
1627 2031 1811 2109 ignem
1834 2056 1847 2091 :

299 2170 465 2225 giacum
479 2199 490 2221 ,
512 2181 599 2222 quo
617 2164 754 2208 utitur
768 2196 779 2218 ‚
800 2165 1039 2206 claudicare
1054 2163 1136 2217 ait'3

298 2242 342 2275 et
360 2232 530 2289 culpam
544 2262 556 2285 ,
571 2229 638 2272 vel
652 2229 696 2271 in
711 2227 868 2286 pedem
880 2260 892 2282 ,
909 2228 982 2284 qui
1002 2226 1110 2271 desit
1125 2259 1138 2283 ,

298 2298 364 2341 vel
381 2298 426 2339 in
443 2294 760 2352 longitudinem
775 2292 1059 2350 perambulati
1075 2292 1141 2335 iti-

300 2363 415 2407 neris
431 2395 443 2416 ,
463 2360 650 2404 confert.
671 2360 722 2402 P.
757 2352 761 2357 ¹
1018 2404 1020 2406 ,

357 2430 419 2470 18.
456 2428 507 2467 In
544 2441 626 2480 qua
655 2426 873 2467 scribebat.
904 2423 1140 2467 scribebam

300 2493 494 2535 Strozzae.
520 2490 634 2546 Lege
659 2491 902 2541 scribebam
928 2495 1056 2544 atque
1080 2488 1141 2532 ita

300 2555 660 2600 Zulichemianus.
683 2556 743 2598 H.

353 2622 417 2664 23.
445 2623 568 2675 Quod
585 2636 666 2662 non
685 2621 860 2663 tribuere
871 2627 1020 2674 poeta.
1041 2621 1139 2663 Pa-

297 2690 408 2730 renti
421 2695 507 2730 tres
521 2717 533 2739 ,
556 2700 635 2741 pro
660 2683 826 2726 diversa
846 2685 1027 2727 lectione
1047 2701 1056 2727 z
1079 2685 1140 2728 sic

298 2753 416 2795 infra
437 2755 484 2807 57
504 2783 516 2805 ,
539 2749 619 2792 hac
636 2749 724 2805 ipsa
746 2747 893 2805 Elegia
915 2765 924 2791 ε
947 2767 969 2786 «
989 2759 1139 2792 nostro

298 2815 458 2872 placata
489 2814 657 2870 parenti
686 2812 830 2856 Isdem
850 2814 930 2857 sub
950 2813 1137 2857 dominis

298 2881 528 2937 adspiciare
552 2880 732 2932 domus;
755 2899 776 2918 »
799 2889 842 2923 et
856 2881 908 2923 65
929 2898 975 2924 z«
992 2881 1139 2937 Quae-

297 2947 446 2989 rebam
465 2945 619 2989 fratres
637 2962 647 2988 :
666 2946 850 3001 exceptis
860 2946 1019 2989 scilicet
1033 2945 1111 2989 illis
1123 2979 1136 3001 ,

301 3012 427 3067 Quos
442 3026 543 3054 suus
556 3018 726 3066 optaret
746 3026 834 3052 non
857 3011 1051 3067 genuisse
1066 3027 1137 3066 pa-

297 3092 410 3119 rens.
427 3076 530 3118 »ha
545 3075 689 3131 scripti
704 3091 714 3118 ε
728 3075 828 3118 hinc
842 3085 885 3118 et
901 3076 1027 3118 libros
1039 3090 1136 3118 suos

297 3139 452 3195 passim
472 3148 656 3182 natorum
678 3140 857 3182 nomine
879 3139 1036 3190 donat;
1062 3154 1139 3181 311-

298 3220 374 3260 pra
389 3205 409 3246 I
426 3236 438 3258 ‚
460 3205 579 3260 Eleg.
601 3217 618 3246 Ι
634 3237 646 3258 ,
670 3221 684 3246 1
697 3207 743 3247 15
756 3237 768 3258 ,
786 3203 836 3247 ad
854 3204 1012 3246 librum
1033 3220 1044 3246 z
1065 3220 1087 3240 «
1102 3202 1137 3245 si

297 3285 380 3324 qua
401 3277 465 3311 est
488 3271 563 3312 tibi
584 3285 686 3313 cura
710 3271 900 3325 parentis
921 3286 931 3320 ;
958 3287 978 3306 υ
1008 3268 1137 3312 Pont.

297 3333 378 3387 lV,
395 3332 461 3376 El.
478 3349 522 3386 ν,
539 3350 591 3391 29
607 3349 648 3376 2«
667 3334 875 3390 Quidque
890 3349 1044 3390 parens
1056 3347 1136 3389 ego

298 3407 436 3442 vester
454 3414 575 3455 agam
590 3416 601 3449 ;
618 3417 639 3436 υ
660 3400 717 3442 sic
735 3408 780 3445 et
794 3399 1030 3444 Amatoriae
1051 3398 1138 3442 Ar-

1221 2162 1276 2207 tis
1294 2162 1424 2206 libros
1450 2161 1693 2219 OEdipodas
1718 2171 1762 2206 et
1790 2161 2059 2219 Telegonos,

1220 2229 1304 2275 hoc
1335 2241 1399 2275 est
1429 2229 1687 2288 parricidas,
1722 2230 1906 2287 adpellat
1936 2247 2064 2287 supra

1220 2296 1293 2340 lib.
1316 2298 1337 2341 I
1353 2330 1365 2352 ,
1397 2297 1517 2354 Eleg.
1536 2310 1580 2351 1,
1607 2298 1698 2351 114.
1717 2296 1777 2339 Η.

1274 2363 1340 2404 25.
1348 2364 1448 2405 Duc
1459 2376 1539 2417 age
1552 2377 1565 2404 .·
1577 2377 1752 2417 namque
1763 2377 1923 2416 sequar.
1935 2360 2010 2404 Un
2018 2377 2064 2403 us

1218 2444 1374 2485 sequor.
1391 2429 1508 2472 Puto
1511 2428 1686 2484 jamque
1704 2443 1862 2483 sequor,
1885 2435 1934 2470 ut
1952 2426 2065 2484 apud

1220 2494 1407 2538 comicos
1422 2527 1434 2548 ‚
1457 2495 1576 2549 Iproe
1589 2509 1602 2536 ‚⁶
1613 2508 1770 2549 sequor.

1274 2560 1339 2603 26.
1358 2560 1431 2604 Ab
1448 2563 1543 2602 orbe
1559 2562 1791 2615 longinquo.
1812 2558 1850 2601 E
1873 2557 2061 2616 Scythia.

1276 2627 1340 2669 28.
1366 2627 1473 2668 Haec
1498 2631 1564 2667 est
1586 2640 1616 2666 a
1647 2627 1795 2666 sacrtssr.
1819 2622 1949 2664 Viam
1976 2622 2060 2665 Sa-

1219 2706 1338 2734 cram
1363 2689 1559 2747 designat
1578 2721 1590 2743 ‚
1621 2686 1720 2732 foro
1741 2687 1955 2744 Augusti,
1988 2687 2059 2743 qui

1217 2754 1266 2796 in
1303 2752 1518 2810 Capitolio
1547 2750 1766 2794 habitabat
1787 2783 1800 2804 ‚
1841 2750 2027 2793 vicinam
2050 2765 2059 2792 :

1220 2818 1400 2870 dictam,
1422 2815 1538 2873 quod
1557 2831 1636 2872 per
1659 2830 1757 2858 eam
1783 2814 1835 2857 ab
1858 2830 1952 2858 arce
1972 2848 1983 2869 ,
2016 2815 2062 2858 id

1218 2892 1309 2937 est,
1342 2898 1364 2924 3
1387 2880 1628 2937 Capitolio,
1658 2879 1710 2923 ad
1737 2896 1917 2937 augures
1943 2897 2062 2923 sacra

1217 2946 1471 2990 ferebantur
1488 2979 1500 2998 ,
1533 2945 1601 2988 vel
1633 2944 1747 3001 quod
1772 2945 1817 2987 in
1846 2961 1896 2988 ea
1921 2945 2061 2989 foedus

1217 3011 1351 3054 ictum
1380 3010 1434 3054 sit
1463 3011 1580 3053 inter
1615 3010 1858 3054 Romulum
1890 3019 1935 3054 et
1963 3011 2061 3054 Ta·-

1218 3076 1344 3120 tium.
1956 3085 1961 3088 '

1272 3156 1335 3197 29.
1375 3140 1461 3181 Hic
1491 3142 1607 3182 locus
1636 3146 1702 3182 est
1741 3141 1886 3183 Vestae.
1914 3141 2058 3183 Vesta:

1217 3204 1430 3260 templum
1451 3205 1692 3248 rotundum
1706 3238 1718 3261 ,
1744 3206 1789 3248 in
1810 3222 1895 3262 quo
1914 3222 2059 3249 serva—

1216 3270 1344 3314 batur
1379 3270 1651 3325 Palladium,
1686 3286 1787 3314 011111
1823 3271 1921 3328 igne
1947 3287 2055 3327 per-

1217 3343 1375 3391 petuo,
1408 3335 1481 3391 qui
1511 3351 1535 3377 a
1562 3334 1796 3392 virginibus
1817 3335 1857 3374 V
1860 3335 2055 3390 estalibns

1217 3398 1432 3452 alebatur-3
1457 3408 1583 3456 atque
1603 3399 1686 3445 hoc
1705 3400 1830 3444 multi
1856 3408 2008 3457 putant
2032 3415 2054 3442 3
