2280 3776
288 312 386 348 122

729 298 795 351 P.
852 297 1150 353 OVIDII
1195 297 1572 356 NASONIS

354 409 531 482 Illud;
561 426 616 472 et
641 413 927 475 admonitu
952 413 1016 474 fit
1042 438 1217 477 novus
1246 417 1365 499 ipse
1397 415 1574 477 dolor.
1994 441 2049 483 30

272 509 348 568 Et
380 532 736 590 quaecumque
759 510 895 571 adeo
924 527 1162 593 possunt
1191 513 1406 574 adferre
1433 513 1728 597 pudorem,

354 603 457 664 Illa
486 604 595 683 tegi
624 628 757 665 caeea
789 606 1011 667 condita
1038 623 1198 670 noete
1228 609 1398 671 decet.

271 697 364 757 Nil
394 699 564 777 igitur
589 700 813 762 referam
835 749 851 776 ,
881 704 990 764 nisi
1018 729 1104 765 me
1131 729 1381 788 peccasse
1403 731 1416 780 ;
1450 707 1546 767 sed
1571 706 1669 767 illo

353 797 578 857 Praemia
608 814 832 880 peccato
863 800 1016 862 nulla
1045 803 1220 885 petita
1245 803 1416 863 mihi:

271 891 682 977 stultitiamque
709 919 891 957 meum
923 898 1128 958 crimen
1156 899 1354 960 debere
1381 899 1602 972 vocari,
1992 920 2048 962 35

350 990 585 1051 Nomina
614 992 661 1051 si
687 992 832 1053 facto
860 994 1085 1056 reddere
1113 1019 1239 1056 vera
1264 995 1415 1056 veliS.

269 1083 409 1162 Quae
438 1085 621 1145 sinon
646 1086 723 1146 ita
753 1103 912 1162 sunt3
942 1088 1134 1163 alium,
1170 1115 1281 1174 quo
1311 1089 1535 1170 longius
1562 1089 1737 1150 absim
1758 1136 1774 1163 ‚

347 1183 571 1262 Quaere,
604 1186 923 1248 suburbana
950 1188 1065 1250 haec
1092 1189 1165 1250 sit
1190 1189 1328 1250 mihi
1358 1204 1499 1251 terra
1520 1236 1533 1263 ,
1566 1186 1767 1251 locum.

319 1324 386 1368 30.
422 1327 494 1370 Fit
525 1344 655 1372 novus
681 1334 772 1386 ipse
802 1335 931 1375 dolor.
968 1334 1115 1375 Pudor

263 1390 390 1446 prim.
413 1391 551 1436 Vatic.
572 1395 700 1450 prim.
719 1396 852 1439 Palat.
873 1406 918 1440 et
938 1405 1024 1440 tres
1039 1397 1110 1440 alii

262 1470 313 1498 ex
326 1455 587 1501 melioribus.
603 1460 735 1515 Quod
751 1460 786 1503 si
801 1461 1082 1506 admittamus
1094 1495 1107 1516 ‚

262 1536 448 1576 sequens
481 1521 694 1567 distichon
727 1525 811 1569 erit
841 1525 1108 1581 delendum,

263 1584 381 1640 quod
413 1602 500 1630 non
532 1603 622 1630 uno
651 1588 830 1632 nomine
861 1599 925 1633 est
949 1606 1110 1647 suspe—

261 1658 381 1693 ctum
395 1651 461 1694 :in
477 1668 564 1708 quo
568 1663 751 1707 possunt
765 1671 845 1712 pro
852 1659 1023 1710 possint
1032 1673 1111 1700 ve-

263 1721 376 1758 teres
407 1714 600 1773 plerique
627 1735 637 1769 ;
670 1727 715 1762 et
746 1735 857 1763 coeca
891 1724 997 1764 nube
1030 1737 1110 1778 pro

262 1788 385 1823 nocte
403 1789 500 1825 octo
521 1782 709 1839 antiqui,
733 1793 807 1827 aut
822 1801 998 1829 novem.
1022 1787 1081 1830 H.

315 1845 382 1887 32.
419 1847 505 1888 Illa
531 1851 621 1902 tegi
641 1864 754 1891 coeca
780 1852 952 1893 condita
974 1859 1109 1894 nocte.

263 1908 379 1964 Quae
397 1910 645 1967 Augustum
669 1922 872 1970 agentem
889 1914 1000 1969 vidi,
1018 1931 1112 1972 per-

259 1982 394 2029 petuo
410 1974 582 2017 silentio
596 1977 858 2021 involvenda
870 1987 983 2022 sunt.
999 1978 1109 2021 C.—

259 2038 383 2082 MSS
404 2073 416 2094 ‚
439 2056 552 2083 caeca
572 2045 709 2096 nube‚·
734 2044 846 2086 Hor.
868 2054 1108 2101 utrumque

260 2105 487 2159 conjunxit
505 2106 576 2149 lib.
598 2108 619 2150 1
634 2139 645 2161 ,
670 2107 805 2164 Epist.
823 2121 903 2151 xvl
920 2142 932 2163 ‚
954 2111 1106 2152 vs.62:

261 2185 284 2206 α
306 2170 491 2214 Noctem
505 2171 688 2227 peccatis
701 2205 712 2226 ,
729 2182 773 2215 et
787 2172 1013 2217 fraudibus
1027 2174 1109 2217 ob—

259 2233 340 2289 jice
362 2235 540 2280 nubem.
556 2254 578 2273 u

315 2300 381 2343 36.
409 2303 591 2345 Nomina
614 2306 659 2345 si
662 2301 817 2357 factis.
847 2303 983 2347 Facto
1006 2304 1109 2361 ple—

259 2365 384 2422 rique
400 2383 411 2420 ;
419 2366 536 2421 fatis
550 2368 883 2414 Arondelianus.
901 2371 1110 2415 H.—No-

259 2435 375 2475 mina
389 2433 573 2489 sifacto.
594 2434 640 2477 Si
659 2434 762 2478 velis
782 2436 962 2479 nomina
979 2436 1109 2480 rebus

260 2499 743 2555 respondere.-Nostri
753 2500 935 2545 habent:
946 2506 1110 2545 nomine

260 2567 436 2622 s1‘ficto;
455 2583 544 2624 quo
558 2583 688 2612 sensu
705 2599 718 2624 ,
737 2583 830 2612 non
853 2567 1078 2626 adsequor.

1247 1335 1313 1391 37.
1341 1335 1443 1388 Quae
1465 1336 1512 1375 ,τί
1526 1349 1610 1376 non
1629 1337 1691 1376 ita
1707 1340 1817 1375 sunl.
1842 1332 1971 1378 Pom.
1994 1335 2015 1378 Ῑ
2033 1367 2044 1386 ,

1192 1397 1260 1442 El.
1281 1411 1338 1441 111
1352 1432 1364 1454 ,
1383 1415 1443 1442 vs.
1457 1398 1511 1457 93
1525 1431 1536 1452 ,
1557 1397 1648 1454 pari
1665 1397 1799 1440 modo
1826 1414 1835 1441 :
1866 1416 1887 1435 «
1907 1399 1973 1442 Ut
1988 1408 2048 1442 ta-

1191 1479 1298 1507 men
1316 1463 1410 1508 haec
1431 1465 1488 1508 ita
1506 1463 1617 1516 sint,
1645 1480 1807 1506 munus
1829 1472 1902 1507 tua
1925 1481 2049 1520 grau-

1193 1528 1247 1572 de
1264 1528 1464 1572 voluntas
1478 1527 1550 1570 Ad
1566 1544 1638 1571 me
1661 1522 1874 1585 pervenit.
1897 1547 1919 1566 »
1945 1530 2046 1572 Pro-

1192 1592 1311 1635 ximo
1331 1607 1459 1635 versu
1482 1607 1585 1634 cum
1607 1592 1863 1635 melioribus
1889 1596 2046 1635 subur—

1192 1660 1306 1699 bana
1323 1658 1412 1699 hoec
1434 1671 1512 1712 pro
1536 1657 1620 1698 hic.
1644 1655 1705 1698 H.

1247 1720 1312 1763 38.
1346 1720 1590 1764 Suburbana
1614 1721 1704 1762 baec
1725 1723 1786 1762 sit
1806 1721 2045 1762 mihiterra.

1194 1785 1263 1830 Sit
1277 1784 1385 1828 mihi
1409 1785 1527 1841 quasi
1548 1784 1805 1827 suburbium
1820 1802 1830 1837 ;
1843 1783 1909 1827 vel
1922 1816 1934 1836 ,
1954 1799 2044 1825 non

1193 1849 1328 1893 modo
1341 1882 1353 1903 ,
1368 1849 1533 1906 inquit,
1548 1848 1599 1892 ad
1613 1848 1784 1905 longius
1801 1847 2046 1905 proficiscar

1192 1913 1413 1964 exsilium,
1438 1913 1515 1956 sed
1536 1911 1668 1955 etiam
1691 1912 1788 1956 volo
1809 1922 1857 1955 ut
1879 1912 2045 1955 subur-

1191 1979 1306 2023 bana
1338 1979 1517 2035 alicujus
1549 1978 1669 2022 urbis
1699 1978 1889 2038 Scythiae
1911 1979 2045 2036 magis

1192 2046 1432 2105 periculosa
1441 2046 1900 2102 ethostibusexposita,
1913 2062 2043 2102 quam

1191 2113 1359 2156 Tomos
1380 2144 1392 2166 ,
1428 2111 1482 2154 ad
1512 2112 1654 2168 majus
1682 2110 1942 2168 supplicium
1965 2144 1977 2165 ,
2009 2112 2042 2154 si

1189 2195 1281 2222 non
1295 2179 1452 2236 loquor
1462 2195 1563 2223 vera
1579 2213 1590 2233 ,
1606 2180 1693 2223 sint
1706 2179 1813 2222 mihi
1831 2179 2041 2222 exsilium.

1191 2246 1392 2288 —Alium
1406 2248 1553 2288 Iocum.
1573 2244 1698 2302 Quin
1714 2253 1762 2300 tu
1777 2260 1846 2287 me
1867 2244 1950 2287 alio
1968 2245 2048 2298 de·-

1190 2309 1456 2367 portandum
1473 2326 1614 2365 cures,
1630 2326 1802 2354 causam
1816 2325 1908 2352 non
1919 2309 2038 2360 dico;

1191 2386 1264 2432 et,
1291 2377 1374 2421 nisi
1402 2393 1504 2420 vera
1532 2376 1707 2432 dixero,
1740 2378 1866 2420 mitte
1902 2393 1972 2419 me
1996 2377 2039 2420 in

1190 2441 1337 2486 locum
1368 2450 1458 2486 tam
1488 2451 1711 2485 remotum
1732 2475 1743 2495 ,
1777 2450 1827 2484 ut
1858 2457 1947 2498 prae
1967 2439 2039 2483 ino

1192 2514 1309 2549 terra
1331 2505 1446 2561 haec,
1472 2505 1548 2549 ubi
1565 2522 1662 2549 sum
1679 2539 1691 2560 ,
1722 2506 1876 2550 Romae
1899 2504 2038 2548 vicina

1192 2577 1238 2614 et
1256 2570 1378 2627 quasi
1392 2571 1650 2616 suburbium
1671 2570 1886 2616 videatur.
