2280 3776
267 278 377 346 314

750 283 812 335 P.
860 283 1157 340 OVIDII
1205 286 1576 346 NASONIS

265 395 451 477 Atque
477 418 532 456 ea
564 410 616 455 te
643 412 856 470 contra,
886 420 983 459 nec
1005 402 1147 461 muri
1178 402 1321 463 mole
1338 451 1352 475 ,
1382 429 1481 466 nec
1507 406 1703 480 armiS‚

345 493 460 551 Nec
489 493 620 552 satis
651 492 872 570 ingenio
901 509 1018 556 tuta
1044 496 1208 559 fuisse
1239 499 1360 559 loci.

262 584 337 644 Di
367 586 469 645 tibi
499 586 627 644 dent
657 587 862 647 annos!
893 613 923 648 a
950 604 1001 650 te
1024 615 1150 651 nam
1178 608 1365 655 caetera
1394 618 1607 673 sumes3

343 683 466 742 Sint
493 683 658 743 modo
692 685 880 745 virtuti
909 701 1155 770 tempora
1186 688 1347 768 longa
1375 706 1497 751 tuae.

263 778 435 856 Quod
461 802 655 859 precor
687 780 929 841 eveniet:
960 799 1094 843 sunt
1121 785 1379 866 quiddam
1409 787 1626 847 oracula
1654 804 1870 862 vatum;
1973 806 2026 850 55

343 877 483 934 Nam
511 878 663 937 Deus
691 879 903 961 optanti
931 904 1195 964 prospera
1227 883 1380 960 signa
1409 884 1573 944 dedit.

261 971 340 1029 Te
372 994 592 1053 quoque
623 971 879 1032 victorem
911 975 1169 1057 Tarpeias
1206 977 1461 1039 scandere
1490 979 1547 1039 in
1574 1002 1722 1041 arces

338 1069 484 1127 Laeta
515 1073 790 1130 coronatis
821 1073 998 1133 Roma
1027 1073 1234 1133 videbit
1265 1076 1449 1158 equis;

260 1165 622 1247 Maturosque
655 1181 812 1249 pater
840 1167 955 1227 nati
984 1169 1256 1252 spectabit
1284 1171 1522 1233 honores
1541 1219 1556 1245 ,

343 1264 552 1324 Gaudia
576 1266 883 1348 percipiens
907 1314 921 1339 ,
953 1292 1073 1350 quae
1103 1268 1253 1328 dedit
1280 1270 1398 1352 ipse
1430 1270 1558 1331 suis.
1973 1292 2028 1333 60

255 1359 379 1419 Jam
408 1383 555 1419 nunc
581 1360 695 1420 haec
725 1385 754 1420 a
783 1385 894 1433 me,
924 1362 1183 1443 juvenum
1210 1364 1466 1448 belloque
1492 1380 1729 1447 togaque

338 1457 603 1528 Maxime,
634 1457 775 1517 dicta
801 1457 905 1517 tibi
937 1461 1258 1521 vaticinante
1287 1477 1436 1522 nota.

261 1553 426 1612 Hunc
459 1577 678 1636 quoque
710 1555 1045 1616 carminibus
1075 1556 1300 1617 referam
1325 1557 1554 1618 fortasse
1577 1557 1942 1640 triumphum,

339 1647 585 1708 Sufficiet
612 1649 819 1709 nostris
850 1651 895 1710 si
927 1651 1092 1710 modo
1119 1652 1231 1711 vita
1259 1650 1446 1724 malis3

255 1743 513 1805 Imbuero
546 1746 826 1828 Scythicas
857 1746 904 1806 si
932 1771 1044 1807 non
1074 1748 1230 1831 prius
1258 1749 1377 1832 ipse
1407 1748 1633 1827 sagittas
1651 1795 1667 1820 ,
1973 1764 2028 1806 65

337 1842 757 1925 Abstuleritque
785 1844 940 1904 ferox
968 1845 1077 1905 hoc
1107 1861 1273 1928 caput
1301 1869 1428 1906 ense
1462 1845 1644 1904 Getes,

265 1938 436 2016 Quod
464 1939 509 1999 si
529 1987 543 2012 ,
571 1963 656 2000 me
686 1940 834 2001 salvo
852 1987 866 2014 ,
896 1941 1122 2001 dabitur
1149 1942 1255 2002 tibi
1281 1941 1466 2001 laurea
1497 1938 1732 2022 templiS,

254 2096 491 2152 imperium
502 2098 581 2140 sub
593 2098 874 2155 titulumque,
885 2099 1011 2154 lares,
1024 2118 1046 2138 »
1059 2109 1104 2143 et

259 2161 406 2205 Nostri
424 2163 608 2205 Remed.
628 2164 827 2218 Amoris,
847 2164 926 2207 302
942 2180 952 2207 :
971 2182 992 2201 α
1008 2165 1101 2208 Sub

257 2227 433 2270 titulum
452 2238 622 2273 nostros
641 2230 758 2273 misit
779 2246 906 2273 avara
926 2230 1035 2274 lares
1051 2264 1062 2286 ,
1078 2249 1100 2268 τ»

256 2292 386 2349 longe
425 2293 504 2336 alia
535 2294 849 2351 significatione
881 2294 1102 2338 dicuntur.

257 2359 316 2401 H.
330 2383 383 2391 —
395 2361 487 2402 Isse
504 2363 581 2403 sub
600 2363 737 2403 titulo.
765 2360 870 2402 Esse
886 2360 1102 2416 subjectos

257 2426 383 2469 titulo
397 2459 409 2480 ,
430 2427 476 2469 in
495 2443 582 2483 quo
604 2436 696 2471 erat
713 2435 841 2470 tuum
857 2442 1035 2470 nomen.

313 2495 378 2532 52.
400 2492 574 2546 Ingenio
601 2495 697 2535 loci.
726 2493 892 2536 Natura
920 2491 1027 2546 loci,
1054 2499 1104 2534 ut

258 2563 361 2610 puta
381 2554 428 2598 in
447 2556 672 2600 montibus
691 2556 782 2600 sita.

313 2620 378 2662 53.
397 2621 564 2663 Coetera.
581 2620 754 2664 Omnes
773 2620 954 2664 virtutes
970 2618 1103 2662 intel-

258 2684 340 2741 lige
356 2717 367 2739 ,
391 2694 435 2728 et
451 2685 623 2729 bellicas
640 2696 766 2729 artes.

313 2752 378 2793 55.
409 2752 513 2794 Sunt
535 2755 721 2808 quedam
747 2754 920 2807 oracula
948 2759 1101 2794 vatum.

259 2818 444 2874 Repone
472 2818 541 2860 vel
564 2818 656 2861 sine
689 2818 943 2862 auctoritate
971 2827 1101 2860 vete-

259 2900 360 2926 rum
380 2884 591 2927 librorum
610 2917 621 2938 ,
648 2893 747 2927 sunt
772 2887 991 2941 quiddam,
1019 2885 1102 2929 hoc

259 2958 348 3002 est,
379 2958 484 2992 sunt
510 2949 684 3006 aliquid.
708 2950 915 2993 Proximo
946 2967 1098 3004 versu,

260 3031 338 3070 pro
357 3018 466 3057 Nam
479 3015 628 3058 malim
641 3018 756 3058 Jam.
772 3017 1101 3070 H.—-Qu1'ddarn

234 3084 236 3086 ’
260 3080 412 3135 probat
426 3081 738 3135 Heumannus,
749 3080 797 3122 in
814 3081 1013 3136 Parergis
1025 3079 1103 3123 cri-

261 3145 364 3187 ticis.
380 3147 483 3189 Sunt
496 3149 621 3201 longa
630 3150 821 3200 pericula
835 3154 994 3198 vatum,
1017 3146 1101 3188 Pu·

262 3217 376 3251 tean.
395 3210 577 3252 solemni
597 3210 864 3254 confusione.

317 3276 381 3328 57.
412 3275 610 3328 Tarpeias
638 3277 838 3317 scandere
862 3283 942 3317 etc.
965 3275 1099 3317 Scan-

261 3339 354 3380 dere
376 3347 506 3381 turres
534 3339 727 3395 quinque
753 3348 933 3382 veteres.
968 3339 1100 3381 Forte

261 3403 615 3460 rupes;Propert.
625 3403 696 3447 lib.
709 3404 797 3458 IV,
814 3402 881 3446 El.
895 3417 960 3458 lv,
972 3418 1031 3445 vs.
1051 3418 1066 3443 1
1087 3416 1098 3443 ε

1187 2118 1209 2138 (ε
1231 2098 1471 2157 Tarpeium
1502 2114 1659 2142 nemus
1691 2106 1734 2140 et
1768 2097 1954 2153 Tarpeia
1983 2098 2030 2139 in

1183 2182 1292 2221 rupe
1316 2165 1578 2222 sepulcrum.
1602 2183 1624 2202 »
1655 2165 1721 2207 lta
1749 2163 1917 2220 legebat
1946 2180 2030 2220 pa-

1184 2246 1286 2273 rens
1305 2246 1451 2285 meus,
1474 2245 1567 2272 non
1596 2231 1776 2284 Tarpeia
1796 2236 1920 2283 turpe.
1942 2229 2003 2270 H.

1240 2299 1305 2340 58.
1339 2299 1485 2353 Equis.
1514 2296 1650 2353 Equis
1682 2294 2029 2350 triumphalibus.

1187 2365 1395 2419 Quatuor
1435 2364 1556 2407 enim
1596 2361 1698 2420 equi
1730 2361 1812 2405 albi
1851 2377 2031 2404 currum

1185 2428 1496 2486 triumphalem
1522 2427 1746 2472 trahentes
1760 2459 1772 2481 ‚
1795 2426 1928 2469 etiam
1945 2425 2030 2468 lau-

1184 2509 1236 2536 ro
1258 2494 1593 2537 coronabantur.

1239 2561 1305 2618 59.
1315 2560 1504 2602 Maturus
1516 2561 1703 2601 honores.
1714 2556 1787 2600 Sic
1801 2555 2027 2610 Horatius,

1183 2623 1319 2678 Epist.
1335 2623 1381 2667 11
1397 2656 1409 2678 ,
1431 2636 1469 2678 1,
1492 2625 1539 2666 15
1556 2638 1566 2665 :
1585 2640 1606 2659 «
1625 2621 1834 2665 Praesenti
1850 2618 1927 2662 tibi
1943 2634 2029 2661 ma-

1182 2697 1303 2732 turos
1322 2689 1532 2746 largimur
1547 2687 1751 2731 honores.
1767 2704 1789 2723 »

1237 2755 1303 2798 61.
1321 2755 1424 2796 Jam
1437 2770 1544 2797 nunc
1557 2755 1645 2796 ᾗσι·
1662 2767 1691 2793 a
1706 2767 1783 2794 me.
1798 2748 1926 2792 Ordo
1940 2755 2025 2792 est:

1184 2818 1227 2862 Ο
1238 2819 1431 2861 Maxime
1442 2818 1657 2874 juvenum
1671 2824 1715 2858 et
1724 2813 1836 2857 bello
1850 2822 1893 2856 et
1909 2822 2024 2870 toga,

1181 2883 1272 2936 jam
1287 2898 1406 2926 nunc
1419 2890 1523 2924 nota
1537 2895 1633 2936 quae
1645 2895 1669 2921 a
1679 2894 1749 2921 me
1764 2878 2026 2921 vaticinante

1184 2947 1296 2991 dicta
1307 2954 1420 2990 sunt.
1431 2946 1515 2987 Vel
1532 2944 1692 2987 manda
1704 2943 1930 2986 memoriae
1943 2943 2027 2986 hoc

1183 3028 1334 3055 meum
1354 3010 1621 3054 vaticinium.

1235 3077 1300 3119 65.
1311 3078 1497 3119 Imbuero
1505 3077 1724 3133 Scythicas
1731 3079 1923 3131 sagittas.
1931 3074 2026 3116 Ma-

1182 3140 1384 3183 defecero
1393 3139 1655 3199 Scytharum
1667 3140 1804 3196 jacula
1819 3153 1920 3181 meo
1934 3153 2026 3181 san-

1182 3204 1324 3260 guine.
1354 3206 1533 3247 Induere
1566 3203 1787 3248 Leidensis
1807 3236 1819 3257 ,
1854 3204 2027 3245 Induere

1173 3275 1346 3323 pectora
1375 3272 1473 3312 telis·
1500 3269 1632 3313 habes
1658 3269 1812 3311 Amor.
1844 3265 1916 3308 lib.
1946 3266 1992 3309 Π
2009 3297 2022 3319 ,

1183 3334 1304 3391 Eleg.
1324 3349 1351 3377 x
1368 3367 1380 3388 ,
1402 3351 1462 3378 vs.
1484 3335 1549 3377 31.
1569 3335 1628 3378 H.

1237 3401 1302 3457 67.
1328 3402 1398 3444 Me
1420 3404 1549 3445 salvo.
1575 3400 1652 3453 Me
1674 3399 1719 3442 in
1740 3396 1922 3455 patriam
1943 3410 2022 3438 re·—
