2280 3776
390 523 455 608 P
479 517 837 607 UBLII
911 514 1324 602 OVIDII
1384 508 1929 598 NASONIS

839 713 1475 777 EPISTOLARUM

693 887 920 997 EX
1021 883 1623 995 PONTO

768 1102 1080 1174 LIBER
1126 1100 1554 1172 PRIMUS.

658 1405 1209 1478 ,EPISTOLA
1273 1404 1628 1475 PRIMA.

1051 1545 1284 1562 m

953 1710 982 1740 *
1025 1707 1363 1775 BRUTO.-

867 1955 1468 2010 ARGUMENTUM.

284 2078 518 2148 Epistulas,
543 2087 781 2133 amicmum
812 2088 993 2132 nomina
1026 2088 1070 2131 in
1102 2086 1248 2131 fronte
1279 2091 1515 2144 gerentes,
1552 2082 1692 2125 Bruto
1730 2079 1870 2130 dicat,
1906 2079 2053 2122 forsan

336 2156 515 2212 eidem,
545 2155 597 2200 ad
619 2173 751 2215 quem
774 2166 818 2201 et
841 2156 1067 2202 Ciceronis
1087 2156 1203 2199 varia
1223 2162 1417 2205 exstant3
1450 2168 1531 2195 nec
1551 2150 1755 2194 nocivum
1777 2165 1866 2192 esse
1899 2164 2059 2191 munus

339 2224 468 2272 docet
483 2257 496 2282 ,
502 2188 669 2284 ’quod
658 2243 706 2270 ιιι
727 2226 998 2285 deplorando
1020 2224 1323 2284 quadriennali
1342 2220 1485 2266 exsilio
1502 2229 1546 2264 et
1568 2209 1867 2278 pradicandis
1874 2217 2060 2275 Augusti

339 2296 537 2342 laudibus
556 2307 754 2343 versetur
768 2330 780 2353 ,
806 2299 1057 2356 peccatique
1079 2297 1252 2342 veniam
1280 2293 1480 2353 postulet.

289 2401 515 2500 NASO,
542 2427 848 2488 Tomitanae
869 2428 979 2509 jam
1007 2452 1123 2488 non
1152 2450 1328 2486 novus
1357 2424 1537 2485 incola
1564 2438 1741 2495 terrae,

343 2581 392 2624 P.
409 2580 576 2626 Ovum
592 2582 796 2627 NAsoms
813 2595 871 2625 m:
889 2583 1050 2628 Ponro
1070 2597 1133 2626 u-

287 2657 379 2688 lum
397 2659 589 2699 mutuus.
611 2645 730 2690 Nihil
749 2646 884 2703 magis
900 2647 1101 2690 inscitum
1120 2679 1133 2703 ,

288 2717 364 2753 aut
372 2710 603 2753 barbarum
614 2710 694 2754 hac
703 2709 1135 2768 inscriptione,quam

288 2790 391 2819 cave
410 2774 560 2819 credas
578 2776 629 2819 ab
644 2776 1028 2830 tersissimassnostri
1043 2777 1136 2820 Na-

287 2840 405 2884 sonis
425 2856 559 2885 manu
582 2858 684 2886 esse.
709 2843 829 2885 Libri
851 2851 1019 2886 veteres
1042 2842 1137 2899 ple-

290 2904 414 2961 rique
429 2905 592 2950 nullam
608 2907 790 2950 omnino
805 2907 1137 2964 inscriptionem

292 2981 532 3025 agnoscunt
554 2990 564 3025 ;
599 2974 683 3017 nisi
710 2973 827 3031 quod
853 2974 1136 3018 Sarravianus

293 3034 493 3079 omnium
513 3039 772 3083 veterrimus
784 3073 796 3096 ‚
809 3048 853 3083 et
869 3039 1139 3083 Combianus

294 3098 411 3142 inter
429 3100 628 3147 meliores
645 3105 946 3149 numerandus
961 3138 972 3160 ‚
994 3106 1073 3149 sub
1091 3106 1139 3148 fi-

295 3178 404 3205 nem
415 3163 512 3207 libri
525 3168 703 3211 secundi
716 3201 728 3223 ,
741 3169 811 3213 Ex
825 3171 987 3214 Pom-o
1003 3184 1141 3213 mmm

297 3227 345 3272 II
358 3227 594 3274 EXPLICIT.
609 3231 965 3290 Baffierinianus,
983 3236 1141 3279 Expu-

299 3302 378 3335 cn·
392 3305 530 3336 mmm
542 3294 707 3339 Ovum
720 3309 772 3342 IN
780 3298 954 3342 Pom-o.
967 3298 1142 3355 Opinor

299 3355 621 3403 Pon-nemum
645 3392 657 3414 ,
695 3370 770 3405 aut
803 3362 1140 3409 Ems'ronnnm

303 3419 624 3467 Pommmum
632 3426 758 3469 titulo
767 3427 897 3471 libros
905 3428 1032 3472 hosce
1042 3445 1142 3486 qua·

304 3490 436 3529 tuora
447 3487 618 3534 Nasone
629 3488 854 3548 insignitos
865 3491 1142 3539 fuisse.Trist.

1215 2574 1276 2635 V,
1291 2580 1412 2638 Eleg.
1425 2594 1464 2623 11
1480 2613 1492 2635 ,
1514 2596 1624 2624 vers.
1642 2597 1658 2623 1
1677 2595 1688 2623 :
1706 2597 1727 2617 α
1750 2577 1918 2635 Ecquid
1936 2612 1948 2633 ,
1971 2585 2019 2621 ut
2037 2593 2061 2620 e

1215 2647 1360 2690 Ponto
1379 2662 1490 2690 nova
1510 2646 1631 2690 venit
1651 2646 1852 2703 epistola,
1876 2645 2019 2702 palies.
2038 2663 2061 2682 »υ

1252 2712 1382 2756 .*An
1395 2713 1624 2756 Bau-rum.
1636 2713 1805 2756 Bau-ro
1824 2711 1976 2769 optimi
1990 2727 2065 2755 co-

1216 2777 1331 2829 dices
1348 2795 1358 2830 ;
1374 2786 1501 2834 atque
1516 2778 1575 2820 ita
1588 2793 1761 2834 semper
1772 2777 1974 2833 deinceps
1987 2794 2065 2834 per

1216 2859 1364 2886 casum
1382 2843 1589 2895 tertium;
1618 2852 1735 2886 recte
1758 2860 1769 2886 ε
1793 2842 1908 2899 quod
1929 2843 2063 2886 semel

1216 2908 1311 2952 loco
1330 2908 1414 2952 hoc
1431 2925 1455 2951 a
1474 2924 1545 2952 me
1562 2909 1735 2952 moneri
1750 2907 1987 2952 suffecerit.
2003 2908 2063 2950 H.

1275 2989 1308 3015 1.
1327 2974 1429 3016 Jam
1447 2989 1530 3016 non
1548 2989 1677 3016 noous
1692 2976 1846 3016 incola.
1869 2971 2063 3015 Incolam

1218 3053 1310 3080 non
1343 3053 1510 3080 novum
1530 3054 1575 3081 se
1603 3047 1726 3082 vocat
1743 3070 1755 3092 ,
1784 3053 1865 3094 pro
1894 3037 2065 3091 veteri,

1220 3107 1316 3149 κατὰ
1350 3108 1541 3155 λιτότητα.
1579 3105 1696 3149 Nam
1735 3105 1826 3159 jam
1861 3112 2068 3161 quartum

1219 3187 1355 3228 prope
1379 3186 1546 3214 annum
1567 3171 1613 3213 in
1638 3172 1785 3214 Ponto
1817 3171 1969 3227 agebat
1984 3204 1996 3225 ‚
2023 3170 2068 3214 id

1222 3235 1339 3292 quod
1358 3234 1475 3278 infra
1489 3251 1590 3278 mox
1604 3235 1783 3292 adparet
1798 3269 1808 3289 ,
1830 3236 1949 3294 Eleg.
1965 3250 2068 3278 ΠΗ.

1224 3299 1450 3345 Caeterum
1464 3333 1476 3355 ,
1491 3309 1539 3344 ut
1552 3301 1635 3345 hoc
1649 3301 1857 3345 addamus
1867 3335 1878 3352 ,
1901 3310 2070 3358 septem

1223 3367 1407 3411 omnino
1419 3368 1613 3412 annosin
1623 3368 1769 3411 Ponto
1781 3367 1929 3412 vixisse
1944 3376 2071 3425 poeta

1222 3430 1428 3485 videtur3
1465 3441 1592 3490 atque
1625 3434 1741 3476 intra
1766 3444 1853 3477 tres
1877 3434 2040 3490 priores
2057 3466 2067 3486 ‚

1223 3513 1273 3540 ea
1293 3529 1304 3550 ,
1339 3514 1527 3554 quorum
1562 3499 1711 3543 titulus
1741 3509 1804 3543 est
1839 3501 2031 3542 Trz'sst'am
2054 3530 2063 3542 ,
