2280 3776
474 335 585 390 Ex
626 332 930 389 ΡοΝΤο
968 330 1134 388 LIB.
1179 331 1313 386 111.
1357 328 1637 385 EPIST.
1684 329 1795 383 1v.
1890 288 2009 403 “395

246 490 2008 521 m

787 607 1303 680 EPISTOLA
1355 608 1477 677 IV.

939 922 1331 994 RUFINO.

835 1230 1433 1283 ARGUMENTUM.

253 1363 449 1408 Carmen
471 1378 599 1408 suum
632 1362 686 1406 de
717 1362 943 1421 triumpho
971 1361 1139 1406 Tiberii
1170 1361 1344 1421 Illyrico
1374 1359 1656 1404 commendat
1689 1361 1857 1405 Rufino
1886 1362 2033 1418 :quod

307 1430 486 1489 quidem
529 1431 732 1490 exiguum
767 1447 857 1475 esse
890 1430 1079 1483 fatetur-3
1109 1429 1186 1475 sed
1222 1429 1433 1474 tenuitate
1469 1427 1635 1487 ingenii
1672 1429 1769 1484 sui,
1808 1429 1999 1473 absentia
2024 1461 2035 1480 ‚

308 1502 442 1547 exsilii
460 1502 774 1548 calamitatibus
794 1536 807 1559 ,
849 1501 1012 1561 Elegiae
1034 1502 1165 1560 ipsius
1189 1500 1335 1546 indole
1357 1500 1652 1545 excusandum
1673 1517 1762 1546 esse
1795 1501 1934 1546 docet.
1968 1500 2036 1544 Ad

308 1572 514 1616 ultimum
533 1605 545 1627 ‚
573 1572 759 1616 alterum
780 1588 951 1630 quoque
974 1572 1249 1629 triumphum
1269 1571 1323 1616 de
1348 1570 1585 1616 Germanis
1605 1572 1831 1617 ominatur
1848 1571 2039 1617 Tiberio.

260 1698 447 1782 Hffic
474 1722 577 1782 tibi
603 1747 719 1783 non
747 1748 941 1785 vanam
968 1724 1247 1807 portantia
1274 1725 1438 1785 verba
1470 1724 1700 1785 salutem
1722 1772 1737 1796 ‚

337 1820 486 1879 Naso
516 1820 810 1880 Tomitana
838 1820 1012 1881 mittit
1038 1820 1108 1881 ab
1139 1819 1276 1881 urbe
1307 1835 1466 1893 tuus;
1584 1814 1590 1820 ’

257 1914 446 1995 thue
475 1936 576 1973 suo
603 1913 782 1976 faveas
808 1915 1058 1987 mandat,
1091 1914 1321 1987 Rufine,
1353 1914 1666 1998 triumph03

337 2012 404 2070 In
433 2025 638 2072 vestras
667 2011 817 2072 venit
843 2012 890 2073 si
922 2027 1101 2073 tamen
1130 2012 1223 2074 ille
1250 2036 1463 2075 manus.

254 2109 358 2168 Est
385 2130 526 2190 opus
554 2108 845 2187 exiguum,
877 2110 1155 2194 vastisque
1186 2112 1474 2195 paratibus
1504 2111 1712 2195 impar,

341 2203 520 2284 Quale
551 2220 733 2267 tamen
766 2230 1002 2292 cumque
1031 2224 1146 2283 est,
1178 2226 1244 2271 ut
1267 2226 1451 2271 tueare
1479 2234 1636 2288 rogo,

257 2303 441 2364 Firma
466 2302 648 2364 valent
674 2327 774 2387 per
799 2329 856 2365 se
873 2352 889 2377 ‚
921 2305 1250 2389 nullumque
1280 2307 1591 2367 Machaona
1622 2319 1874 2389 quaerunt
1898 2329 1911 2365 :

339 2401 431 2463 Ad
458 2402 724 2463 medicam
753 2403 959 2464 dubius
993 2405 1246 2484 confugit
1273 2429 1415 2483 aeger
1442 2430 1622 2488 opem.

320 2577 355 2603 1.
377 2561 474 2605 Non
493 2574 646 2603 vanam
666 2561 856 2601 salutem.
874 2551 946 2602 ¹Ex
962 2558 1112 2602 animo

261 2624 339 2669 tibi
359 2633 535 2682 opatam
553 2642 565 2677 ;
596 2624 698 2681 quia
717 2639 872 2681 precor
889 2633 940 2667 ut
955 2623 1011 2667 sis
1028 2624 1114 2668 sal-

262 2708 340 2736 vus
358 2725 370 2747 ‚
394 2700 444 2734 ut
467 2706 524 2735 es.

296 2760 304 2782 ⁸
316 2758 355 2801 3.
375 2758 611 2811 Triumpho.
621 2754 691 2799 De
701 2754 875 2816 Illyrico
888 2755 1112 2813 triumpho

263 2831 308 2866 et
330 2821 424 2866 haec
444 2830 490 2865 et
507 2820 734 2878 superiora
755 2820 827 2864 illa
850 2819 1113 2878 accipienda.

263 2887 494 2943 Nusquam
525 2885 648 2929 enim
681 2885 780 2928 alibi
815 2886 988 2942 reperio
1009 2918 1021 2940 ,
1057 2884 1112 2928 de

265 2950 499 2996 Germanis
530 2950 820 3008 triumphasse
851 2950 1113 2994 Tiberium:

244 3027 246 3029 ’
266 3016 343 3060 sed
359 3016 544 3061 devictis·
558 3016 738 3077 Illyriis,
767 3017 1033 3073 decretoque
1052 3015 1115 3059 illi

267 3100 366 3128 eam
387 3085 442 3128 ob
465 3101 562 3128 rem
578 3085 805 3142 triumpho
820 3118 833 3140 ‚
854 3085 902 3129 in
924 3101 1114 3142 praesens

268 3148 446 3206 quidem
480 3158 577 3193 tum
610 3150 666 3193 ob
691 3159 892 3194 moestam
921 3150 1115 3194 Variana

266 3213 387 3275 clade
402 3214 619 3259 civitatem
635 3248 647 3271 ,
674 3225 882 3260 ovantem
898 3249 911 3270 ,
936 3215 1012 3260 sed
1027 3216 1116 3260 lau-

267 3287 439 3322 reatum
448 3288 607 3324 .tamen
624 3313 636 3335 ,
660 3281 818 3324 urbem
835 3296 926 3324 esse
946 3280 1116 3336 ingres-

267 3359 366 3387 sum
399 3359 409 3386 :
440 3343 724 3401 triumphavit
758 3345 880 3388 enim
911 3344 1115 3388 Tiberius

270 3424 387 3465 prox.
413 3425 530 3453 anno
556 3419 658 3455 ante
687 3418 881 3454 mortem
898 3410 1112 3467 Augusti,

272 3490 358 3532 quo
375 3483 573 3534 tempore
595 3485 639 3521 et
658 3475 749 3521 haec
769 3492 792 3520 a
813 3484 939 3533 poeta
958 3476 1115 3533 scripta

1191 2559 1400 2603 videntur
1421 2592 1433 2614 ,
1469 2575 1609 2616 quum
1642 2560 1733 2616 jam
1765 2569 1970 2617 quartum
1997 2561 2041 2604 in

1193 2626 1342 2669 Ponto
1362 2641 1532 2668 annum
1553 2625 1752 2682 degisset.
1775 2626 1950 2670 Mlcn..

1248 2694 1287 2736 5.
1310 2694 1549 2748 Vestrisque
1552 2695 1779 2747 paratibus
1791 2696 1938 2747 impar.
1955 2694 2046 2735 Va-

1192 2761 1349 2813 stisque
1376 2756 1677 2809 Combianus3
1712 2765 1762 2800 ut
1788 2757 1933 2814 infra,
1963 2759 2045 2801 85:

1195 2840 1218 2860 «
1232 2822 1367 2865 Ferre
1380 2822 1513 2865 etiam
1526 2822 1682 2865 molles
1694 2821 1803 2879 elegi
1820 2830 1910 2865 tam
1925 2831 2042 2865 vasta

1193 2888 1405 2945 triumphi
1437 2888 1644 2932 Pondera
1676 2888 1916 2945 disparibus
1949 2905 2040 2933 non

1195 2962 1377 3010 potuere
1402 2954 1521 2997 rotis.
1542 2971 1564 2991 ›-
1588 2954 1758 2998 Hnms.

1251 3037 1288 3077 7.
1303 3020 1446 3062 Firma
1461 3021 1607 3062 valent
1613 3034 1693 3074 per
1708 3034 1755 3062 se
1773 3027 1854 3062 etc.
1878 3018 2040 3062 Sensus

1194 3093 1283 3128 est:
1301 3082 1500 3141 Corpora
1521 3083 1649 3126 firma
1669 3100 1718 3126 ac
1737 3082 1875 3126 valida
1893 3099 1973 3140 per
1994 3100 2039 3127 se

1195 3148 1437 3193 consistunt
1453 3182 1464 3203 ,
1484 3163 1629 3204 neque
1650 3162 1758 3204 opus
1772 3146 1947 3191 medico
1959 3147 2038 3190 ha-

1194 3213 1302 3256 bent
1314 3244 1325 3266 ,
1349 3213 1424 3269 qui
1443 3228 1495 3256 ea
1511 3220 1741 3256 conservet
1761 3228 1772 3255 :
1792 3211 1853 3256 sic
1872 3221 1916 3255 et
1933 3210 2039 3255 boni

1196 3294 1244 3321 ac
1263 3284 1515 3333 praestantes
1533 3286 1695 3334 poetae,
1724 3293 1814 3320 non
1839 3277 2041 3333 indigent

1193 3344 1344 3388 favore
1355 3343 1527 3387 lectoris
1538 3376 1550 3399 ,
1561 3343 1737 3401 quando
1747 3345 1944 3401 ipsorum
1954 3360 2042 3386 car—

1195 3409 1318 3454 mina
1341 3426 1420 3467 per
1438 3426 1483 3454 se
1504 3410 1869 3454 commendabilia
1888 3419 2002 3453 sunt.

1249 3477 1287 3520 8.
1304 3477 1486 3519 Dubius.
1498 3478 1714 3519 Dubitans
1734 3492 1796 3531 pr.
1818 3474 1921 3518 edit.
