2280 3776
304 278 399 328 162

740 277 803 327 P.
852 274 1160 328 OVIDII
1203 273 1598 329 NASONIS

374 391 523 472 Saepe
551 388 820 449 recusanti
847 411 1074 470 corpora
1104 403 1258 471 capta
1279 389 1399 449 Deo
1425 414 1438 448 :

295 489 400 547 Hic
428 486 602 557 lacuS‚
632 486 691 544 hi
720 499 964 556 monteS‚
992 485 1105 544 haec
1138 499 1222 543 tot
1247 483 1489 555 castella,
1517 498 1601 544 tot
1623 507 1835 556 amnes,

373 583 539 643 Plena
570 582 692 640 ferae
717 581 905 652 caedis,
937 580 1098 662 plena
1127 582 1336 642 cruoris
1365 596 1515 641 erant
1543 605 1555 641 ε

295 681 511 739 Drusus
537 679 593 736 in
624 676 709 736 his
743 676 1018 759 quondam
1040 678 1236 738 meruit
1263 677 1589 756 cognomina
1614 677 1797 749 terris,

377 776 515 853 Quae
542 774 691 833 bona
721 773 1006 855 progenies
1037 773 1199 852 digna
1228 789 1448 858 parente
1478 774 1598 834 fuit.
2002 791 2056 845 40

300 870 579 932 Cornibus
606 869 695 928 hic
724 870 939 943 fractis,
970 870 1128 929 viridi
1156 869 1293 930 male
1322 885 1496 931 tectus
1525 870 1594 931 ab
1621 868 1774 940 ulva,

377 967 620 1028 Decolor
644 969 761 1050 ipse
792 991 892 1027 suo
925 967 1187 1046 sanguine
1212 967 1441 1027 Rhenus
1470 967 1603 1027 erit:

293 1065 551 1126 Crinibus
582 1088 647 1124 en
677 1065 835 1124 etiam
862 1064 1036 1124 fertur
1070 1062 1357 1123 Germania
1384 1063 1591 1145 passiS‚

375 1164 450 1220 Et
477 1160 630 1221 ducis
659 1159 846 1219 invicti
878 1160 981 1219 sub
1014 1157 1151 1240 pede
1182 1172 1373 1219 moesta
1400 1158 1576 1229 sedet3

297 1256 559 1338 Collaque
591 1256 850 1314 Romanae
882 1254 1130 1338 praebens
1160 1253 1399 1314 animosa
1429 1253 1639 1324 securi,
2006 1267 2059 1323 45

373 1353 605 1413 Vincula
632 1353 737 1411 sert
762 1351 882 1424 illa,
915 1377 1020 1434 qua
1050 1350 1177 1411 tulit
1204 1374 1375 1421 arma,
1403 1373 1581 1410 manu.

294 1454 414 1511 Hos
445 1474 609 1532 super
636 1449 694 1508 in
724 1472 916 1520 curra,
952 1439 1158 1519 Caesar,
1188 1446 1391 1507 victore
1417 1445 1628 1508 veheris

373 1550 691 1630 Purpureus
719 1545 913 1629 populi
937 1546 1039 1605 rite
1069 1569 1167 1629 per
1198 1569 1289 1604 ora
1321 1544 1435 1615 tui3

297 1646 531 1727 Quaque
563 1644 697 1715 ibis,
726 1642 982 1704 manibus
1012 1640 1472 1725 circumplaudere
1501 1654 1722 1699 tuorum
1740 1685 1754 1711 ‚

376 1740 637 1822 Undique
666 1739 867 1819 jactato
898 1737 1028 1797 flore
1060 1751 1275 1815 tegente
1303 1735 1430 1795 vias.
2008 1748 2062 1789 50

292 1840 564 1921 Tempora
592 1836 833 1915 Phoebea
855 1835 1010 1895 lauro
1040 1834 1301 1911 cingeris3
1331 1834 1519 1914 ioque,

292 1976 569 2022 MEne—Illo,
579 1977 651 2028 qui
657 1970 1040 2027 sequitur.Videtur
1048 1970 1132 2014 hoc

289 2041 385 2086 loco
398 2047 524 2096 poeta
541 2037 595 2080 ad
610 2053 659 2079 ea
673 2035 860 2078 alludere
878 2068 889 2089 ‚
908 2051 1003 2091 quae
1018 2034 1132 2091 apud

291 2104 494 2148 Tacitum
508 2100 898 2154 referuntur,libro
909 2100 1065 2156 primo,
1079 2099 1132 2142 de

290 2170 485 2225 ingressu
507 2165 757 2210 Germanici
777 2165 822 2208 in
837 2166 993 2208 saltum
1014 2164 1136 2207 Teu-

292 2233 616 2289 toburgiensem
630 2263 642 2285 ,
660 2238 704 2272 et
719 2230 773 2272 de
789 2229 899 2272 facie
914 2229 1106 2272 locorum
1122 2262 1134 2284 ,

214 2309 219 2312 ”
292 2299 404 2342 circa
417 2312 512 2354 quae
526 2295 671 2338 Varus
685 2310 784 2337 cum
799 2294 1039 2352 legionibus
1052 2294 1138 2338 suis

293 2364 454 2405 occisus
474 2360 631 2402 fuerat.
653 2359 826 2402 MICYI..
1104 2391 1110 2395 r

347 2428 413 2480 4ο.
441 2427 539 2479 Qua·
557 2427 667 2466 bona
679 2426 897 2479 progemes
916 2424 1044 2476 d1grna
1055 2438 1136 2476 pa-

290 2490 515 2545 rentefuit.
538 2489 648 2531 Tres
673 2490 782 2541 ῥινί,-
806 2495 991 2543 quatuor
1017 2488 1134 2540 Qu05

292 2572 439 2599 versus
451 2547 690 2610 corruptus.
702 2557 756 2597 Τὸ
770 2556 879 2595 bona
889 2587 898 2600 ‚
926 2561 970 2595 ut
982 2569 1109 2608 supra
1121 2586 1134 2607 ,

298 2623 475 2676 Cumque
489 2623 608 2666 ,bonis
626 2622 819 2661 moribus.
840 2618 987 2661 Scribe
1003 2650 1016 2672 ,
1036 2621 1136 2671 Qua.-

292 2690 416 2737 tulin
444 2694 493 2728 ut
518 2684 571 2728 ad
593 2699 758 2726 nomen
786 2682 1035 2739 Germanici
1060 2700 1132 2726 re-

291 2749 438 2805 spiciat
452 2781 463 2803 ,
483 2748 556 2805 qui
572 2748 702 2802 Drusi
725 2746 835 2790 filius
859 2763 868 2790 :
894 2747 1023 2803 idque
1043 2747 1135 2802 jam

293 2828 517 2869 occupasse
534 2821 578 2854 et
593 2812 900 2868 praemonuisse
915 2811 1040 2855 video
1054 2811 1135 2855 Ta·

292 2879 534 2935 naquillum
548 2878 736 2921 Fabrum
760 2879 805 2920 in
828 2877 1028 2934 Epistolis
1047 2894 1136 2920 nu-

291 2961 370 3000 per
382 2943 522 2998 editis,
536 2944 604 2986 cui
617 2943 696 2985 loci
712 2943 839 2999 hujus
853 2943 1034 2985 restituti
1049 2942 1133 2998 glo·

291 3009 401 3051 riam
419 3007 526 3051 cedo
541 3015 705 3064 :potest
717 3016 759 3049 et
779 3009 880 3059 Quat
895 3011 994 3049 bene
1011 3009 1129 3057 tulit,

293 3072 375 3116 hoc
385 3082 450 3116 est
463 3106 474 3127 ,
490 3074 587 3128 jure
605 3072 702 3115 tulit
714 3089 724 3124 ;
739 3073 813 3128 qui
825 3071 1032 3128 loquendi
1045 3087 1133 3114 mo·

293 3136 371 3179 dus
394 3137 557 3180 Nasoni
587 3153 794 3193 perquam
817 3135 1048 3180 familiaris.
1073 3135 1131 3177 H.

346 3202 410 3254 41.
435 3202 634 3244 Comibus
657 3206 726 3244 hic
735 3202 905 3257 fractis.
932 3200 1133 3254 lasractis

293 3263 380 3306 duo
394 3274 572 3308 veteres.
594 3264 860 3309 Claudianus
881 3267 933 3309 de
951 3266 1131 3309 Rheno:

294 3348 316 3368 «
336 3329 555 3373 Cornibus
576 3332 767 3375 infractis
783 3333 891 3376 adeo
907 3332 1131 3376 mitescere

293 3395 430 3451 cogit:
446 3412 467 3432 »
485 3395 660 3449 ildracti
679 3400 852 3439 advers&
876 3399 1013 3444 Marte
1033 3399 1132 3439 La·-

1211 1972 1309 2019 tini,
1333 1967 1447 2024 apud
1464 1966 1583 2023 Virg.
1596 1966 1702 2009 AEn.
1722 1967 1813 2009 XII
1830 1998 1841 2020 ,
1870 1983 1884 2008 1
1902 1973 2063 2012 :eterit

1213 2047 1293 2088 pro
1310 2039 1403 2074 emt
1418 2030 1546 2088 prim.
1572 2031 1699 2075 Polit.
1719 2029 1872 2074 ac'duo
1895 2030 1976 2073 alii.
1998 2033 2061 2075 H.

1212 2119 1267 2127 —
1285 2095 1403 2139 Male
1418 2103 1551 2145 tectus
1575 2098 1629 2140 ab
1649 2098 1758 2138 ulva.
1794 2095 1896 2137 Non
1923 2111 2060 2140 coro-

1215 2169 1369 2209 natum
1388 2159 1488 2204 ulva
1504 2159 1702 2216 intelligit
1721 2167 1846 2215 poeta
1861 2191 1874 2213 ‚
1889 2159 1962 2204 sed
1984 2159 2059 2202 de-

1218 2227 1488 2270 litescentem
1505 2259 1519 2280 ‚
1542 2227 1661 2282 quasi
1681 2242 1770 2282 prae
1789 2225 2026 2269 formidine
2045 2260 2058 2281 ‚

1217 2309 1268 2335 eo
1288 2292 1402 2348 quod
1428 2292 1517 2348 jam
1539 2292 1674 2335 victus
1694 2299 1737 2333 et
1760 2291 1812 2334 ab
1825 2290 1948 2334 hoste
1968 2292 2059 2347 jam

1216 2367 1363 2415 captus
1379 2367 1501 2401 esset.
1516 2380 1570 2391 --·
1591 2359 1720 2400 Tutus
1730 2360 1785 2400 ab
1801 2360 1898 2400 ulva
1918 2373 2029 2399 unus
2046 2375 2056 2409 ;

1216 2433 1348 2467 tectus
1368 2429 1413 2468 in
1432 2426 1558 2467 herba
1584 2424 1844 2467 Bersmann.
1875 2426 1931 2466 ab
1956 2427 2059 2465 aula

1216 2488 1367 2544 primae
1389 2487 1510 2533 editt.

1270 2554 1335 2607 48.
1355 2556 1586 2608 Purpureus
1594 2555 1744 2607 populi
1753 2555 1839 2595 rite.
1864 2552 1917 2595 In
1941 2558 2055 2592 veste

1216 2635 1434 2676 purpurea
1445 2652 1457 2673 ,
1471 2622 1610 2674 quam
1622 2618 1760 2661 aureis
1772 2618 1980 2660 intextam
1998 2616 2057 2657 si-

1216 2684 1389 2728 deribus
1412 2683 1728 2740 triumphantes
1744 2681 1975 2737 gestabant.
1990 2680 2056 2722 M.

1271 2755 1336 2795 50.
1356 2753 1544 2806 Undiqzae
1550 2750 1720 2804 jactato
1717 2750 1836 2804 flore.
1853 2748 1964 2790 Item
1983 2762 2056 2802 po-

1215 2817 1339 2874 pulus
1355 2817 1482 2859 Rom.
1500 2815 1677 2857 floribus
1691 2813 1943 2869 adspergere
1956 2844 1967 2865 ,
1990 2828 2055 2855 co-

1214 2897 1341 2923 ronas
1356 2888 1402 2922 et
1419 2879 1645 2923 lemniscos
1665 2877 1875 2933 projicere
1894 2876 2055 2919 solebat

1214 2945 1259 2986 in
1272 2958 1345 2986 eos
1361 2975 1372 2995 ,
1389 2958 1495 2997 quos
1509 2941 1788 2984 cohonestare
1807 2940 1986 2983 volebat.
2004 2941 2053 2983 P.

1268 3010 1292 3050 5
1302 3024 1315 3048 1
1324 3037 1333 3048 .
1355 3008 1554 3061 Tempora
1566 3006 1748 3049 Phaebea
1761 3008 1878 3049 lauro
1890 3009 2057 3059 cingen-

1212 3079 1288 3114 tur.
1309 3072 1423 3127 Lege
1449 3076 1654 3125 cingetur,
1686 3080 1732 3113 et
1751 3071 1870 3114 refer
1890 3070 1941 3113 ad
1968 3071 2054 3112 mi⁶

1212 3136 1334 3178 litem
1367 3135 1620 3179 laureatum.
1657 3137 1835 3179 Poterat
1866 3134 2054 3190 alioquin

1213 3204 1387 3254 cingeris
1410 3201 1558 3244 dixisse
1584 3219 1594 3252 ;
1626 3201 1736 3245 hanc
1756 3201 2052 3256 conjecturam

1213 3266 1443 3309 confirmat
1457 3267 1740 3310 Arondelian.
1756 3267 1877 3320 liber,
1895 3282 2026 3322 quem
2037 3298 2049 3319 ,

1213 3331 1317 3373 dum
1342 3332 1430 3374 haec
1449 3331 1655 3386 eduntur,
1671 3331 1848 3376 consulo
1865 3364 1876 3386 ‚
1896 3340 1939 3374 et
1956 3346 2053 3373 con-

1213 3396 1399 3440 fidenter
1422 3412 1591 3451 sequor.
