2280 3776
447 314 561 370 EX
602 308 895 367 PONTO
934 309 1098 364 LIB.
1142 307 1256 364 IV.
1298 303 1575 362 EPIST.
1617 305 1807 360 VIII.

1901 304 2001 376 441

720 578 1241 651 EPISTOLA
1304 577 1529 647 VIII.

893 885 923 915 *
967 880 1375 941 SUILLIO.

837 1179 1428 1231 ARGUMENTUM.

251 1311 434 1356 Mortuo
449 1308 647 1368 Augusto
667 1340 679 1364 ‚
706 1316 755 1353 ut
779 1307 986 1365 diximus,
1008 1308 1121 1353 hanc
1138 1307 1375 1365 Epistolam
1394 1306 1529 1350 mittit
1550 1304 1738 1351 Ovidius
1753 1303 1806 1348 ad
1824 1303 2029 1348 Suillium

306 1379 450 1425 uxoris
469 1395 557 1425 sum
575 1395 787 1438 generum
804 1411 816 1434 ,
836 1378 1008 1438 agitque
1025 1378 1063 1423 ei
1086 1378 1241 1437 gratias
1264 1393 1344 1436 pro
1371 1377 1465 1434 ejus
1493 1376 1685 1434 Epistola
1707 1374 1759 1419 ad
1783 1391 1827 1419 se
1847 1375 2003 1431 scripta
2020 1390 2031 1417 ε

309 1464 442 1508 quam
459 1481 471 1504 ,
495 1447 575 1492 etsi
593 1463 692 1493 sero
717 1446 926 1505 perlatam
942 1480 954 1503 ‚
976 1448 1260 1506 gratissimam
1281 1455 1428 1491 tamen
1446 1445 1577 1489 fuisse
1600 1444 1715 1489 dicit.
1741 1443 2029 1488 Postmodum

314 1534 419 1563 eum
441 1525 565 1576 rogat
581 1550 593 1573 ,
614 1526 663 1562 ut
684 1516 997 1563 Germanicum
1018 1518 1240 1575 juniorem
1259 1517 1339 1561 sibi
1357 1515 1605 1560 reconciliet
1623 1531 1633 1559 :
1653 1514 1966 1572 polliceturque
1988 1531 2032 1558 se

311 1587 360 1631 in
391 1586 522 1646 hujus
542 1587 608 1632 rei
630 1588 811 1645 gratiam
833 1604 923 1632 non
947 1597 1199 1632 erecturum
1228 1587 1268 1630 ei
1291 1586 1451 1644 templa
1472 1585 1527 1629 de
1549 1600 1768 1629 marmore
1786 1618 1797 1635 ‚
1831 1584 1904 1628 sed
1928 1600 2032 1627 car-

314 1658 434 1702 mine
447 1657 774 1715 complexurum
789 1659 883 1717 ejus
902 1658 1051 1703 laudes
1073 1681 1082 1701 ι
1105 1657 1380 1715 ostenditque
1399 1656 1508 1701 nihil
1525 1673 1615 1701 esse
1631 1672 1751 1714 posse
1769 1654 2034 1714 principibus

315 1730 478 1787 aptius,
500 1745 631 1786 quam
655 1730 848 1774 carmine
872 1729 1117 1774 officiosum
1141 1746 1185 1774 se
1208 1738 1423 1787 praestare.
1455 1729 1573 1772 Tum
1595 1737 1745 1773 nactus
1768 1728 2035 1772 occasionem

316 1808 445 1858 poeta
460 1832 472 1854 ,
498 1797 701 1843 carminis
721 1798 1017 1843 excellentiam
1034 1798 1199 1843 extollit
1219 1815 1229 1843 z
1247 1807 1534 1857 precaturque
1562 1808 1611 1843 ut
1628 1799 1707 1843 sibi
1726 1798 1918 1843 carmina
1937 1812 2035 1854 pro-

315 1869 415 1914 sint.
450 1869 507 1912 Et
533 1867 567 1912 si
595 1884 686 1911 non
707 1868 839 1925 possit
864 1868 1056 1912 reditum
1079 1870 1122 1912 in
1148 1869 1332 1926 patriam
1358 1869 1582 1923 obtinere,
1618 1870 1769 1913 saltem
1801 1868 1898 1912 urbi
1925 1883 2035 1924 pro-

316 1936 518 1995 pinquius
549 1935 744 1979 exsilium
763 1968 775 1990 ‚
808 1952 895 1993 quo
930 1937 1062 1993 possit
1095 1935 1278 1981 Caesaris
1307 1946 1424 1993 gesta
1460 1937 1701 1994 intelligere
1720 1970 1731 1992 ,
1764 1945 1809 1980 et
1843 1936 2036 1979 carmine

315 2007 548 2052 celebrare.

265 2134 554 2222 LITERA
585 2183 702 2221 sera
730 2160 949 2243 quidem
967 2207 982 2234 ‚
1013 2161 1214 2223 studiis
1238 2161 1449 2223 exculte
1477 2161 1672 2235 Suilli,

345 2257 472 2317 Huc
503 2271 599 2316 tua
626 2257 901 2339 pervenit,
932 2256 1028 2318 sed
1049 2257 1185 2316 mihi
1213 2272 1367 2336 grata
1396 2273 1577 2318 tamen
1600 2284 1613 2318 ε

268 2355 393 2434 Qua
411 2399 426 2426 ‚
457 2353 548 2437 pia
578 2353 625 2415 si
651 2354 828 2437 possit
856 2354 1096 2438 Superos
1125 2353 1295 2415 lenire
1323 2356 1572 2434 rogando

353 2449 838 2523 Gratia‚'laturum
868 2464 919 2509 te
950 2450 1087 2510 mihi
1119 2450 1254 2512 dicis
1282 2476 1460 2535 opem.

268 2549 352 2608 Ut
373 2549 484 2631 jam
509 2548 589 2608 nil
615 2562 839 2632 praestes
855 2594 870 2620 ‚
902 2548 1069 2608 animi
1097 2573 1218 2610 sum
1250 2549 1426 2612 sactus
1451 2551 1611 2611 amici
2019 2572 2043 2613 5

353 2645 592 2707 Debitor
616 2670 628 2719 ;
661 2660 714 2706 et
738 2644 993 2706 meritum
1011 2690 1027 2717 ‚
1052 2644 1189 2705 velle
1211 2646 1425 2728 juvare,
1462 2673 1614 2709 voc0.

340 2797 371 2831 θ’
404 2775 610 2842 Summo.
643 2797 731 2841 Hic
761 2797 853 2840 sine
889 2796 1022 2839 dubio
1054 2805 1119 2841 est
1200 2789 1377 2834 Nerone
1399 2791 1606 2846 tandem,
1636 2791 1755 2848 quod
1776 2792 1917 2848 pretio
1936 2808 2045 2837 con-

275 2862 328 2906 P.
347 2861 546 2917 Suillius,
578 2861 677 2918 qui,
714 2870 901 2918 quaestor
925 2859 1117 2916 primum
1201 2853 1355 2899 ductus
1387 2871 1600 2900 accusasse
1621 2856 1973 2913 insimularetur,
2004 2867 2048 2902 et

279 2924 460 2970 Caesaris
479 2925 754 2980 Germanici,
777 2926 940 2982 legatus
963 2924 1121 2968 deinde

279 3004 358 3044 pro
370 2996 579 3045 quaestore
598 2990 642 3032 in
656 2990 755 3032 Asia
773 3023 785 3045 ,
810 2989 1013 3046 deinceps
1028 2998 1125 3046 post

279 3067 497 3096 excessum
518 3051 792 3109 Germanici,
815 3054 1038 3098 convictus
1058 3071 1122 3098 ae-

280 3116 438 3172 cepisse
452 3115 640 3172 pretium
652 3117 707 3160 ob
722 3133 816 3160 rem
828 3117 1123 3174 judicandam,

284 3178 405 3222 ltalia
429 3178 573 3236 pulsus
598 3189 725 3236 atque
748 3181 910 3236 ejectus
924 3214 936 3235 ‚
959 3181 1126 3225 Tiberii

284 3260 386 3287 mox
415 3244 557 3288 edicto
587 3245 873 3302 relegatusin
909 3245 1125 3300 insulam,

285 3325 425 3366 eoque
465 3319 640 3353 mortuo
680 3325 875 3354 reversus
898 3344 911 3366 ,
955 3310 1129 3357 Glandii

290 3374 471 3418 Caesaris
503 3374 682 3418 demum
713 3376 898 3420 amicitia
926 3393 974 3420 ac
996 3375 1126 3420 sami-

288 3437 468 3483 liaritate
492 3439 565 3483 diu
591 3440 775 3486 feliciter
803 3451 865 3486 est
890 3459 1003 3487 usus.
1037 3443 1128 3486 Sub

1204 2919 1448 2976 complures
1462 2920 1651 2978 adegisse
1665 2921 1717 2964 ad
1733 2931 1922 2966 mortem
1942 2956 1954 2978 ,
1971 2923 2051 2967 Se-

1205 2999 1324 3028 necae
1347 2985 1533 3041 impulsu
1566 2986 1659 3043 lege
1686 2986 1840 3032 Cincia
1866 2987 2051 3032 damna-

1208 3059 1276 3093 tus
1291 3083 1302 3104 ,
1330 3059 1375 3094 et
1398 3051 1444 3094 in
1466 3051 1667 3096 Baleares
1695 3053 1946 3111 deportatus
1974 3063 2051 3099 est.

1210 3117 1325 3161 Rem
1340 3134 1520 3162 omnem
1534 3120 1701 3176 copiose
1722 3130 1973 3176 persecutus
1988 3130 2053 3165 est

1211 3182 1411 3239 Tacitus,
1431 3184 1503 3227 lib.
1523 3185 1606 3238 IV,
1628 3198 1675 3228 XI
1689 3219 1701 3240 ,
1723 3194 1768 3228 et
1787 3186 1915 3230 XIII.

1268 3266 1301 3291 1.
1322 3250 1516 3292 Exculte.
1531 3251 1718 3294 E.2·culta
1737 3250 1892 3294 Servii.

1265 3332 1303 3356 2.
1313 3317 1412 3358 Huc
1428 3322 1514 3358 tua.
1531 3318 1629 3359 Huc
1644 3333 1802 3374 quoque
1815 3316 1914 3360 MS.
1933 3317 2054 3358 Bers.

1266 3379 1303 3420 3.
1321 3379 1453 3433 Sipia
1461 3383 1614 3434 gratia.
1635 3380 1681 3424 Si
1698 3396 1823 3423 amor
1840 3389 1939 3423 tuus
1953 3394 2054 3434 erga

1211 3459 1281 3486 me
1294 3443 1609 3499 pius.—-Posset
1619 3449 1746 3488 lenire
1757 3447 1944 3499 Superos.
1958 3444 2057 3486 Pos-
