2268 3848
299 345 365 402 70
768 289 1177 383 Pyovlnu
1216 327 1595 384 NASONIS

378 443 453 500 Et
480 442 645 502 maris
677 442 941 503 adstricto
977 467 1097 526 quae
1135 443 1247 505 coit
1278 445 1429 505 unda
1462 445 1603 524 gela.

296 539 576 598 Hactenus
604 538 809 598 Euxini
837 563 965 620 pars
995 555 1077 600 est
1107 542 1356 601 Romana
1385 543 1628 616 sinistri;

379 635 634 694 Proxima
663 637 943 696 Basternae
973 637 1419 720 Sauromataeque
1452 653 1672 699 tenent:

297 733 428 792 Haec
459 748 542 792 est
572 733 820 793 Ausonio
851 735 955 794 sub
982 736 1103 816 jure
1137 735 1434 796 novissima
1453 782 1467 807 ‚
1497 735 1699 819 vixque

380 830 564 888 Haeret
594 828 653 887 in
684 829 899 912 imperii
933 831 1178 909 margine
1207 846 1349 891 terra
1370 831 1479 890 tui.

2002 862 2083 890 200

297 925 458 984 Unde
488 949 684 1008 precor
711 925 976 1009 supplex,
1009 942 1072 987 ut
1103 951 1208 987 nos
1238 927 1297 986 in
1329 941 1446 986 tuta
1473 925 1718 1005 releges;

379 1022 462 1081 Ne
490 1022 563 1089 sit
591 1046 715 1081 cum
747 1022 922 1105 patria
951 1048 1058 1106 pax
1087 1046 1312 1106 quoque
1339 1022 1518 1082 demta
1547 1023 1686 1082 mihi
1711 1047 1724 1083 :

298 1121 383 1179 Ne
415 1119 633 1179 timeam
661 1134 880 1198 gentes,
915 1144 1051 1203 quas
1079 1144 1192 1180 non
1221 1120 1364 1180 bene
1394 1118 1692 1181 submovet
1716 1120 1889 1193 Ister;

371 1217 521 1277 Neve
554 1232 683 1278 tuus
709 1218 920 1300 possim
946 1218 1076 1278 civis
1105 1218 1173 1278 ab
1205 1217 1368 1277 hoste
1398 1215 1537 1299 capi.

294 1313 399 1372 Fas
428 1312 691 1395 prohibet
719 1313 880 1372 Latio
911 1335 1242 1396 quemquam
1272 1312 1338 1372 de
1369 1311 1636 1389 sanguine
1657 1326 1879 1386 natum,

2003 1329 2082 1370 205

378 1413 689 1472 Caesaribus
721 1411 910 1484 salviS‚
943 1412 1179 1472 barbara
1206 1409 1384 1471 vincla
1412 1410 1546 1494 pati.

291 1510 640 1570 Perdiderint
670 1535 841 1593 quum
869 1535 956 1571 me
986 1510 1097 1570 duo
1126 1510 1382 1582 crimina,
1418 1532 1638 1570 carmen
1664 1522 1721 1570 et
1749 1532 1938 1581 error;
1967 1527 1973 1592 f

373 1608 620 1669 Alterius
650 1609 779 1670 facti
809 1608 972 1691 culpa
1002 1606 1214 1667 silenda
1241 1606 1382 1667 mihi
1406 1630 1420 1666 :

291 1692 435 1768 Nam
464 1732 577 1767 non
607 1731 730 1767 sum
762 1706 935 1779 tanti5
965 1720 1031 1766 ut
1054 1729 1313 1766 renovem
1342 1719 1438 1764 tua
1466 1702 1718 1779 vulnera,
1747 1705 1958 1785 Caesar,

374 1806 558 1885 Quem
586 1804 758 1863 nimio
790 1803 918 1886 plus
948 1818 1032 1864 est
1059 1801 1365 1866 indoluisse
1392 1799 1574 1861 semel.

1998 1833 2080 1862 210

289 1901 477 1962 Altera
506 1925 633 1985 pars
663 1915 939 1986 superest,
967 1924 1076 1984 qua
1093 1947 1106 1974 ‚
1135 1899 1287 1983 turpi
1314 1897 1541 1959 crimine
1573 1912 1752 1958 taetus
1770 1944 1785 1970 ‚

323 2040 412 2098 195.
425 2038 470 2081 A
472 2041 650 2081 dstricto
657 2041 767 2093 gelu.
783 2037 1051 2081 Cimmerius
1061 2039 1144 2082 Bo-

292 2121 444 2160 sporus
456 2137 468 2158 ,
491 2104 565 2159 qui
583 2103 733 2147 Asiam
749 2104 801 2146 ab
817 2104 996 2160 Europa
1017 2119 1145 2159 sepa-

296 2178 386 2223 rat,
411 2169 469 2211 ita
485 2169 713 2226 glaciatur,
738 2177 786 2211 ut
806 2184 927 2210 mare
945 2167 1050 2209 illud
1069 2182 1145 2222 pe-

295 2235 420 2277 dibus
454 2233 712 2290 plerumque
746 2234 947 2289 pervium
977 2231 1055 2282 sit,
1095 2240 1145 2274 ut

296 2301 464 2343 Plinius
487 2299 792 2354 docetzquam
826 2297 1006 2355 glaciem
1040 2297 1144 2341 dicit

296 2374 424 2423 poeta
445 2381 535 2408 esse
549 2365 678 2420 paulo
691 2364 804 2407 ultra
820 2372 956 2407 terras
971 2362 1024 2406 ad
1038 2378 1148 2419 quas

295 2432 509 2488 relegatus
519 2430 681 2475 est.Vel
692 2438 809 2474 certe
818 2427 1012 2486 intellige
1028 2430 1143 2472 Pon-

295 2499 324 2540 ti
347 2505 516 2554 partem
530 2529 542 2550 ,
560 2512 690 2552 quam
700 2494 887 2539 brumali
901 2495 1045 2551 rigore
1058 2494 1143 2537 du-

294 2562 381 2603 rari
408 2547 595 2603 diximus
616 2576 760 2617 supra.

356 2629 674 2686 197.Hactenus
687 2660 696 2672 ,
716 2636 795 2675 etc.
811 2627 964 2682 Usque
979 2624 1031 2668 ad
1049 2625 1145 2668 Da-

294 2693 502 2736 nubium:
519 2708 653 2748 quem
673 2691 776 2734 dicit
792 2707 882 2734 esse
898 2691 1143 2734 terminum

297 2758 487 2803 Romani
515 2756 703 2814 imperii.
730 2755 887 2800 Vicina
917 2757 1146 2802 Basternae

293 2834 337 2867 et
357 2824 628 2868 Sauromatae
647 2822 794 2865 hostes
807 2831 1034 2879 occupant.
1049 2824 1144 2866 Eu-

294 2892 391 2932 xini
408 2891 587 2938 sinistri,
612 2886 784 2930 Pontici
802 2887 933 2930 maris
951 2921 963 2941 ,
989 2887 1064 2943 qui
1078 2897 1143 2931 est

296 2971 319 2996 a
339 2953 511 2997 sinistra
530 2953 832 3009 navigantibus
852 2953 905 2995 ad
928 2952 1143 2997 Cimme-

292 3020 409 3061 rium
428 3019 688 3076 Bosporum.
712 3020 797 3060 Est
804 3034 910 3072 pars
930 3021 1141 3062 Romana.

292 3085 371 3127 Est
391 3083 566 3126 ditionis
588 3083 815 3125 Romanae.

355 3149 445 3201 198.
476 3150 705 3190 Basternae.
736 3147 1142 3204 Basternaepoputi

290 3212 416 3254 fuere
429 3212 481 3254 ad
496 3211 728 3255 Oceanum
740 3212 1143 3268 septemtrionalem

292 3277 417 3320 versi.
448 3278 534 3320 Eos
560 3280 824 3323 Ptolemaeus
842 3279 989 3323 scribit
1009 3279 1141 3323 fuisse

292 3344 339 3386 in
364 3342 578 3386 Sarmatia
603 3345 808 3401 Europae.
843 3346 940 3388 Hos
965 3345 1143 3389 Tacitus

292 3409 498 3450 Peucinos
514 3409 740 3462 nominat,
762 3408 1018 3466 dubitatque
1035 3410 1144 3453 Sar-

290 3472 475 3516 matisne
489 3489 544 3516 an
558 3472 791 3516 Germanis
807 3473 1031 3518 adscribat.
1060 3477 1141 3519 Tc·-

1226 2038 1547 2091 nentproxima.
1567 2033 1860 2078 Tenent‘loca
1881 2033 1995 2077 Istro
2014 2034 2082 2077 vi-

1227 2102 1339 2145 cina.

1236 2193 1239 2196 -
1286 2182 1382 2210 200.
1400 2167 1550 2209 Haesit.
1573 2167 1718 2209 Here!
1726 2165 1940 2210 meliores.
1963 2166 2025 2210 H,

1283 2248 1377 2275 202.
1408 2235 1507 2275 Pax
1532 2247 1692 2288 quoque
1718 2233 1898 2275 ademta.
1927 2233 2081 2275 Demta

1227 2295 1317 2339 duo
1329 2305 1522 2346 veterem
1552 2295 1671 2352 quod
1692 2295 1875 2338 mollius.
1911 2296 2079 2338 HEINs.

1281 2362 1375 2404 203.
1397 2363 1494 2405 Non
1513 2365 1617 2404 bene
1635 2364 1859 2405 submovet.
1881 2361 1986 2406 Non
2000 2361 2081 2404 be-

1227 2442 1285 2470 ne
1309 2435 1439 2470 arcet.
1462 2427 1594 2469 Mun.

1280 2510 1374 2548 207.
1383 2493 1648 2535 Perdiderint
1655 2507 1776 2547 quum
1790 2507 1865 2534 me.
1882 2491 2081 2534 Prodide-

1229 2563 1316 2603 rint
1339 2556 1626 2601 Combianus.
1645 2556 1715 2600 De
1738 2573 1825 2614 quo
1845 2557 1931 2600 dixi
1951 2571 2080 2613 supra

1225 2643 1286 2671 vs.
1306 2643 1374 2685 99.
1390 2627 1560 2670 Hltms.

1237 2715 1244 2720 ·
1281 2708 1377 2751 209.
1397 2694 1509 2734 Nam
1522 2694 1640 2734 tanti
1650 2705 1734 2732 non
1753 2704 1845 2732 sum
1858 2722 1869 2739 ‚
1895 2704 2080 2732 renovem

1224 2764 1271 2799 ut
1285 2765 1363 2799 tua
1381 2758 1574 2805 vulnera,
1602 2754 1754 2795 Caesar.
1785 2751 1900 2795 Duri
1919 2761 2081 2808 praeter

1227 2836 1402 2863 morem
1421 2818 1695 2863 ovidianum
1714 2817 1915 2860 numeri:
1931 2821 1972 2861 τὸ
1991 2824 2040 2859 ul
2055 2833 2079 2859 a

1224 2885 1376 2928 multis
1386 2885 1505 2927 abest
1517 2891 1718 2926 veterum
1731 2881 1929 2939 3quidam
1944 2881 2079 2924 etiam

1223 2968 1308 2995 non
1326 2967 1417 2993 sum
1436 2952 1573 3003 lant1';
1589 2957 1634 2991 et
1655 2956 1703 2992 ut
1722 2963 1922 2991 renovem.
1942 2946 2078 2991 Forte

1222 3015 1528 3061 scribendum:
1551 3031 1574 3052 a
1595 3015 1713 3058 Nam
1738 3023 1814 3058 tua
1838 3030 1931 3057 non
1963 3014 2073 3056 tanti

1224 3089 1288 3124 est
1303 3081 1506 3123 renovari
1526 3079 1708 3122 vulnera
1722 3111 1734 3133 ‚
1760 3078 1909 3123 Caesar
1928 3094 1940 3122 :
1963 3097 1987 3117 ι·
2010 3079 2078 3122 vel

1225 3156 1480 3192 renovemur.
1498 3146 1668 3190 HBINS.

1280 3231 1303 3256 2
1314 3231 1329 3256 1
1341 3230 1356 3255 1
1365 3246 1375 3255 .
1402 3214 1535 3267 Turpi
1543 3213 1716 3255 crimine
1737 3212 1883 3253 lectus.
1909 3211 2075 3252 Carmi-

1222 3294 1275 3322 ne
1281 3278 1434 3334 factus
1456 3277 1661 3320 meliores
1682 3290 1846 3332 magno
1872 3288 2076 3317 numero.

1225 3344 1349 3387 Malo
1362 3377 1374 3399 ,
1397 3347 1512 3399 turpi
1520 3346 1690 3387 crimine
1703 3350 1870 3394 tactus‚·
1891 3341 1995 3384 hinc
2009 3349 2077 3382 ta-

1225 3426 1326 3454 xare
1350 3418 1394 3452 et
1407 3417 1619 3452 taxatores
1638 3407 1796 3451 scenici
1809 3406 1910 3450 dicti
1925 3438 1937 3460 ,
1953 3406 2073 3461 quod

1225 3475 1334 3519 alter
1347 3475 1534 3519 alterum
1555 3473 1793 3517 maledictis
1814 3480 1962 3529 tang-at
1981 3489 1991 3524 3
2007 3473 2074 3515 vi-
