2280 3776
312 292 411 328 100

758 278 823 329 P.
883 276 1174 331 OVIDII
1221 276 1589 333 NASONIS

383 391 571 469 Cingit
599 405 652 450 et
679 406 936 469 augustas
966 390 1131 451 arbor
1161 414 1327 475 opaca
1353 394 1543 454 fores?
2012 412 2069 467 40

297 487 443 546 Num
461 534 474 556 ‚
507 487 634 568 quia
661 501 957 569 ,perpetuos
988 488 1184 547 meruit
1208 489 1404 550 domus
1432 489 1537 548 ista
1567 488 1922 572 triumphos?

379 583 496 652 An,
526 580 654 662 quia
684 580 957 640 Leucadio
993 605 1204 665 semper
1233 600 1408 645 amata
1431 587 1598 645 Deo?

298 680 494 760 Ipsane
527 676 676 759 quod
704 675 842 736 festa
869 692 984 750 est,
1017 703 1085 738 an
1118 681 1267 762 quod
1295 681 1425 742 facit
1453 682 1635 742 omnia
1663 681 1845 743 festa?

380 776 560 852 Quam
594 773 790 833 tribuit
822 774 977 834 terris
995 821 1009 846 ,
1039 776 1191 857 pacis
1220 800 1287 835 an
1317 777 1422 836 ista
1450 792 1580 837 nota
1606 779 1734 837 est?

297 872 483 952 thue
514 870 650 930 viret
681 893 894 954 semper
920 869 1107 931 laurus
1129 918 1143 943 ‚
1173 895 1273 931 nec
1301 871 1495 951 fronde
1526 872 1726 932 caduca
2010 885 2066 946 45

382 967 643 1048 Carpitur
660 1013 673 1037 ,
714 981 975 1026 aeternum
1004 966 1084 1027 sic
1110 967 1281 1027 habet
1309 967 1400 1026 illa
1431 967 1639 1028 decus?

302 1062 583 1143 Causaque
613 1061 912 1144 subpositae
938 1061 1143 1144 scripto
1171 1076 1367 1122 testata
1397 1085 1630 1135 coronae,

377 1159 632 1219 Servatos
663 1159 804 1218 cives
832 1158 1037 1218 indicat
1065 1158 1230 1239 hujus
1259 1182 1362 1242 ope
1387 1183 1398 1217 :

293 1255 484 1336 Adjice
509 1254 732 1314 servatis
761 1277 962 1326 unum,
996 1269 1150 1336 pater
1181 1254 1413 1336 optime,
1444 1253 1641 1327 civem,

291 1421 384 1474 ber,
400 1419 612 1462 intrature
635 1419 847 1471 Penates,
872 1417 1002 1461 Disce
1019 1434 1139 1461 vere·

296 1485 441 1528 cundo
454 1484 640 1527 sanctius
655 1499 730 1525 ore
744 1483 874 1539 loqui.
890 1500 911 1519 »ι
925 1481 1138 1537 Sequenti

291 1566 417 1592 versu
431 1556 634 1603 augustas
631 1547 753 1602 sores
762 1555 996 1603 agnoscunt
1006 1546 1138 1588 etiam

289 1613 415 1656 multi
423 1629 478 1656 ‘ex
490 1611 694 1667 antiquis,
708 1626 798 1653 non
813 1624 981 1663 comas‚·
997 1618 1041 1652 et
1056 1609 1139 1652 hoc

291 1680 424 1736 probe
446 1696 456 1722 z
476 1694 619 1734 neque
643 1676 765 1720 aliter
787 1693 838 1720 ex
860 1677 945 1720 suis
963 1677 1140 1733 Nauge-

290 1746 379 1787 rius
400 1753 444 1787 et
468 1742 682 1785 Ciofanus
703 1758 712 1784 ε
732 1758 812 1799 pro
837 1745 961 1784 arbor
974 1757 1109 1796 opaca
1123 1773 1134 1793 ,

290 1819 376 1853 tres
395 1825 545 1866 querna
566 1824 719 1851 corona
733 1822 748 1861 ,²
774 1817 822 1851 ut
854 1808 966 1850 Fast.
991 1807 1061 1849 lib.
1086 1807 1108 1849 I
1122 1838 1135 1861 ,

290 1876 372 1928 614
386 1907 397 1927 ‚
415 1873 467 1916 ad
484 1873 822 1916 Germanicum:
837 1891 859 1910 κ
876 1873 1082 1928 Protegat
1094 1880 1138 1914 et

287 1948 447 1982 vestras
463 1954 628 1994 querna
647 1953 810 1980 corona
826 1936 958 1980 fores.
976 1955 998 1975 »

345 2005 409 2056 41.
428 2005 501 2044 An
518 2035 528 2051 ‚
545 2006 654 2057 quia.
670 2001 1004 2044 Num-meliores.
1022 2000 1082 2043 H.

345 2070 411 2121 42.
434 2069 645 2114 Leucadio
669 2067 774 2109 Deo.
804 2065 902 2107 Deo
934 2064 1136 2121 Apollini.

295 2131 452 2188 Apollo
488 2139 604 2173 amat
630 2130 801 2173 laurum
832 2138 1011 2187 propter
1037 2129 1139 2172 Da-

291 2196 440 2253 phnen
470 2195 516 2237 in
549 2210 645 2237 eam
674 2203 998 2237 commutatam.
1032 2194 1136 2236 Au—

290 2270 438 2317 gustus
459 2260 579 2302 enim
598 2259 643 2301 in
662 2274 738 2301 ore
757 2259 876 2301 sinus
891 2257 1133 2312 Ambracii,

292 2325 468 2370 Actium
481 2340 582 2368 cum
598 2309 729 2366 nobili
747 2323 910 2379 templo
925 2322 1135 2379 Apollinis

290 2389 484 2433 condidit
500 2422 511 2443 ,
528 2388 644 2432 haud
659 2389 785 2444 longe
801 2405 823 2430 a
839 2388 1024 2431 Leucate
1040 2404 1136 2445 pro-

289 2455 534 2510 montorio,
550 2471 572 2496 a
588 2469 674 2510 quo
689 2453 810 2496 Deus
825 2454 1063 2495 leucadius
1076 2453 1135 2496 di-

289 2531 382 2563 ctus
398 2530 461 2563 est
482 2537 491 2563 :
511 2536 586 2561 seu
611 2536 634 2561 a
655 2518 867 2561 Leucadia
881 2518 1106 2574 peninsula
1121 2551 1133 2573 ,

290 2601 386 2641 quae
402 2585 505 2626 olim
518 2587 679 2626 Neritos
692 2583 900 2639 adpellata
915 2616 928 2638 ,
943 2599 1033 2626 non
1047 2584 1135 2625 lon-

291 2668 342 2707 ge
366 2650 444 2693 sita
465 2648 620 2691 dicitur
641 2648 686 2689 in
710 2649 865 2690 Plinio.

346 2716 409 2768 43.
433 2717 584 2768 Ipsam*
606 2711 843 2768 quodfesta
860 2717 937 2754 est.
962 2711 1134 2756 Festam

291 2779 462 2822 laurum
477 2777 663 2833 adpellat
678 2809 688 2829 ,
703 2776 909 2831 quoniam
925 2771 1134 2820 Romanis

292 2862 342 2887 ea
380 2844 535 2887 laetitiae
570 2842 933 2898 victoriarumque
974 2844 1134 2886 nuncia

290 2911 375 2954 fuit
397 2927 406 2953 ε
428 2910 614 2964 facitque
647 2908 793 2950 omnia
816 2907 926 2950 festa
947 2917 989 2951 et
1009 2910 1101 2952 laeta
1119 2942 1130 2963 ,

290 2977 575 3031 omniumque
603 2983 772 3016 mentes
799 2973 942 3016 laurus
969 2973 1130 3016 exhila-

290 3051 355 3084 rat
377 3058 387 3084 ε
409 3040 791 3097 deponebaturque
813 3039 943 3081 etiam
966 3037 1131 3109 ina-gre-

293 3107 383 3147 mio
407 3106 525 3148 Jovis
557 3104 706 3161 optimi
738 3102 937 3156 maximi,
965 3102 1131 3158 quoties

290 3170 481 3212 laetitiam
508 3170 684 3211 victoria
717 3183 874 3210 novam
901 3167 1131 3209 adtulisset.

290 3238 472 3277 ——Pacis
490 3252 546 3277 an
566 3239 649 3277 ista
667 3244 766 3277 nota
778 3238 876 3279 cst?
889 3233 1130 3277 Pacifer-am

289 3299 461 3342 laurum
472 3299 600 3341 fuisse
612 3330 626 3352 ‚
646 3299 772 3342 docet
786 3299 968 3353 Plinius,
983 3299 1010 3340 l.
1024 3299 1127 3352 XV,

289 3381 378 3420 cap.
397 3366 450 3418 4ο
466 3397 477 3417 ,
500 3364 600 3407 edit.
615 3364 836 3407 Harduini
851 3396 862 3417 ,
884 3364 949 3408 his
963 3363 1126 3407 verbis:

1220 1437 1242 1458 «ι
1265 1421 1360 1476 Ipsa
1385 1419 1572 1476 pacifera
1587 1451 1599 1474 ,
1620 1429 1670 1463 ut
1695 1435 1826 1475 quam
1851 1422 2065 1477 praetendi

1214 1486 1349 1527 etiam
1369 1485 1484 1527 inter
1503 1492 1688 1527 armatos
1709 1483 1852 1529 hostes
1868 1519 1881 1540 ,
1907 1487 2062 1543 quietis

1216 1549 1272 1592 sit
1289 1549 1511 1593 indicium.
1530 1568 1552 1587 »

1272 1614 1336 1669 47.
1363 1615 1580 1669 Causaque
1597 1616 1830 1669 subposiloe.
1854 1613 2064 1671 Superior

1218 1677 1472 1733 parsianuae
1485 1711 1495 1730 ,
1512 1677 1737 1722 frondibus
1753 1678 1861 1722 lauri
1876 1680 2063 1722 ornaba-

1219 1751 1291 1785 tur
1306 1775 1318 1797 ,
1340 1742 1407 1785 cui
1429 1743 1619 1799 subjecta
1640 1752 1732 1786 erat
1749 1759 1910 1786 corona
1930 1759 2064 1799 quer—

1218 1822 1275 1850 na
1292 1840 1304 1862 ,
1327 1822 1424 1863 quae
1440 1807 1479 1850 ei
1499 1806 1682 1849 dabatur
1697 1839 1709 1862 ,
1732 1807 1803 1863 qui
1817 1807 1956 1850 civem
1969 1822 2063 1849 ser-

1216 1881 1356 1916 vasset
1381 1906 1392 1927 ,
1433 1881 1477 1915 et
1508 1876 1642 1916 civica
1675 1872 1909 1915 dicebatur.
1943 1872 2062 1915 Hinc

1208 1936 1358 1979 civicae
1372 1952 1544 1979 coronae
1565 1935 1752 1978 militum
1768 1968 1780 1990 ,
1802 1934 1971 1979 virtutis
1990 1936 2063 1978 in·-

1216 2000 1335 2057 signe
1351 2000 1645 2044 clarissimum.
1664 1999 1775 2043 Illud
1789 2000 2057 2056 notandum,

1216 2067 1394 2110 civicam
1405 2083 1611 2111 coronam
1621 2068 1796 2124 ilignam
1810 2068 1952 2123 primo
1962 2067 2061 2111 fuis-

1215 2149 1259 2177 se
1281 2150 1292 2184 ;
1312 2141 1465 2190 *postea
1492 2133 1628 2190 magis
1647 2133 1804 2191 placuit
1831 2151 1881 2176 ex
1907 2134 2060 2177 aesculo

1215 2198 1316 2240 Jovi
1341 2214 1470 2242 sacra.
1500 2199 1635 2255 Leges
1667 2207 1813 2242 autem
1838 2200 1956 2256 ejus,
1987 2202 2062 2255 qui

1214 2263 1344 2306 civica
1359 2278 1518 2306 corona
1533 2263 1790 2317 donabatur,
1807 2263 1935 2320 legito
1946 2264 2062 2321 apud

1216 2326 1328 2369 Plin.
1348 2327 1458 2370 libro
1478 2328 1586 2372 XVI
1604 2360 1616 2382 ,
1637 2344 1727 2383 cap.
1748 2331 1785 2382 4.
1805 2329 1890 2371 Alii
1909 2329 2060 2386 legunt

1215 2407 1349 2434 causa
1359 2395 1638 2447 superposite.
1655 2416 1708 2424 —
1721 2394 1879 2447 Scrt‘pto
1892 2401 2058 2435 testata.

1214 2455 1452 2512 Pei-peram
1474 2463 1653 2499 testante
1671 2455 1848 2512 plurimi
1868 2473 1920 2500 ex
1943 2458 2058 2500 scri-

1207 2521 1317 2576 ptis,
1342 2522 1469 2564 Pont.
1485 2521 1572 2576 IV,
1590 2521 1654 2564 El.
1676 2535 1744 2564 vn
1757 2553 1770 2576 ,
1786 2523 1836 2565 53
1851 2537 1862 2564 τ
1877 2539 1898 2559 «
1913 2521 2055 2565 Vinci-

1214 2595 1287 2628 tur
1308 2585 1543 2644 AEgypsos,
1563 2594 1804 2642 testataque
1821 2595 1991 2642 tempus
2007 2586 2052 2628 in

1211 2664 1344 2692 omne
1373 2651 1487 2693 Sunt
1509 2658 1582 2693 tua
1598 2683 1610 2705 ,
1639 2650 1843 2703 Vestalis,
1860 2650 2053 2693 carmine

1211 2711 1325 2756 facta
1348 2730 1449 2756 meo
1465 2731 1474 2764 ;
1500 2731 1522 2751 n
1541 2715 1599 2757 sic
1613 2721 1657 2756 et
1673 2718 1872 2756 comitata
1891 2714 2051 2770 passive

1204 2781 1367 2836 >passim
1386 2780 1500 2836 apud
1515 2781 1734 2823 Nostrum.
1756 2781 1814 2824 H.

1265 2847 1330 2903 49.
1351 2845 1508 2898 Adjice
1524 2849 1709 2888 servans.
1727 2846 1897 2889 Addice
1916 2848 2052 2892 MSS.

1212 2908 1300 2952 Sed
1320 2908 1498 2951 fortasse
1525 2909 1661 2952 voluit
1682 2911 1867 2954 scribere
1895 2916 2048 2965 ada-e,-

1211 2988 1340 3028 quam
1369 2972 1624 3028 scripturam
1653 2982 1697 3016 et
1722 2975 1767 3016 in
1790 2975 1872 3019 hoc
1890 3009 1901 3030 ‚
1936 2986 1980 3020 et
2004 2979 2050 3021 in

1208 3035 1302 3078 cod.
1323 3036 1474 3092 Vix-gil.
1490 3045 1584 3078 tum
1598 3038 1639 3079 in
1656 3036 1738 3081 hoc
1751 3069 1762 3091 ,
1788 3047 1884 3081 tum
1897 3041 1943 3083 in
1961 3042 2050 3084 aliis

1208 3100 1337 3156 hujus
1360 3101 1479 3143 verbi
1500 3103 1769 3158 compositis,
1801 3120 1890 3147 non
1920 3107 2049 3161 gemi-

1208 3174 1309 3208 nata
1341 3170 1361 3208 ι’
1389 3167 1542 3222 passim
1589 3167 1869 3212 offendimus.
1911 3173 2047 3213 Unum

1206 3238 1357 3277 civem.
1385 3249 1522 3276 unum
1542 3233 1754 3278 Ovidium
1775 3251 1784 3278 :
1802 3236 1947 3293 inepte
1968 3254 2046 3280 au-

1208 3305 1296 3339 tem
1316 3298 1488 3340 Merula
1515 3299 1633 3342 addit
1659 3316 1745 3350 me,
1773 3316 1909 3356 quum
1936 3301 2044 3344 liber

1206 3363 1285 3416 sit,
1307 3364 1380 3418 qui
1404 3363 1493 3419 ipse
1516 3363 1732 3420 loquatur.
1753 3363 1804 3410 C.
