2280 3776
471 298 588 367 Ex
628 310 927 366 PONTO
964 310 1697 367 L113.1.1⁴:Pls'1·.v1.

1857 317 1967 390 289

199 427 426 489 Carcere
456 427 714 489 dicuntur
739 426 907 488 clausi
938 449 1152 510 sperare
1181 426 1438 500 salutem;

279 524 466 608 Atque
492 524 689 608 aliquis
719 523 963 607 pendens
991 523 1046 583 in
1076 548 1234 585 cruce
1263 540 1389 588 vota
1418 525 1563 587 facit.

203 618 334 679 Haec
365 620 476 680 Dea
508 642 670 702 quam
702 617 905 679 multos
936 617 1131 702 laqueo
1157 643 1251 680 sua
1278 619 1416 681 colla
1446 620 1677 701 ligantes

282 717 411 778 Non
442 731 523 778 est
551 716 836 800 proposita
868 741 1026 800 passa
1056 717 1233 801 perire
1263 742 1391 779 nece
1416 720 1428 780 !
1914 737 1968 793 40

203 813 299 876 Me
331 838 552 897 quoque
582 829 868 876 conantem
895 813 1080 893 gladio
1110 814 1261 877 finire
1292 814 1536 877 dolorem

285 911 505 983 Arcuit,
539 911 733 993 injecta
761 912 1145 995 continuitque
1175 936 1355 972 manu.

204 1009 466 1092 Quidque
506 1009 681 1069 facis?
711 1008 959 1092 lacrymis
989 1033 1131 1092 opus
1159 1023 1268 1079 est,
1299 1032 1410 1068 non
1442 1007 1736 1086 sanguine,
1769 1007 1934 1078 dixin

286 1105 441 1188 Saepe
473 1128 571 1187 per
596 1104 693 1165 has
720 1105 861 1165 flecti
890 1104 1158 1189 principis
1181 1104 1261 1163 ira
1284 1103 1439 1165 solet.

205 1201 473 1281 Quamvis
504 1215 585 1260 est
614 1201 782 1279 igitur
809 1201 1019 1262 meritis
1048 1201 1297 1261 indebita
1321 1200 1525 1260 nostris
1543 1247 1558 1272 ‚
1922 1221 1976 1275 ⁴⁵

288 1296 494 1374 Magna
523 1309 702 1356 tamen
730 1319 856 1378 spes
883 1311 967 1356 est
993 1295 1049 1355 in
1077 1296 1328 1355 bonitate
1355 1295 1477 1356 Dei.

207 1389 323 1471 Qui
351 1414 418 1451 ne
443 1388 680 1451 difficilis
707 1391 843 1451 mihi
874 1391 978 1464 sit,
1008 1392 1280 1463 Graeciae,
1311 1413 1557 1475 precare;

292 1484 494 1546 Confer
520 1501 574 1547 et
602 1485 660 1545 in
689 1499 879 1545 votum
908 1500 968 1545 tu
995 1508 1221 1569 quoque
1247 1484 1411 1546 verba
1438 1508 1650 1545 meum:

208 1583 384 1666 Inque
406 1581 696 1643 Tomitana
718 1582 921 1664 jaceam
951 1582 1255 1643 tumulatus
1287 1604 1479 1653 arena,

292 1679 351 1739 Si
384 1694 436 1740 te
466 1703 581 1740 non
609 1678 776 1740 nobis
804 1680 908 1739 ista
936 1702 1128 1739 vovere
1157 1677 1347 1762 liquet.

216 1779 357 1838 Nam
388 1777 544 1860 prius
575 1777 843 1860 incipiant
870 1791 1047 1839 turres
1075 1776 1242 1837 vitare
1266 1774 1559 1847 columbae,

291 1875 467 1935 Antra
495 1874 644 1947 fene,
674 1873 909 1957 pecudes
937 1872 1210 1952 gramina,
1236 1863 1455 1951 mergus
1483 1895 1653 1956 aquas
1670 1918 1686 1946 ‚

211 2009 350 2070 lapsis.
379 2009 431 2055 Id
463 2010 583 2055 enim
611 2010 727 2054 inter
753 2011 874 2067 signa
904 2011 1056 2055 mortis

211 2086 444 2123 enumerat
466 2077 578 2122 Plin.
598 2078 644 2121 in
668 2078 759 2122 vn
773 2110 786 2133 ‚
808 2080 982 2140 cap451.

267 2144 334 2199 4²·
347 2142 511 2198 Arcuit.
531 2144 682 2187 Arcuit
691 2143 848 2187 rectius
862 2151 948 2188 tres
961 2143 1058 2188 scri-

214 2207 306 2266 pti;
334 2207 450 2265 quod
481 2207 702 2252 Fabricius
725 2207 935 2252 damnare
963 2224 1057 2252 non

218 2271 396 2316 debuit:
416 2287 554 2315 arcere
572 2288 650 2328 pro
667 2271 922 2330 prohibere3
946 2272 1058 2316 infra

214 2334 287 2383 lib.
303 2337 372 2380 111
390 2369 402 2390 ,
426 2335 493 2379 ΕΙ.
511 2349 570 2378 111
585 2369 597 2391 ,
616 2353 676 2380 vs.
695 2337 748 2380 56
763 2353 772 2381 :
788 2356 809 2375 «ι
829 2337 979 2393 Quam
993 2337 1059 2382 lex

217 2399 398 2444 furtivos
419 2408 536 2444 arcet
552 2399 713 2444 habere
734 2401 859 2446 viros.
882 2420 903 2440 »ι
927 2403 986 2446 H.
1007 2425 1059 2436 —

218 2468 423 2523 [ajectam
437 2484 602 2511 manum
614 2468 740 2512 multi
755 2487 767 2522 ;
781 2470 963 2524 injectas
975 2487 1060 2514 ma-

218 2549 299 2576 nus
318 2531 419 2576 duo.
804 2590 807 2593 ἱ

275 2599 344 2653 43.
377 2600 564 2654 Qm’dque
585 2597 708 2655 facis
725 2599 751 2644 ?
786 2598 1028 2656 Qm'dfact‘s
1041 2603 1066 2647 ?

219 2664 318 2706 binc
336 2671 417 2707 etc.
438 2662 606 2706 Bersm.
629 2663 728 2707 MS.

275 2728 342 2784 46.
357 2731 408 2772 la
421 2732 604 2773 bonitate
612 2731 708 2774 Dei.
723 2731 775 2774 In
790 2727 973 2788 Augusti
984 2730 1067 2775 cle-

225 2794 403 2840 mentia.
423 2793 555 2837 Mna.

277 2859 342 2915 47.
368 2862 519 2914 Quinc
536 2858 726 2918 dffce‘ltlr
738 2863 841 2906 milei
848 2866 925 2910 sit,
951 2862 1068 2903 Gne-

226 2925 344 2975 ce‘aee,
369 2940 554 2980 precare.
579 2927 748 2969 Labor-a
778 2925 1039 2969 Feschianus
1052 2957 1066 2979 ,

229 2987 346 3044 (11.1οἆ
367 2989 505 3045 Placet
529 3007 540 3037 ι
563 2991 723 3043 deinde
756 2994 856 3046 Qua
881 3006 934 3035 ne
961 2989 1069 3034 alter

231 3050 406 3096 Thuani
420 3086 432 3108 ,
453 3063 502 3098 ut
516 3055 568 3099 ad
581 3057 821 3100 bonitatem
839 3057 1068 3101 referatur.

231 3115 502 3172 H.-·Qu1'ae
519 3121 708 3177 difficiles·
725 3125 832 3167 mihi
843 3125 912 3166 sit.
928 3124 991 3167 lta
1005 3131 1070 3166 est

231 3182 476 3228 misericors
492 3183 637 3229 Caesar
650 3218 663 3240 ‚
693 3195 742 3230 ut
762 3195 908 3231 tamen
927 3188 1071 3244 rogari

232 3250 346 3294 velit.
362 3249 479 3307 Ergo
493 3266 594 3308 roga
610 3268 713 3295 eum
727 3269 804 3309 pro
817 3269 888 3297 me
900 3286 912 3308 ,
925 3263 1006 3298 etc.
1021 3255 1071 3298 P.

287 3315 353 3370 48.
378 3315 531 3371 Confer
553 3325 598 3359 et
616 3321 660 3362 in
686 3326 823 3361 votum
849 3327 894 3361 tu
919 3335 1073 3376 quoque

232 3383 358 3423 verba
377 3395 518 3423 meum.
547 3382 610 3424 Tu
624 3397 777 3439 quoque
792 3391 892 3426 vota
908 3383 1072 3429 Mor-eti

234 3442 354 3487 liber.
377 3445 493 3487 Puto
518 3453 565 3488 tu
589 3454 662 3489 tua
683 3450 830 3503 verba,
853 3446 922 3494 vel
942 3456 1071 3494 vota.-

389 3531 541 3589 VII.

1136 2025 1236 2053 mox
1255 2013 1471 2066 incipiant,
1493 2025 1573 2068 pro
1584 2014 1783 2067 incipient
1796 2012 1886 2057 duo
1906 2031 1980 2057 ve·

1137 2085 1264 2121 teres.
1284 2076 1453 2121 Huius.

1193 2142 1258 2201 49.
1287 2143 1416 2198 Inque
1448 2143 1684 2186 Tomitana.
1709 2141 1873 2188 Sensus
1898 2154 1988 2188 est:

1139 2215 1184 2252 et
1199 2222 1426 2264 nunquam
1445 2207 1636 2252 reditum
1652 2208 1697 2251 iu
1711 2209 1893 2265 patriam
1908 2209 1986 2251 im·

1140 2281 1310 2330 petrem
1327 2306 1339 2327 ,
1364 2273 1441 2316 sed
1465 2274 1631 2317 moriar
1656 2276 1702 2317 in
1726 2275 1872 2318 exsilio
1894 2276 1989 2318 To-

1142 2337 1335 2397 mitano,
1365 2338 1400 2381 si
1428 2354 1520 2381 non
1552 2348 1616 2382 est
1648 2339 1756 2382 mihi
1782 2339 1989 2396 explora-

1142 2410 1239 2445 tum
1256 2400 1273 2456 ,’
1293 2411 1337 2446 te
1353 2401 1599 2446 desiderare
1614 2402 1805 2446 reditum
1820 2419 1987 2446 meum.

1146 2467 1199 2510 C.
1221 2491 1274 2499 -
1297 2467 1437 2511 Locus
1457 2467 1527 2511 hic
1545 2469 1786 2525 suspicione
1814 2469 1989 2513 menda

1144 2547 1234 2574 non
1269 2540 1399 2575 caret.
1430 2532 1584 2589 Neque
1621 2533 1741 2575 enim
1770 2532 1862 2576 haec
1885 2549 1989 2577 cum

1143 2596 1486 2654 praecedentibus
1497 2597 1597 2641 satis
1610 2596 1843 2642 coherent.
1861 2598 1993 2654 Qua-

1143 2680 1192 2707 re
1209 2672 1284 2707 aut
1302 2663 1450 2708 deesse
1475 2664 1636 2720 aliquid
1659 2673 1863 2721 putamus
1878 2695 1893 2719 ‚
1915 2674 1990 2708 aut

1144 2730 1285 2774 verbis
1309 2730 1408 2786 ipsis
1434 2730 1587 2774 vitium
1615 2730 1753 2774 inesse
1782 2730 1958 2787 aliquod
1976 2763 1989 2784 ,

1146 2804 1222 2839 aut
1238 2795 1415 2839 eosdem
1435 2795 1514 2839 hos
1535 2811 1682 2840 versus
1697 2795 1758 2846 ad,
1769 2795 1906 2840 finem
1922 2812 1994 2839 re-

1144 2859 1350 2904 ferendos
1369 2877 1473 2905 esse.
1494 2861 1866 2906 mmm—Nulla
1885 2878 1991 2904 vero

1147 2924 1379 2970 difficultas
1393 2926 1440 2970 in
1451 2926 1516 2970 his
1528 2928 1670 2971 verbis
1682 2943 1692 2971 ε
1709 2926 1994 2983 jurisjurandi

1147 2990 1267 3034 enim
1279 2999 1323 3034 et
1331 2990 1573 3036 devotionis
1585 3001 1649 3053 est
1659 2991 1850 3035 formula
1861 2993 1993 3035 :mori

1149 3059 1219 3102 hic
1240 3067 1285 3102 et
1307 3058 1514 3102 tumulari
1538 3074 1700 3113 voveo,
1721 3059 1756 3102 si
1776 3074 1867 3101 non
1888 3074 1994 3101 cre-

1150 3123 1250 3166 dam
1272 3131 1314 3166 te
1338 3122 1447 3166 mihi
1474 3123 1664 3167 reditum
1690 3139 1863 3166 vovere.
1880 3123 1995 3167 Ma-

1148 3189 1224 3232 lim
1249 3199 1396 3234 tamen
1414 3223 1427 3244 ‚
1456 3192 1636 3245 Jamque
1666 3191 1887 3233 Tomitana
1901 3224 1913 3240 ‚
1945 3198 1995 3232 ut

1149 3256 1295 3300 statim
1313 3255 1391 3299 sibi
1412 3264 1603 3298 mortem
1623 3263 1882 3312 presentem
1903 3255 1991 3297 im-

1151 3329 1365 3378 precetur.
1386 3321 1547 3364 Bunn.

1209 3389 1273 3427 So.
1293 3386 1437 3428 Sinon
1449 3389 1586 3442 liquet.
1604 3384 1650 3428 Si
1667 3399 1758 3426 non
1776 3392 1839 3426 est
1853 3382 1993 3425 mani-
2041 3387 2044 3391 '

1150 3450 1381 3495 festum.—
1389 3453 1553 3495 Vovere.
1571 3448 1784 3493 Vovendo
1803 3457 1965 3504 optare.

1670 3554 1733 3606 19
