2280 3776
239 254 335 308 168
706 257 771 309 P.
825 254 1115 312 OVIDII
1157 256 1523 313 NASONIS

311 370 407 429 Me
434 369 719 440 miserum,
752 371 797 429 si
828 385 880 430 te
904 371 1011 451 jam
1040 371 1212 454 pudet
1241 395 1359 432 esse
1387 371 1590 432 meam!

230 466 470 547 Tempus
500 465 597 524 ubi
631 479 711 523 est
739 463 904 537 illud,
936 489 1046 546 quo
1075 490 1160 525 me
1183 467 1383 547 jactare
1411 465 1621 527 solebas

314 560 557 640 Conjuge
574 606 587 628 ‚
619 581 716 617 nec
745 581 946 618 nomen
973 559 1314 620 dissimulare
1339 560 1440 620 viri
1463 563 1487 620 Ρ

228 657 468 738 Tempus
493 655 592 713 ubi
622 669 732 725 est,
767 679 877 736 quo
907 670 957 715 te
976 702 990 728 ‚
1021 656 1128 716 nisi
1158 659 1204 717 si
1232 657 1378 734 fugis
1405 656 1499 716 illa
1527 656 1727 716 referre
1745 672 1765 729 ,’
1939 671 1992 715 55

309 755 383 811 Et
411 752 517 810 dici
545 752 792 822 memini,
819 752 962 832 juvit
990 768 1044 812 et
1073 777 1188 813 esse
1219 755 1436 812 meam?

227 853 413 932 thue
443 849 627 931 probae
659 849 886 928 dignum
921 865 1032 923 est,
1064 851 1213 909 omni
1244 851 1346 909 tibi
1379 849 1506 910 dote
1535 849 1854 933 placebam:

311 944 566 1004 Addebat
596 944 735 1003 veris
763 943 938 1003 multa
965 944 1192 1005 faventis
1220 969 1387 1004 amor.

227 1042 340 1101 Nec
372 1063 532 1122 quem
560 1040 867 1123 praeferreS‚
898 1041 971 1100 ita
1000 1065 1087 1102 res
1115 1042 1217 1101 tibi
1244 1066 1440 1120 magna
1457 1041 1681 1110 videbar
1698 1088 1715 1115 ‚

311 1138 556 1216 Quemve
585 1152 742 1196 tuum
771 1135 957 1204 malles
987 1161 1102 1198 esse
1121 1185 1136 1211 ‚
1165 1138 1248 1199 vir
1274 1136 1410 1199 alter
1438 1153 1568 1198 erat.
1943 1153 1999 1196 60

226 1238 388 1294 Nunc
421 1259 641 1316 quoque
671 1257 739 1293 ne
765 1234 967 1316 pudeat
986 1280 1000 1306 ‚
1033 1235 1180 1316 quod
1209 1235 1284 1295 sis
1312 1234 1447 1294 mihi
1472 1249 1685 1317 nupta-z
1719 1249 1959 1318 tuusque

310 1334 437 1390 Non
469 1330 628 1389 dolor
653 1329 782 1389 hinc
811 1330 1000 1401 debet,
1031 1330 1194 1391 debet
1217 1330 1408 1391 abesse
1435 1331 1634 1413 pudor.

225 1486 416 1542 quinque
431 1493 487 1538 et,
500 1492 569 1538 ut‚·
590 1483 705 1539 quod
725 1483 878 1538 placet,
896 1482 931 1526 si
950 1491 1066 1526 recte

224 1550 370 1592 locum
391 1548 628 1605 distinguis.
647 1547 813 1590 HEINS.

278 1615 343 1655 53.
369 1615 411 1653 Τ
404 1628 545 1666 empus
554 1615 697 1653 ubiest
707 1614 838 1666 illud,
853 1629 930 1668 quo
944 1613 1067 1668 teja-

198 1695 202 1699 ’
220 1686 335 1721 ctare
352 1680 517 1719 solebas
533 1677 727 1731 Cons'uge.
740 1676 887 1719 Scribe
906 1710 917 1730 ‚
931 1695 995 1720 me
994 1679 1066 1732 ja-

220 1752 334 1785 clare
345 1745 510 1784 solebas
530 1742 712 1796 Conjuge
730 1755 743 1792 ‚⁰
767 1750 810 1783 et
829 1741 889 1785 sic
907 1758 985 1798 pro
1007 1743 1067 1784 di-

222 1823 343 1850 versa
374 1806 558 1849 lectione
583 1805 831 1848 Vossianus.
854 1807 1066 1850 Nonnulli

223 1872 293 1914 alii
308 1888 317 1914 :
337 1889 358 1909 «
371 1872 567 1927 Tempus
580 1871 653 1912 ubi
668 1879 751 1924 est,
770 1887 857 1927 quo
870 1880 910 1915 te
924 1872 977 1916 de
994 1889 1064 1916 me

221 1938 382 1993 jactare
404 1936 580 1978 solebas.
601 1953 622 1971 »
645 1935 811 1979 HEINS.
1041 1947 1043 1953 ’

278 2004 341 2046 55.
375 2004 548 2056 Tempus
572 2005 645 2046 ubi
668 2011 752 2052 est,
786 2020 863 2058 quo
888 2010 928 2046 le
953 2004 1072 2057 (nisi

220 2086 304 2112 non
321 2072 386 2110 vis
403 2072 481 2109 illa
491 2067 645 2122 referri.
662 2070 677 2123 )
700 2069 873 2112 Primus
891 2063 1066 2114 Vatica'-

220 2152 303 2179 nus
325 2152 333 2177 :
357 2151 378 2171 «
404 2135 599 2190 Tempus
628 2135 702 2176 ubi
729 2144 792 2177 est
822 2134 952 2189 illud,
977 2153 1064 2192 quo

220 2215 310 2243 non
325 2199 437 2255 fugis
455 2199 523 2240 illa
544 2199 708 2241 referre
726 2216 738 2250 ;ι
762 2217 783 2236 »
806 2201 971 2255 primus
988 2202 1067 2244 Po-

218 2266 356 2309 litiani
372 2274 414 2307 et
434 2265 598 2320 primus
620 2265 841 2310 Palatinus
859 2283 869 2310 ι
889 2285 909 2303 «
927 2267 1066 2310 Tem-

218 2346 298 2385 pus
320 2328 393 2372 ubi
414 2337 477 2371 est
497 2328 628 2382 illud,
654 2345 762 2383 quo,
787 2331 832 2372 ni
856 2330 971 2387 fugis
995 2331 1067 2373 illa

217 2394 402 2444 referre;
418 2413 438 2430 »
450 2393 640 2448 optimus
649 2393 897 2438 Mediceus:
914 2395 1065 2438 «Tem-

216 2477 296 2516 pus
309 2459 382 2501 ubi
397 2467 481 2512 est,
499 2474 584 2513 quo
599 2467 640 2501 te
654 2491 665 2512 ‚
682 2458 764 2501 nisi
778 2475 867 2501 non
886 2459 998 2516 fugis
1016 2459 1067 2503 il-

216 2526 257 2568 la
271 2524 453 2567 referre.
476 2541 498 2560 »
520 2522 607 2565 Alii
630 2524 753 2567 aliter
769 2556 780 2578 ,
801 2525 876 2567 sed
896 2525 1068 2583 longius

217 2606 240 2631 a
254 2588 438 2644 vestigiis
452 2603 565 2630 verae
581 2588 806 2643 scripturae
819 2622 830 2643 ,
849 2605 979 2644 quam
1001 2607 1066 2634 ec·

217 2672 265 2699 ce
289 2672 299 2697 ε
323 2673 345 2692 «
366 2655 561 2711 Tempus
581 2654 655 2696 ubi
675 2663 762 2708 est,
785 2672 873 2711 quo
896 2666 937 2699 te
958 2655 1065 2711 (nisi

217 2720 252 2763 si
271 2719 384 2775 fugis
405 2719 473 2761 illa
495 2716 694 2774 referre)
710 2719 768 2763 Et
792 2719 873 2762 dici
896 2723 1064 2764 memi—

218 2783 267 2825 ni
282 2816 293 2838 ,
317 2783 425 2837 juvit
453 2791 497 2826 et
515 2798 604 2826 esse
627 2781 798 2825 meam?
821 2799 842 2820 »
866 2788 906 2827 το·
926 2789 1016 2828 ιιιῖεἰ
1028 2791 1069 2829 si

218 2848 375 2904 passim
398 2855 653 2902 corruptum
690 2855 753 2889 est
782 2848 894 2903 apud
931 2848 1063 2893 Ovid.

217 2913 390 2967 Refi’rre
412 2927 493 2968 pro
510 2911 759 2955 meminisse
785 2945 796 2965 ‚
833 2914 1067 2961 recordari.

215 2978 345 3031 Fugis
357 2974 529 3029 refi’rre,
553 2991 634 3031 pro
654 2976 823 3019 metuis.
842 2978 1009 3021 HEINs.

273 3042 336 3093 57.
364 3040 500 3094 thue
511 3042 648 3093 proba
668 3042 835 3094 dignum
855 3049 928 3084 esl.
949 3043 1067 3083 Pro-2

218 3107 278 3145 bae
299 3103 474 3158 plurimi
487 3120 539 3146 ex
555 3104 915 3161 castigatioribus;
940 3104 1063 3160 opti-

217 3184 291 3211 me
308 3184 318 3211 :
335 3170 445 3224 regit
466 3170 585 3212 enim
607 3186 656 3212 ea
680 3187 762 3213 vox
782 3187 871 3213 non
900 3187 1065 3214 secun-

220 3234 328 3277 dum
354 3234 523 3288 minus,
549 3252 678 3291 quam
704 3245 872 3280 sextum
903 3253 1067 3281 casum-

221 3300 419 3345 Adeatur
433 3301 720 3345 exactissimus
731 3303 911 3346 Vossius
934 3319 1064 3358 opere

220 3364 500 3422 grammatico
510 3364 579 3408 lib.
594 3366 628 3418 Ι,
641 3365 694 3408 de
707 3365 1066 3422 Consti-notione,

1147 1502 1183 1528 c.
1196 1484 1360 1537 xl;vide
1373 1484 1622 1528 etNonium
1632 1484 1676 1526 in
1686 1482 1996 1540 eavoce3Virg.

1148 1550 1252 1591 AEn.
1263 1551 1367 1602 XII,
1382 1550 1772 1608 649,«magnorum
1787 1547 1903 1590 haud
1917 1564 1996 1590 un-

1148 1630 1279 1670 quam
1295 1613 1498 1670 indignus
1517 1628 1715 1665 avorum3
1733 1632 1754 1652 »
1770 1613 1906 1667 idem,
1924 1613 1995 1656 lib.

1146 1680 1231 1733 XI,
1253 1679 1349 1732 856,
1366 1696 1387 1715 κ
1405 1679 1506 1722 Huc
1525 1679 1717 1734 periture
1730 1678 1845 1732 veni,
1859 1678 1998 1734 capias

1147 1752 1196 1786 ut
1217 1742 1348 1800 digna
1364 1741 1560 1787 Camillae
1574 1743 1774 1786 Praemia.
1791 1761 1813 1781 »
1827 1742 1900 1786 Sic
1916 1758 2000 1784 ve-

1124 1808 1353 1876 stem-imus
1369 1807 1619 1859 Mediceus,
1636 1806 1792 1863 aliique
1807 1807 1933 1850 multi
1946 1823 1999 1849 ex

1147 1872 1515 1929 praestantioribus
1522 1871 1689 1916 codices
1701 1904 1712 1926 ,
1724 1887 1817 1914 non
1834 1873 1999 1914 Camil-

1135 1941 1203 1980 la.
1217 1936 1344 1980 Silius
1364 1935 1436 1978 lib.
1451 1936 1582 1990 VIII,
1600 1935 1702 1978 383:
1721 1953 1744 1973 «
1758 1935 1891 1979 Ducit
1909 1935 1996 1978 avis

1147 1999 1328 2060 pollens,
1340 2016 1420 2043 nec
1434 1999 1582 2043 dextra
1595 1998 1803 2055 indignus
1814 2013 1998 2042 avorum

1149 2065 1351 2109 Scaevola.
1372 2083 1393 2102 »
1424 2065 1584 2108 Noster
1597 2064 1668 2107 lib.
1684 2064 1754 2106 III
1774 2064 1868 2106 Art.
1895 2081 1968 2119 117
1986 2079 1995 2106 ε

1149 2150 1171 2170 «
1187 2131 1493 2175 Curiaconsilii
1508 2146 1731 2187 quaenunc
1748 2129 1997 2186 dignissima

1148 2198 1256 2240 tanti
1270 2206 1372 2240 est.»
1384 2198 1450 2240 Ita
1461 2196 1607 2252 priscae
1619 2195 1831 2239 editiones
1846 2203 1890 2238 et
1899 2195 1997 2238 scri-

1148 2262 1211 2318 pti
1232 2261 1448 2304 nonnulli.
1470 2261 1598 2304 Pont.
1629 2261 1712 2314 IV,
1737 2259 1859 2317 Eleg.
1881 2274 1993 2315 VIII,

1154 2331 1202 2369 15
1225 2343 1236 2369 ε
1262 2345 1283 2364 «
1306 2327 1366 2369 At
1389 2325 1498 2368 nihil
1526 2325 1596 2369 hic
1626 2325 1810 2382 dignum
1833 2325 1994 2382 poteris

1148 2390 1341 2446 reperire
1367 2389 1570 2447 pudoris;
1589 2407 1611 2427 »
1627 2390 1687 2434 sic
1714 2399 1758 2433 et
1787 2389 1846 2433 ibi
1871 2398 1994 2433 vetus

1147 2455 1303 2498 codex:
1319 2463 1363 2498 et
1382 2453 1557 2510 plurimi
1578 2487 1589 2509 ,
1612 2454 1685 2498 lib.
1701 2454 1741 2495 V
1759 2455 1869 2497 Met.
1889 2456 1968 2508 344
1985 2469 1996 2497 τ

1149 2539 1172 2558 «ε
1195 2522 1364 2565 utinam
1383 2520 1517 2563 modo
1539 2520 1683 2564 dicere
1702 2520 1860 2577 possi-m
1882 2519 1993 2564 Car-

1147 2587 1269 2629 mina
1289 2587 1418 2643 digna
1438 2586 1565 2630 Deae!
1587 2605 1608 2625 »ν
1623 2596 1667 2630 et
1681 2587 1753 2631 lib.
1771 2587 1869 2639 VII,
1897 2588 1990 2640 181,

1149 2669 1172 2689 «
1187 2651 1351 2695 accedit
1363 2652 1520 2695 eodem
1538 2652 1683 2708 Digna
1697 2651 1805 2695 Deae
1821 2649 1991 2693 facies.»

1148 2719 1206 2764 H.
1217 2741 1271 2751 -
1280 2702 1347 2764 lia
1360 2734 1532 2775 quoque
1551 2749 1564 2771 ,
1572 2719 1821 2772 predicaret
1833 2731 1994 2758 succes-

1146 2788 1516 2840 siomkindtynum,
1526 2783 1708 2831 Sueton.
1720 2780 1889 2824 Othon.
1900 2781 1993 2824 Sta-

1148 2852 1254 2901 tius,
1278 2849 1449 2906 epithal.
1473 2846 1788 2900 Stellaezd1grna
1807 2847 1909 2888 Deae
1929 2861 1993 2887 se·-

1147 2920 1234 2960 des.
1247 2915 1388 2958 Divus
1405 2913 1723 2971 Hieronymus,
1745 2911 1819 2953 vit.
1842 2911 1996 2953 Fabio-

1145 2982 1197 3024 lae
1212 2997 1222 3024 ε
1237 2982 1510 3036 qua-rentibus
1540 2981 1659 3021 nobis
1679 2979 1847 3032 dignum
1867 2983 1993 3018 tante

1134 3045 1309 3100 semim
1327 3045 1624 3087 habitaculum.

1200 3109 1265 3150 58.
1286 3107 1488 3149 Addebat
1505 3109 1624 3148 veris.
1648 3105 1706 3148 Et
1721 3120 1821 3147 vera
1842 3102 1895 3146 de
1916 3118 1991 3145 me

1146 3171 1404 3229 praedicabas
1421 3187 1431 3223 ;
1447 3179 1491 3213 et
1507 3170 1613 3213 falsa
1626 3169 1758 3213 etiam
1773 3184 1863 3211 non
1883 3183 1991 3223 pau-

1146 3253 1194 3281 ca
1210 3236 1320 3279 veris
1338 3235 1628 3292 adjungebas,
1651 3249 1738 3290 quo
1758 3241 1800 3275 te
1822 3232 1991 3275 beatio-

1144 3315 1242 3346 rem
1261 3299 1438 3342 faceres.
1462 3299 1607 3342 ΡοΝΤ.

1202 3364 1268 3409 62.
1286 3366 1382 3409 Non
1402 3366 1523 3409 debet
1532 3365 1651 3406 dolor
1665 3363 1775 3405 binc.
1791 3358 1987 3416 Concin-¹

2250 1607 2280 2271 rtfflffmaeatlz-,fflssmfflffffiss2125.
2258 1581 2280 1595 ,1
2252 1556 2274 1573 ἐ
2271 1481 2274 1490 Α,
2275 1420 2280 1432 ,
