2280 3776
501 193 617 250 EX
658 194 965 251 PONTO
1007 195 1167 250 LIB.
1213 195 1342 251 111.
1386 197 1666 254 EPIST.
1714 204 1799 257 ΙΙ.

261 311 420 371 Tunc
448 307 618 390 igitur
647 310 826 371 meriti
851 311 1118 372 morietur
1147 313 1318 390 gratia
1348 314 1540 387 vestri,

345 405 536 486 Quum
568 406 704 466 cinis
733 406 991 467 absumto
1015 431 1245 491 corpore
1275 408 1451 471 factus
1476 434 1589 471 ero.

264 500 475 576 Fallar‚
508 516 562 563 et
587 501 679 563 illa
709 525 838 563 meae
869 502 1155 586 superabit
1182 518 1427 588 tempora
1454 506 1603 578 vitae3

351 599 409 659 Si
438 613 618 659 tamen
646 623 673 659 a
705 599 931 659 memori
963 600 1283 683 posteritate
1315 601 1476 680 legar.
1993 627 2046 668 30

269 694 516 777 Corpora
547 693 817 756 debentur
846 696 1058 757 moestis
1089 698 1380 775 exsanguia
1409 697 1624 759 bustis:

346 791 639 871 Effugiunt
667 806 909 854 structos
937 817 1139 855 nomen
1171 793 1462 877 honorque
1489 818 1677 873 rogos.

271 888 490 951 Occidit
524 904 578 949 et
604 890 884 964 TheseuS‚
917 905 971 952 et
1006 890 1108 975 qui
1131 891 1414 953 comitavit
1442 894 1708 953 Oresten:

347 985 454 1046 Sed
484 1001 661 1047 tamen
692 986 750 1046 in
776 985 969 1050 laudes
997 988 1131 1048 vivit
1156 1003 1389 1072 uterque
1420 1012 1562 1050 suas,

271 1082 388 1145 Vos
421 1082 579 1144 etiam
609 1083 714 1145 scri
741 1082 1049 1145 laudabunt
1075 1091 1217 1169 Saepe
1244 1100 1479 1169 nepotes
1498 1132 1513 1158 ,
1997 1106 2050 1148 35

349 1178 616 1264 Claraque
645 1181 749 1242 erit
780 1182 1000 1265 scriptis
1029 1181 1205 1262 gloria
1230 1197 1408 1243 vestra
1434 1181 1590 1242 meis.

267 1277 374 1339 Hic
408 1302 631 1361 quoque
662 1279 999 1342 Sauromata:
1027 1280 1137 1361 jam
1164 1303 1264 1340 vos
1294 1303 1526 1351 novere,
1561 1279 1849 1364 Getaeque‚

348 1375 423 1434 Et
456 1372 590 1435 tales
618 1375 831 1436 animos
858 1375 1094 1436 barbara
1126 1377 1291 1438 turba
1319 1377 1538 1460 probat.

265 1473 567 1556 Quumque
597 1496 700 1554 ego
733 1473 798 1534 de
828 1488 1006 1535 vestra
1033 1497 1212 1557 nuper
1238 1474 1516 1559 probitate
1545 1473 1831 1549 referrem,

345 1568 487 1627 Nam
517 1567 684 1628 didici
712 1569 887 1648 getice
917 1570 1309 1654 Sarmaticeque
1340 1569 1529 1654 loqui,
1996 1592 2051 1647 40

255 1665 430 1739 ‚Forte
458 1688 622 1727 senex
649 1665 904 1749 quidam,
935 1679 1079 1726 coetu
1112 1690 1282 1750 quum
1313 1680 1481 1728 staret
1508 1666 1720 1739 inille,

346 1761 612 1823 Reddidit
641 1762 710 1823 ad
737 1777 962 1846 nostros
993 1760 1117 1823 talia
1145 1763 1312 1824 verba
1341 1787 1547 1823 sonos:

263 1860 381 1919 Nos
410 1882 633 1942 quoque
661 1858 910 1919 amicitiae
941 1882 1142 1919 nomen
1169 1859 1311 1921 bene
1340 1860 1624 1933 novimuS‚
1657 1859 1891 1946 hospeS,

341 1953 504 2034 Quos
529 1954 723 2038 procul
752 1979 782 2014 a
811 1954 972 2015 vobis
998 1954 1231 2032 frigidus
1259 1957 1400 2016 Ister
1429 1956 1616 2016 habet.

253 2112 359 2153 pars
383 2100 555 2153 melior,
579 2113 694 2142 unus
719 2096 862 2142 Vatic.
889 2105 934 2141 et
958 2097 1107 2142 Patav.

252 2178 359 2217 pars
369 2167 519 2218 potior.
542 2163 711 2208 Hmns.

315 2243 382 2283 ²⁷·
412 2228 618 2271 Morietur
641 2230 780 2283 gratia
806 2231 941 2271 wslri
963 2233 1109 2272 metiti.

262 2293 475 2337 Similiter
499 2294 623 2351 Virg.
646 2294 751 2338 AEn.
768 2294 860 2337 Vll
878 2326 891 2348 ,
918 2311 979 2338 vs.
1000 2296 1079 2338 232
1099 2311 1110 2339 ε

263 2375 287 2397 α
319 2375 402 2404 nec
427 2369 569 2405 vestra
602 2360 775 2404 feretur
806 2361 944 2404 Fama
971 2361 1073 2404 levis
1096 2394 1109 2415 ,

263 2424 462 2482 tantique
481 2425 695 2470 abolescet
713 2427 849 2483 gratia
867 2425 987 2470 facti.
1006 2444 1029 2464 »ι

318 2504 385 2550 29.
408 2491 572 2542 Fallet,
596 2500 640 2536 et
668 2496 747 2534 illa
776 2509 875 2536 meoe
905 2496 1118 2548 superabit

260 2563 447 2610 tempora
479 2560 589 2599 vite.
619 2556 770 2599 Fallat
794 2557 1112 2614 Fragmentum

265 2619 511 2665 Boxhornii
530 2621 700 2665 rectius.
723 2622 892 2666 Hssms.

316 2685 386 2728 30.
406 2686 557 2740 Legar.
576 2684 802 2742 Legentur
821 2695 1111 2730 monumenta

260 2760 307 2796 et
320 2751 513 2795 carmina
535 2766 633 2794 mea
648 2784 661 2806 ‚
689 2761 828 2795 vestra
850 2751 898 2795 in
920 2767 993 2795 me
1015 2768 1113 2796 me-

262 2815 347 2860 rita
367 2824 590 2860 testatura.

316 2881 384 2924 33.
413 2882 477 2924 Et
498 2885 569 2938 qui
591 2884 808 2924 comitavit
830 2882 1017 2924 Oresten.
1053 2880 1113 2924 Et

263 2943 475 3003 Pyladem
492 2977 505 2999 ‚
540 2947 614 3002 qui
643 2945 853 2989 Orestem
878 2946 923 2989 in
950 2947 1114 2990 Tauri-

261 3022 359 3050 cam
381 3008 607 3066 regionem
628 3019 884 3066 prosecutus
901 3019 979 3053 est.

330 3072 396 3127 34.
429 3076 481 3116 ln
514 3090 617 3118 suas
645 3078 808 3118 laudes.
842 3078 895 3120 ln
928 3075 1111 3133 gloriam

265 3144 398 3180 tante
417 3137 616 3183 amicitiae
629 3172 642 3193 ,
666 3155 761 3195 quae
783 3140 870 3184 fuit
886 3141 1006 3185 inter
1025 3158 1110 3186 eos.

265 3202 350 3246 vet
371 3204 414 3245 in
438 3203 584 3247 laudes
604 3205 829 3262 utriusque
846 3237 860 3259 ,
878 3206 966 3250 scil.
986 3207 1112 3250 The-

272 3268 334 3311 sei
352 3277 398 3312 et
414 3269 598 3328 Pyladis.

320 3335 385 3390 37.
400 3336 664 3380 Saummatae.
685 3337 839 3394 Populi
854 3337 914 3381 illi
935 3338 1111 3398 Scythi-

1190 2099 1228 2143 ci
1246 2132 1258 2152 ‚
1282 2099 1356 2157 qui
1379 2099 1437 2142 ita
1462 2115 1487 2143 a
1507 2098 1696 2154 Grecis,
1724 2100 1826 2145 alias
1846 2103 2048 2147 Sar-au·

1191 2164 1479 2220 adpellantur.

1243 2231 1310 2273 38.
1350 2232 1476 2272 Tales
1513 2234 1691 2274 animos.
1726 2232 1914 2276 Animos
1953 2243 2042 2278 tam

1191 2292 1303 2337 fidos
1337 2302 1382 2337 et
1418 2303 1680 2339 constantes.
1723 2298 1875 2340 Turba.
1916 2300 2045 2342 Terra

1194 2359 1377 2403 Junian.

1247 2427 1313 2479 40.
1351 2426 1510 2468 Getice.
1539 2427 1733 2484 Scythice
1758 2442 1902 2479 unus;
1933 2429 2044 2472 San-

1191 2498 1432 2546 mmateque
1451 2499 1653 2547 quatuor.

1250 2558 1316 2609 4ι.
1336 2557 1389 2598 In
1400 2558 1477 2598 illo
1489 2564 1613 2599 σιτία.
1629 2557 1680 2599 In
1698 2573 1748 2599 ea
1764 2556 1959 2600 virorum
1975 2575 2043 2602 co-

1191 2635 1303 2664 rona
1316 2653 1329 2674 ‚
1349 2621 1423 2664 ubi
1444 2621 1644 2664 amicitiae
1665 2631 1818 2666 vestrae
1836 2633 2044 2667 constan-

1193 2686 1298 2729 tiam
1320 2685 1621 2742 praedicabam.
1646 2688 1777 2731 Mna.

1246 2754 1313 2807 42.
1351 2754 1559 2796 Reddidit
1588 2755 1654 2795 ad
1681 2769 1821 2797 sonos.
1860 2754 2042 2812 Excepit

1193 2819 1323 2862 verba
1342 2834 1440 2865 mea
1458 2819 1530 2862 tali
1549 2821 1815 2864 narratione.
1830 2820 1911 2864 Vel
1927 2855 1939 2874 ‚
1957 2823 2044 2866 lau·

1193 2882 1268 2926 des
1291 2899 1313 2925 a
1334 2898 1405 2926 me
1426 2884 1546 2928 vobis
1569 2886 1749 2929 tributas
1769 2919 1783 2940 ‚
1816 2894 1865 2929 ut
1894 2888 2044 2931 amicis

1193 2949 1395 3004 optimis,
1425 2949 1619 3005 jucunda
1647 2951 1838 2994 duorum
1868 2954 2042 2997 amico-

1191 3030 1293 3057 rum
1314 3013 1492 3058 historia
1510 3015 1800 3059 confirmavit.
1823 3017 1971 3062 Pom.

1247 3083 1314 3134 45.
1334 3083 1515 3136 Hospes.
1535 3081 1579 3125 Ο
1596 3084 1825 3138 peregrine
1840 3083 1989 3128 Ovidi.

1245 3148 1312 3200 44.
1340 3149 1457 3199 Quos
1478 3151 1632 3202 procul
1655 3165 1686 3190 a
1714 3152 1834 3191 vobis
1865 3153 1977 3192 alter
2002 3158 2048 3193 et

1194 3213 1309 3254 orbis
1335 3213 1471 3254 habet.
1509 3215 1565 3254 Τῦ
1589 3215 1700 3254 aller
1716 3221 1761 3255 et
1787 3217 1900 3256 orbis
1921 3216 2051 3257 habet

1191 3283 1285 3318 erat
1313 3276 1523 3318 omissum
1551 3275 1596 3318 in
1619 3276 1911 3328 Sarraviano;
1945 3279 2041 3320 Ar—

1192 3349 1308 3398 gent.
1327 3340 1551 3384 Twisden.
1568 3342 1775 3385 Arondel.
1792 3353 1836 3386 et
1857 3353 2048 3399 quatuor
