2280 3776
337 258 447 334 274

781 258 846 310 P.
899 256 1201 311 OVIDII
1253 257 1625 315 NASONIS

336 374 538 436 Pulsus
564 371 835 433 Aristides
866 371 1040 454 patria
1064 373 1446 434 Lacedaemona
1472 374 1648 453 fugit;

413 472 564 530 Inter
593 492 727 551 quas
757 466 1010 538 dubium,
1043 491 1160 549 quae
1188 470 1345 551 prior
1368 485 1539 542 esset,
1568 484 1714 531 erat:

337 566 494 628 Caede
526 587 663 647 puer
687 563 829 623 facta
857 562 1144 623 Patroclus
1172 566 1398 647 Opunta
1426 566 1648 650 reliquit
1665 614 1680 638 ‚

413 659 862 742 Thessaliamque
895 659 1059 732 adiit,
1091 661 1293 744 hospes
1318 662 1584 736 Achillis,
1613 664 1840 724 humum
1864 689 1875 724 :

333 757 504 819 Exsul
531 757 602 817 ab
634 755 920 816 Haemonia
946 755 1197 816 Pirenida
1226 759 1387 818 cessit
1413 758 1482 817 ad
1511 759 1738 831 undam,
2038 779 2089 838 75

414 855 544 932 Quo
576 852 710 912 duce
741 851 890 911 trabs
921 850 1153 912 Colchas
1179 877 1328 913 sacra
1355 855 1594 915 cucurrit
1619 879 1821 939 aquas:

330 951 518 1033 Liquit
542 947 881 1026 Agenorides
909 948 1134 1009 Sidonia
1161 952 1359 1010 moenia
1383 951 1649 1027 Cadmus,

410 1049 646 1106 Poneret
671 1059 737 1105 ut
764 1068 952 1105 muros
975 1046 1034 1104 in
1060 1044 1284 1106 meliore
1311 1046 1437 1106 loco
1463 1072 1478 1109 :

328 1142 496 1203 Venit
518 1142 585 1202 ad
616 1141 913 1202 Adrastum
940 1141 1181 1224 TydeuS‚
1214 1143 1494 1225 Calydone
1519 1143 1738 1222 fugatus
1761 1169 1775 1217 ;

408 1241 483 1298 Et
509 1240 782 1299 Teucrum
807 1238 1011 1299 Veneri
1041 1254 1194 1317 grata
1221 1241 1425 1324 recepit
1445 1241 1666 1302 humus.
1755 1305 1758 1308 ,
2035 1261 2090 1303 80

322 1368 475 1425 saepius
494 1367 631 1424 fugit:
648 1367 721 1410 sed
745 1367 886 1423 primo
906 1367 1044 1424 Argos
1065 1384 1168 1425 per-

323 1434 471 1486 venit,
497 1440 545 1474 ut
565 1431 730 1475 dictum
750 1439 827 1474 est.
867 1471 870 1474 .

379 1515 441 1553 71.
470 1500 626 1540 Pulsus
646 1495 860 1538 Aristides
870 1499 1028 1549 patria.
1054 1495 1167 1538 Ari-

321 1553 469 1615 stides,
490 1558 733 1619 Lysimachi
746 1557 858 1600 filius
871 1557 1165 1611 Atheniensis,

322 1625 495 1682 aequalis
535 1624 628 1668 fere
660 1621 943 1666 Themistocli
969 1654 980 1676 ,
1019 1623 1166 1679 itaque

323 1706 424 1734 cum
447 1705 499 1732 eo
521 1688 575 1732 de
598 1687 841 1745 principatu
860 1676 1100 1731 contendit.

380 1774 442 1813 72.
478 1757 577 1810 Quoe
603 1758 721 1809 prior
750 1760 872 1796 esset.
907 1753 1022 1809 Quae
1057 1761 1167 1797 esset

322 1821 479 1865 clarior
493 1853 504 1874 ,
528 1819 722 1876 patriane
740 1850 752 1873 ,
778 1834 832 1860 an
851 1817 974 1861 sedes
997 1818 1072 1861 ubi
1092 1834 1166 1861 ex-

322 1885 535 1929 sulabant.

385 1949 448 2006 73.
488 1948 604 1989 Cede
626 1944 883 1999 puersacta.
919 1943 1162 1999 Patroclus,

324 2011 529 2056 Menoetii
550 2010 663 2053 filius
678 2042 689 2063 ,
723 2018 767 2052 et
800 2009 969 2052 Actoris
999 2024 1134 2064 nepos
1151 2041 1162 2061 ,

325 2092 463 2134 quum
493 2076 539 2118 in
569 2074 752 2132 Opunte
781 2065 942 2130 oppido
973 2066 1166 2116 Locridis

321 2143 495 2187 luderet
534 2140 748 2198 astragalis
771 2173 783 2194 ,
824 2155 924 2182 cum
960 2138 1165 2195 Aphida-

323 2207 482 2250 mantis
500 2205 589 2248 filio
613 2202 884 2261 ClisonymO,
903 2202 1014 2256 (vel,
1030 2211 1079 2245 ut
1096 2200 1166 2244 alii

322 2273 475 2316 volunt
490 2304 501 2326 ,
532 2270 682 2323 Eane)
712 2269 846 2311 iratus
867 2268 921 2310 ob
941 2268 1165 2323 subreptos

323 2336 674 2392 astragalos,eum
689 2332 1166 2386 interemit,etinThes-

321 2402 469 2446 saliam
484 2399 681 2455 confugit
701 2397 754 2441 ad
770 2398 1165 2452 Peleum.—Opun-

320 2475 366 2510 la
384 2471 559 2522 reliquit.
580 2466 644 2508 Ex
666 2465 864 2520 Opuntia
885 2465 992 2508 urbe
1013 2464 1164 2506 Locri-

322 2532 385 2575 dis
405 2540 559 2575 natum
578 2547 665 2573 esse
682 2529 932 2575 Patroclum
948 2561 959 2583 ,
985 2537 1163 2572 testatur

322 2599 454 2642 etiam
472 2598 707 2640 Homerus.

375 2664 439 2717 74.
463 2661 736 2703 Thess-allam.
746 2659 915 2702 Urbem
933 2657 1161 2702 Thessaliae

323 2726 553 2779 Phthiam,
578 2725 760 2780 patriam
783 2722 972 2766 Achillis.

374 2794 438 2846 75.
459 2791 603 2832 Exsul
618 2791 672 2830 ab
693 2790 925 2830 Hoemom‘a.
956 2787 1057 2829 Mos
1076 2786 1162 2829 fuit

322 2853 436 2910 apud
470 2852 666 2908 antiquos
690 2884 702 2906 ,
737 2860 785 2893 ut
812 2866 911 2893 reus
937 2850 1161 2893 homicidii

317 2918 539 2960 exsularet.
563 2918 617 2959 ln
642 2931 794 2972 regum
824 2924 968 2958 tamen
995 2914 1160 2971 legibus

315 2983 476 3028 lectum
495 2993 582 3038 est,
604 2983 753 3025 noxios
770 2982 989 3025 homicidii
1014 2980 1157 3023 arietis

316 3049 479 3093 damno
501 3063 674 3105 poenam
696 3048 830 3090 luere.
845 3048 990 3108 ——std
1003 3048 1155 3088 undam

315 3113 523 3157 Pirenida.
533 3112 602 3156 Ad
616 3111 889 3156 Corinthiam
907 3112 1074 3154 urbem.
1084 3109 1154 3152 De

319 3176 535 3222 Corintho
553 3179 684 3235 legito
700 3179 843 3222 Strab.
860 3179 931 3221 lib.
948 3177 1073 3220 VIII.

372 3242 434 3296 76.
469 3246 558 3295 Quo
577 3247 681 3285 duce
701 3247 817 3286 trabs
845 3244 1004 3286 Colcha
1028 3257 1155 3285 sacra

314 3309 496 3349 cucurrit
504 3323 624 3361 aqua.
635 3306 809 3362 Opinor
822 3308 1040 3351 Nasonem
1053 3305 1153 3348 scri-

313 3370 441 3428 psisse
462 3373 639 3415 Colchas
655 3388 788 3427 aquas
801 3404 812 3424 ,
834 3373 984 3426 utiam
1000 3370 1151 3415 monui

1249 1370 1464 1414 Tristlib.
1478 1372 1539 1424 V,
1553 1370 1621 1414 El.
1635 1383 1704 1412 vn
1719 1402 1731 1423 ,
1752 1369 1830 1420 3ss;
1851 1384 1954 1412 nam
1976 1385 2089 1412 unus

1249 1434 1410 1478 Medic.
1429 1443 1473 1478 et
1488 1435 1627 1491 prima
1638 1434 1771 1477 editio
1791 1450 1802 1476 ε
1821 1451 1842 1470 «
1861 1434 1966 1489 Quo
1980 1433 2088 1476 duce

1252 1498 1498 1541 Colchiacas
1509 1498 1629 1554 Argo
1636 1498 1826 1542 cucurrit
1838 1514 1979 1553 aquas.
1990 1516 2011 1536 »
2026 1499 2087 1542 H.

1247 1584 1302 1595 —-
1317 1564 1407 1615 Quo
1423 1564 1539 1605 duce.
1554 1562 1585 1604 J
1587 1577 1730 1605 asone.
1740 1563 1935 1604 ——Trabs
1954 1577 2090 1604 sacra.

1248 1627 1369 1683 Argo
1383 1658 1394 1680 ,
1416 1627 1537 1670 navis
1559 1625 1723 1670 Palladi
1741 1629 2089 1670 sacrata.—C0l-

1244 1692 1350 1732 chus
1381 1705 1527 1744 aquas.
1562 1690 1651 1732 Per
1679 1704 1838 1746 aquam
1870 1687 2087 1732 Colchidis

1244 1753 1446 1811 regionis.
1459 1753 1666 1809 Intelligit
1679 1762 1827 1797 autem
1840 1769 1962 1796 mare
1974 1754 2087 1796 Pon-

1245 1819 1381 1863 ticum
1395 1852 1405 1872 ,
1430 1818 1547 1875 quod
1567 1817 1750 1861 Colchos
1766 1817 1912 1861 adluit.

1302 1899 1321 1937 7
1329 1900 1364 1939 7.
1377 1883 1792 1938 LiquitAgenorMes.
1808 1881 2001 1938 Agenor,
2012 1897 2086 1924 rex

1228 1936 1478 1991 ‘Phoeniciae
1490 1979 1501 2001 ,
1517 1947 1639 2003 jussit
1653 1945 1874 1990 Cadmum
1891 1961 2085 2003 quaerere

1242 2028 1435 2056 sororem
1456 2013 1679 2068 Europam
1695 2045 1706 2066 ,
1733 2012 1826 2067 lege
1847 2010 1979 2068 impia
1993 2043 2005 2064 ,
2037 2020 2087 2054 ut

1243 2093 1336 2119 non
1363 2082 1682 2130 reverteretur,
1708 2075 1791 2119 nisi
1811 2092 1862 2119 ea
1881 2076 2084 2118 inventa:

1245 2158 1329 2199 qua
1347 2142 1423 2184 diu
1436 2141 1597 2184 frustra
1622 2141 1796 2197 quaesita
1815 2173 1825 2194 ,
1847 2140 1964 2184 exsul
1986 2139 2084 2183 Ca·-

1244 2208 1371 2250 dmus
1390 2207 1434 2249 in
1448 2207 1661 2249 Boeotiam
1673 2206 1807 2259 venit,
1824 2205 1898 2248 ubi
1914 2204 2085 2247 Thebas

1245 2274 1476 2318 aedificasse
1497 2273 1682 2325 dicitur;
1707 2281 1756 2315 ut
1772 2273 1817 2315 in
1833 2272 1941 2316 Met.
1959 2271 2086 2314 docet

1243 2340 1439 2385 Ovidius.
1456 2363 1512 2371 —
1532 2340 1705 2382 Sedonia
1724 2342 1886 2381 moem'a.
1911 2337 2084 2381 Urbem

1244 2404 1478 2448 Phoeniciae
1498 2402 1663 2447 Sidona
1677 2435 1689 2457 ,
1713 2419 1736 2445 a
1756 2402 1937 2459 piscium
1951 2402 2084 2443 uber—

1241 2478 1327 2514 tate
1350 2469 1409 2513 sic
1428 2468 1588 2512 dictam
1611 2484 1621 2510 :
1644 2483 1748 2510 nam
1768 2467 1929 2524 piscem
1950 2466 2084 2510 Phoe-

1241 2534 1359 2576 nices
1379 2535 1507 2576 Sidon
1527 2541 1695 2576 vocant.

1298 2599 1361 2654 78.
1391 2599 1451 2640 Ut
1468 2604 1640 2652 poneret
1660 2613 1809 2639 muros.
1833 2597 1900 2639 Ut
1925 2596 2080 2638 urbem

1242 2662 1498 2706 Thebanam
1522 2661 1744 2706 conderet.
1765 2683 1819 2694 --
1841 2663 1892 2704 In
1916 2664 2082 2704 meliore

1239 2732 1345 2770 loco.
1367 2728 1420 2770 In
1441 2728 1531 2783 ipsa
1550 2726 1731 2769 Boeotia.

1297 2809 1360 2850 79.
1400 2792 1523 2834 Venit
1552 2791 1616 2832 ad
1637 2790 1866 2850 Adrastum
1900 2790 2076 2846 Tydeus.

1240 2856 1417 2914 Tydeus
1433 2887 1444 2907 ,
1469 2853 1606 2896 OEnei
1625 2868 1762 2908 quum
1779 2853 1824 2895 in
1850 2851 2076 2911 Calydone

1238 2919 1499 2963 Alcathoum
1519 2917 1874 2976 Lycotheumque
1895 2925 2075 2973 nepotes

1236 2985 1482 3037 occidisset,
1496 2999 1545 3026 ex
1562 2983 1719 3026 AEtolia
1735 2983 1875 3039 Argos
1888 2983 2075 3039 aufugit:

1235 3050 1305 3093 cui
1319 3048 1528 3091 Adrastus
1543 3047 1730 3104 benigne
1742 3057 1954 3104 suscepto,
1971 3063 2074 3103 quo-

1235 3113 1335 3156 dam
1344 3128 1550 3168 responso
1564 3122 1722 3164 motus,
1735 3113 1866 3155 filiam
1882 3111 2074 3169 Deiphy-

1235 3178 1307 3221 len
1334 3193 1516 3220 uxorem
1536 3177 1668 3221 dedit.
1688 3200 1743 3209 —
1763 3180 1988 3235 Calydone.
2010 3175 2074 3217 Ex

1237 3242 1462 3301 Calydone
1487 3243 1592 3293 urbe
1608 3241 1861 3285 AEtoliae.-
1878 3243 2003 3284 Venit
2017 3242 2079 3281 ad

1235 3309 1490 3359 Adrastum,·
1514 3307 1665 3362 Eurip.
1684 3306 1772 3349 fab.
1791 3307 1830 3349 8.
2014 3346 2018 3350 .

1288 3372 1352 3414 80.
1377 3372 1439 3412 Et
1461 3372 1668 3427 Teucrum.
1687 3370 1790 3412 Post
1815 3368 1952 3410 finem
1973 3366 2072 3409 belli
