2280 3776
279 301 388 368 410

747 307 811 358 P.
869 306 1157 361 OVIDII
1207 305 1579 365 NASONIS

363 416 566 477 Charta
594 419 667 477 sit
694 442 723 477 a
753 418 948 480 vinclis
977 444 1091 480 non
1120 421 1386 484 labefacta
1418 425 1548 486 suis

272 511 422 589 Ergo
448 527 690 571 mutetur
719 515 910 597 sciipti
939 518 1205 578 sententia
1232 521 1449 592 nostri,

359 609 441 667 Ne
472 610 633 669 toties
664 627 885 684 contra,
920 638 1083 697 quam
1116 616 1264 698 rapit
1294 618 1503 689 amnis,
1534 642 1670 679 eam.

277 704 448 783 Quod
477 706 617 766 bene
650 707 714 767 de
743 709 904 769 vobis
935 713 1178 795 speravi,
1209 714 1510 792 ignoscite,
1543 716 1701 776 amici
1729 741 1741 775 :

358 800 512 862 Talia
542 805 804 886 peccandi
829 807 939 888 jam
966 809 1102 868 mihi
1131 809 1259 871 finis
1287 812 1404 871 erit.
1507 871 1518 882 .
2012 848 2061 874 lu

279 898 395 957 Nec
428 900 608 976 gravis
639 903 800 962 uxori
832 903 1015 964 dicar:
1046 931 1164 988 quae
1193 906 1399 967 scilicet
1424 906 1482 966 in
1508 931 1594 969 me

362 998 544 1075 Quam
573 999 777 1080 proba,
813 1015 921 1061 tam
955 1003 1146 1064 timida
1169 1019 1276 1078 est,
1307 1004 1700 1090 experiensque
1725 1031 1934 1090 parum.

277 1094 407 1153 Haec
434 1119 688 1179 quoque,
720 1101 870 1160 Naso
890 1149 903 1173 ‚
937 1101 1107 1174 feres;
1143 1102 1345 1163 etenim
1374 1102 1562 1185 pejora
1588 1103 1800 1164 tulisti:

356 1191 482 1249 Jam
511 1192 614 1252 tibi
645 1195 837 1254 sentiri
867 1197 1079 1258 sarcina
1106 1197 1259 1258 nulla
1287 1213 1489 1281 potest.

275 1287 491 1348 Ductus
523 1289 591 1349 ab
622 1309 872 1354 armento
900 1310 1090 1355 taurus
1121 1295 1389 1356 detrectat
1419 1309 1697 1367 aratrum;
2012 1315 2058 1355 15

353 1386 644 1449 Subtrahit
670 1405 722 1449 et
755 1392 892 1452 duro
923 1392 1063 1453 colla
1089 1393 1305 1453 novella
1331 1395 1489 1475 jugo.

275 1483 421 1554 Nos,
455 1486 660 1567 quibus
688 1489 936 1549 adsuevit
962 1490 1136 1550 fatum
1162 1490 1451 1551 crudeliter
1476 1492 1590 1564 uti,

353 1580 443 1639 Ad
471 1583 611 1643 mala
638 1585 748 1665 jam
777 1586 990 1669 pridem
1018 1611 1135 1646 non
1166 1613 1355 1649 sumus
1385 1587 1497 1648 ulla
1523 1587 1703 1648 rudes,

276 1678 542 1742 Venimus
572 1682 630 1742 in
662 1685 887 1746 Geticos
916 1685 1085 1758 fines3
1116 1687 1415 1746 moriamur
1444 1687 1502 1746 in
1531 1685 1667 1758 illis,

355 1778 632 1863 Parcaque
664 1783 731 1842 ad
765 1798 1065 1844 extremum
1086 1831 1100 1854 ‚
1136 1809 1245 1867 qua
1272 1809 1390 1845 mea
1422 1785 1612 1867 coepit‚
1646 1798 1745 1844 eat.
2007 1813 2059 1841 20

278 1874 442 1956 Spem
466 1878 617 1959 juvet
647 1881 934 1963 amplecti3
969 1907 1089 1965 quae
1118 1907 1232 1942 non
1260 1883 1411 1963 juvat
1436 1883 1591 1944 irrita
1620 1906 1858 1964 semper;

353 1965 430 2032 ¹Et:
451 2021 464 2046 ‚
497 1975 615 2034 fieri
643 1979 832 2060 cupias
862 1979 907 2038 si
940 2003 1076 2060 qua,
1109 1980 1296 2039 futura
1324 1996 1503 2063 putes.

275 2132 427 2172 vinclis
437 2134 658 2174 irresoluto
670 2138 783 2183 suis,·
795 2142 844 2177 ut
854 2149 983 2189 supra
999 2150 1009 2177 ε
1025 2152 1046 2172 «
1065 2135 1125 2177 At

273 2194 408 2236 semel
442 2195 637 2251 intentus
678 2214 816 2242 nervo
853 2200 969 2242 celer
1002 2216 1124 2244 arcus

275 2256 458 2313 equino,
484 2260 675 2303 Vincula
687 2278 861 2319 semper
877 2263 1042 2307 habens
1061 2264 1125 2306 ir-

274 2326 459 2369 resoluta
475 2359 487 2380 ‚
516 2337 676 2372 manet.
699 2347 720 2366 n
746 2331 913 2375 HEINS.

328 2390 367 2432 6.
403 2396 602 2445 Quamvis
636 2396 793 2438 Charta
823 2400 884 2438 sit
910 2413 939 2438 a
970 2399 1123 2438 vinclis

273 2473 357 2498 non
385 2459 602 2513 labefacta
631 2465 734 2504 suis.
768 2461 1009 2517 Quamvis,
1044 2461 1123 2504 in—

275 2523 393 2579 quit,
415 2524 561 2568 charta
575 2559 586 2580 ,
609 2528 683 2570 ubi
704 2527 796 2571 haec
816 2528 973 2584 scripta
991 2537 1095 2571 sunt
1109 2561 1121 2581 ,

273 2591 476 2633 nondum
496 2592 550 2635 sit
575 2609 598 2635 a
621 2594 741 2636 vobis
764 2594 952 2649 reclusa,
975 2604 1020 2637 et
1038 2594 1124 2637 suis

271 2658 404 2701 solitis
425 2659 604 2703 vinculis
623 2661 776 2705 soluta.

329 2740 364 2779 7.
386 2725 543 2778 Scripti
568 2731 776 2768 sententia
807 2731 951 2770 nostri.
981 2727 1123 2771 Insti-

273 2797 418 2830 tutum
434 2789 652 2832 scribendi
672 2807 807 2848 genus
823 2826 835 2846 ,
863 2808 950 2848 quo
971 2791 1125 2835 hacte-

274 2868 355 2894 nus
374 2869 473 2896 usus
495 2870 606 2896 sum.

327 2919 364 2959 8.
395 2920 459 2960 Ne
484 2924 609 2963 toties
630 2930 775 2964 contra
796 2931 882 2966 etc.
903 2927 996 2985 sspo'g
1021 2945 1124 2980 κυμα

274 2989 474 3035 λακτίζειν.
491 2986 643 3041 Eurip.
660 2986 781 3044 Virg.
799 2987 959 3044 Georg.
977 2989 1012 3043 I,
1030 3005 1124 3031 201.

334 3065 349 3089 1
363 3066 395 3090 1.
410 3051 498 3092 Nec
508 3056 650 3105 graves
663 3056 788 3094 uxori
797 3055 925 3095 dicar.
940 3054 1032 3096 Nec
1046 3069 1124 3095 ero

276 3115 454 3158 ulterius
476 3117 683 3161 molestus
702 3119 826 3161 uxori
847 3135 980 3174 meae,
1003 3118 1123 3162 idem

274 3179 406 3222 etiam
428 3182 671 3226 scribendo.

332 3263 348 3288 1
358 3262 393 3287 2.
403 3248 710 3305 Expenensque
717 3267 881 3304 parum.
898 3250 955 3292 Et
967 3265 1124 3306 parum

274 3309 432 3363 solers;
455 3328 550 3368 quae
570 3329 660 3355 non
683 3324 823 3358 tentat
842 3324 886 3357 et
904 3315 1123 3372 experitur

277 3377 423 3421 omnia
444 3411 455 3433 ‚
492 3388 540 3421 ut
572 3378 792 3422 Caesarem
824 3381 931 3423 mihi
964 3389 1123 3424 exoret.

277 3444 456 3487 Terent.
477 3443 662 3501 Adelph.
686 3444 780 3498 ΙΙΙ,
806 3447 855 3498 5,
878 3450 1031 3496 enitar,
1048 3443 1123 3496 fa·

1206 2142 1317 2180 ciam
1330 2171 1340 2188 ‚
1361 2143 1579 2193 expertam
1597 2146 1640 2180 et
1654 2137 1713 2179 ita
1728 2141 1869 2179 omnia
1883 2141 2066 2191 experzrt‘

1205 2201 1325 2244 idem
1345 2211 1389 2245 et
1414 2203 1481 2245 alii
1504 2219 1615 2259 saepe
1636 2219 1646 2245 ε
1667 2202 1725 2245 ita
1753 2207 1821 2244 vir
1844 2207 2058 2257 experiens

1205 2267 1506 2322 etacer„Livi0,
1526 2269 1587 2323 V,
1609 2282 1767 2322 xxxm,
1786 2266 1990 2311 Ciceroni
2016 2276 2060 2311 et

1206 2332 1295 2375 aliis
1313 2351 1323 2386 ;
1346 2336 1561 2389 experiens
1584 2336 1652 2375 vir
1672 2332 1828 2375 Horat.
1847 2333 1866 2374 I
1885 2366 1896 2386 ,
1921 2332 2057 2388 Epist.

1206 2399 1404 2451 XVI1„42
1423 2415 1432 2449 ;
1454 2397 1647 2440 absolute
1666 2397 1797 2439 etiam
1820 2397 1920 2439 Val.
1942 2395 2058 2439 Flac.

1207 2463 1252 2505 II
1269 2495 1281 2516 ,
1307 2463 1358 2505 33
1373 2495 1384 2517 ,
1411 2464 1647 2504 Commouet
1662 2465 1891 2515 experiens.
1908 2511 1927 2519 '—

1267 2528 1327 2580 14.
1347 2529 1474 2570 Nulla
1488 2530 1670 2569 sarcina.
1691 2523 1873 2569 Nullum
1889 2540 2012 2567 onus.

1269 2610 1281 2635 1
1291 2595 1329 2635 5.
1342 2593 1507 2635 Ductus
1516 2596 1570 2634 ab
1581 2600 1767 2634 armento
1776 2599 1932 2633 taurus.
1943 2591 2057 2633 Tau—

1205 2675 1279 2701 rus
1310 2657 1551 2701 indomitus
1582 2666 1728 2700 aratro
1759 2656 1976 2711 admotus.
2002 2677 2057 2686 —-·

1205 2725 1427 2767 Detrectat
1438 2724 1636 2766 aratrum.
1657 2723 1882 2765 Detractat
1898 2730 1943 2764 et
1958 2723 2057 2762 sub-

1205 2794 1339 2834 trahit
1354 2786 1550 2847 plerique
1571 2799 1754 2833 veteres.
1774 2790 1832 2831 H.

1265 2872 1281 2897 1
1292 2873 1327 2910 7.
1339 2857 1569 2899 Crudeliter
1579 2859 1652 2898 uti.
1673 2855 1917 2896 Crudelibus
1932 2852 2054 2898 Leid.

1207 2920 1323 2964 unde
1348 2920 1501 2963 Heins.
1523 2922 1744 2962 crudelius.
1763 2913 1765 2915 ’

1262 3005 1284 3029 2
1294 3004 1309 3029 1
1318 3019 1327 3027 .
1337 2988 1456 3041 Spem
1457 2987 1590 3042 juvat
1598 2989 1803 3041 amplecti.
1818 2987 1948 3028 Juvat
1964 3001 2052 3027 ma-

1205 3053 1282 3094 lim
1303 3068 1312 3094 :
1334 3060 1379 3094 et
1398 3067 1526 3094 versu
1553 3051 1752 3107 proximo
1776 3050 2053 3106 distinguen-

1206 3116 1345 3157 dum:
1366 3115 1495 3169 «,Et
1514 3114 1610 3158 fieri
1627 3114 1771 3170 cupias
1792 3114 1827 3157 si
1847 3130 1958 3170 qua,
1978 3114 2055 3159 fu-

1205 3189 1303 3222 tura
1323 3180 1705 3237 putes.»1.iems

1259 3263 1324 3287 22.
1352 3244 1607 3300 Quasutura
1619 3250 1755 3299 putes.
1777 3243 1940 3285 Sensus
1959 3248 2050 3283 est:

1205 3311 1340 3368 Spem
1361 3311 1480 3354 illam
1500 3309 1848 3367 amplectendam
1866 3322 2021 3352 censeo
2035 3338 2047 3359 ‚

1205 3393 1299 3432 quae
1314 3393 1405 3419 non
1420 3385 1484 3419 est
1497 3376 1618 3418 irrita
1632 3408 1643 3430 ,
1665 3384 1709 3418 et
1729 3391 1812 3431 qua
1827 3387 2048 3430 speramus

1203 3442 1246 3484 id
1271 3442 1475 3498 adsequi,
1503 3441 1621 3497 quod
1641 3450 1841 3495 optamus
1858 3438 1966 3481 fieri.
