<?xml version="1.0" encoding="UTF-8"?>
<!DOCTYPE html PUBLIC "-//W3C//DTD XHTML 1.0 Transitional//EN"
    "http://www.w3.org/TR/xhtml1/DTD/xhtml1-transitional.dtd">
<html xmlns="http://www.w3.org/1999/xhtml" xml:lang="en" lang="en">
 <head>
  <title>
</title>
<meta http-equiv="Content-Type" content="text/html;charset=utf-8" />
  <meta name='ocr-system' content='tesseract 3.04.00' />
  <meta name='ocr-capabilities' content='ocr_page ocr_carea ocr_par ocr_line ocrx_word'/>
</head>
<body>
  <div class='ocr_page' id='page_1' title='image "./quaeextantomniao07oviduoft_0458.png"; bbox 0 0 2280 3776; ppageno 0'>
   <div class='ocr_carea' id='block_1_1' title="bbox 240 324 351 394">
    <p class='ocr_par' dir='ltr' id='par_1_1' title="bbox 240 324 351 394">
     <span class='ocr_line' id='line_1_1' title="bbox 240 324 351 394; baseline 0 0"><span class='ocrx_word' id='word_1_1' title='bbox 240 324 351 394; x_wconf 92' lang='grc'><strong>444</strong></span> 
     </span>
    </p>
   </div>
   <div class='ocr_carea' id='block_1_2' title="bbox 693 323 1560 383">
    <p class='ocr_par' dir='ltr' id='par_1_2' title="bbox 693 323 1560 383">
     <span class='ocr_line' id='line_1_2' title="bbox 693 323 1560 383; baseline 0.005 -4"><span class='ocrx_word' id='word_1_2' title='bbox 693 328 758 379; x_wconf 88' lang='grc' dir='ltr'><strong>Ρ.</strong></span> <span class='ocrx_word' id='word_1_3' title='bbox 814 325 1119 380; x_wconf 92' lang='lat' dir='ltr'><strong>OVIDII</strong></span> <span class='ocrx_word' id='word_1_4' title='bbox 1165 323 1560 383; x_wconf 85' lang='lat' dir='ltr'><strong>NASONIS</strong></span> 
     </span>
    </p>
   </div>
   <div class='ocr_carea' id='block_1_3' title="bbox 240 439 2025 1979">
    <p class='ocr_par' dir='ltr' id='par_1_3' title="bbox 240 439 2025 1979">
     <span class='ocr_line' id='line_1_3' title="bbox 314 439 1605 523; baseline 0.003 -24"><span class='ocrx_word' id='word_1_5' title='bbox 314 443 391 500; x_wconf 85' lang='lat' dir='ltr'><strong>Et</strong></span> <span class='ocrx_word' id='word_1_6' title='bbox 419 440 669 523; x_wconf 90' lang='lat' dir='ltr'><strong>quisquis</strong></span> <span class='ocrx_word' id='word_1_7' title='bbox 702 455 889 500; x_wconf 90' lang='lat' dir='ltr'><strong>contra</strong></span> <span class='ocrx_word' id='word_1_8' title='bbox 907 486 922 512; x_wconf 92' lang='lat'>‚</span> <span class='ocrx_word' id='word_1_9' title='bbox 954 439 1038 502; x_wconf 88' lang='lat' dir='ltr'><strong>vel</strong></span> <span class='ocrx_word' id='word_1_10' title='bbox 1068 440 1254 512; x_wconf 83' lang='lat' dir='ltr'><strong>simul,</strong></span> <span class='ocrx_word' id='word_1_11' title='bbox 1286 466 1431 503; x_wconf 90' lang='lat' dir='ltr'><strong>arma</strong></span> <span class='ocrx_word' id='word_1_12' title='bbox 1460 441 1605 503; x_wconf 89' lang='lat' dir='ltr'><strong>tulit.</strong></span> 
     </span>
     <span class='ocr_line' id='line_1_4' title="bbox 240 536 1826 620; baseline 0.004 -23"><span class='ocrx_word' id='word_1_13' title='bbox 240 538 386 618; x_wconf 84' lang='lat' dir='ltr'><strong>Quis</strong></span> <span class='ocrx_word' id='word_1_14' title='bbox 416 536 637 597; x_wconf 86' lang='lat' dir='ltr'><strong>Thebas</strong></span> <span class='ocrx_word' id='word_1_15' title='bbox 669 552 985 620; x_wconf 85' lang='lat' dir='ltr'><strong>septemque</strong></span> <span class='ocrx_word' id='word_1_16' title='bbox 1014 537 1178 600; x_wconf 91' lang='lat' dir='ltr'><strong>duces</strong></span> <span class='ocrx_word' id='word_1_17' title='bbox 1205 539 1321 599; x_wconf 89' lang='lat' dir='ltr'><strong>sine</strong></span> <span class='ocrx_word' id='word_1_18' title='bbox 1352 540 1587 600; x_wconf 84' lang='lat' dir='ltr'><strong>carmine</strong></span> <span class='ocrx_word' id='word_1_19' title='bbox 1614 556 1826 614; x_wconf 85' lang='lat' dir='ltr'><strong>nosset,</strong></span> 
     </span>
     <span class='ocr_line' id='line_1_5' title="bbox 321 633 1730 718; baseline 0.002 -24"><span class='ocrx_word' id='word_1_20' title='bbox 321 637 396 694; x_wconf 91' lang='lat' dir='ltr'><strong>Et</strong></span> <span class='ocrx_word' id='word_1_21' title='bbox 424 633 687 716; x_wconf 89' lang='lat' dir='ltr'><strong>quicquid</strong></span> <span class='ocrx_word' id='word_1_22' title='bbox 717 650 846 717; x_wconf 91' lang='lat' dir='ltr'><strong>post</strong></span> <span class='ocrx_word' id='word_1_23' title='bbox 874 635 988 695; x_wconf 85' lang='lat' dir='ltr'><strong>haec</strong></span> <span class='ocrx_word' id='word_1_24' title='bbox 1007 682 1022 707; x_wconf 87' lang='lat'><strong>,</strong></span> <span class='ocrx_word' id='word_1_25' title='bbox 1055 634 1319 718; x_wconf 91' lang='lat' dir='ltr'><strong>quicquid</strong></span> <span class='ocrx_word' id='word_1_26' title='bbox 1349 650 1403 696; x_wconf 91' lang='lat' dir='ltr'><strong>et</strong></span> <span class='ocrx_word' id='word_1_27' title='bbox 1431 651 1555 696; x_wconf 91' lang='lat' dir='ltr'><strong>ante</strong></span> <span class='ocrx_word' id='word_1_28' title='bbox 1582 635 1730 698; x_wconf 85' lang='lat' dir='ltr'><strong>fuit?</strong></span> 
     </span>
     <span class='ocr_line' id='line_1_6' title="bbox 241 731 2011 822; baseline 0.001 -31"><span class='ocrx_word' id='word_1_29' title='bbox 241 733 315 792; x_wconf 79' lang='lat' dir='ltr'><strong>Di</strong></span> <span class='ocrx_word' id='word_1_30' title='bbox 343 755 564 814; x_wconf 91' lang='lat' dir='ltr'><strong>quoque</strong></span> <span class='ocrx_word' id='word_1_31' title='bbox 598 731 956 806; x_wconf 82' lang='lat' dir='ltr'>carminibus,</span> <span class='ocrx_word' id='word_1_32' title='bbox 983 733 1029 792; x_wconf 88' lang='lat' dir='ltr'><strong>si</strong></span> <span class='ocrx_word' id='word_1_33' title='bbox 1058 732 1140 793; x_wconf 87' lang='lat' dir='ltr'><strong>fas</strong></span> <span class='ocrx_word' id='word_1_34' title='bbox 1174 747 1255 792; x_wconf 91' lang='lat' dir='ltr'><strong>est</strong></span> <span class='ocrx_word' id='word_1_35' title='bbox 1278 733 1481 807; x_wconf 84' lang='lat' dir='ltr'><strong>dicere,</strong></span> <span class='ocrx_word' id='word_1_36' title='bbox 1508 733 1679 807; x_wconf 87' lang='lat' dir='ltr'><strong>fiunt,</strong></span> <span class='ocrx_word' id='word_1_37' title='bbox 1757 803 1767 822; x_wconf 48' lang='lat' dir='ltr'><em>l</em></span> <span class='ocrx_word' id='word_1_38' title='bbox 1958 752 2011 796; x_wconf 84' lang='lat'><strong>55</strong></span> 
     </span>
     <span class='ocr_line' id='line_1_7' title="bbox 320 829 1446 911; baseline 0.004 -24"><span class='ocrx_word' id='word_1_39' title='bbox 320 830 606 911; x_wconf 83' lang='lat' dir='ltr'><strong>Tantaque</strong></span> <span class='ocrx_word' id='word_1_40' title='bbox 635 829 887 910; x_wconf 90' lang='lat' dir='ltr'><strong>majestas</strong></span> <span class='ocrx_word' id='word_1_41' title='bbox 916 853 1010 889; x_wconf 90' lang='lat' dir='ltr'><strong>ore</strong></span> <span class='ocrx_word' id='word_1_42' title='bbox 1036 830 1277 890; x_wconf 90' lang='lat' dir='ltr'><strong>canentis</strong></span> <span class='ocrx_word' id='word_1_43' title='bbox 1309 846 1446 908; x_wconf 86' lang='lat' dir='ltr'><strong>eget.</strong></span> 
     </span>
     <span class='ocr_line' id='line_1_8' title="bbox 243 922 1468 1007; baseline 0.002 -25"><span class='ocrx_word' id='word_1_44' title='bbox 243 922 331 983; x_wconf 87' lang='lat' dir='ltr'><strong>Sic</strong></span> <span class='ocrx_word' id='word_1_45' title='bbox 366 924 547 1006; x_wconf 88' lang='lat' dir='ltr'><strong>Chaos</strong></span> <span class='ocrx_word' id='word_1_46' title='bbox 565 970 580 996; x_wconf 87' lang='lat'>‚</span> <span class='ocrx_word' id='word_1_47' title='bbox 614 948 677 984; x_wconf 87' lang='lat' dir='ltr'><strong>ex</strong></span> <span class='ocrx_word' id='word_1_48' title='bbox 705 922 797 984; x_wconf 83' lang='lat' dir='ltr'><strong>illa</strong></span> <span class='ocrx_word' id='word_1_49' title='bbox 826 938 1030 984; x_wconf 87' lang='lat' dir='ltr'><strong>naturae</strong></span> <span class='ocrx_word' id='word_1_50' title='bbox 1056 923 1201 984; x_wconf 86' lang='lat' dir='ltr'><strong>mole</strong></span> <span class='ocrx_word' id='word_1_51' title='bbox 1234 924 1434 1007; x_wconf 89' lang='lat' dir='ltr'><strong>prioris</strong></span> <span class='ocrx_word' id='word_1_52' title='bbox 1452 973 1468 999; x_wconf 83' lang='lat'>‚</span> 
     </span>
     <span class='ocr_line' id='line_1_9' title="bbox 322 1013 1475 1106; baseline 0.003 -26"><span class='ocrx_word' id='word_1_53' title='bbox 322 1013 613 1100; x_wconf 81' lang='lat' dir='ltr'><strong>Digestum</strong></span> <span class='ocrx_word' id='word_1_54' title='bbox 644 1037 827 1106; x_wconf 88' lang='lat' dir='ltr'><strong>partes</strong></span> <span class='ocrx_word' id='word_1_55' title='bbox 858 1022 1057 1083; x_wconf 91' lang='lat' dir='ltr'><strong>scimus</strong></span> <span class='ocrx_word' id='word_1_56' title='bbox 1084 1022 1287 1084; x_wconf 89' lang='lat' dir='ltr'><strong>habere</strong></span> <span class='ocrx_word' id='word_1_57' title='bbox 1314 1046 1440 1083; x_wconf 91' lang='lat' dir='ltr'><strong>suas</strong></span> <span class='ocrx_word' id='word_1_58' title='bbox 1463 1048 1475 1083; x_wconf 91' lang='lat'>:</span> 
     </span>
     <span class='ocr_line' id='line_1_10' title="bbox 246 1117 1474 1199; baseline 0.004 -24"><span class='ocrx_word' id='word_1_59' title='bbox 246 1117 333 1176; x_wconf 90' lang='lat' dir='ltr'><strong>Sic</strong></span> <span class='ocrx_word' id='word_1_60' title='bbox 361 1119 694 1180; x_wconf 83' lang='lat' dir='ltr'><strong>adfectantes</strong></span> <span class='ocrx_word' id='word_1_61' title='bbox 723 1118 957 1180; x_wconf 87' lang='lat' dir='ltr'><strong>caelestia</strong></span> <span class='ocrx_word' id='word_1_62' title='bbox 982 1144 1152 1199; x_wconf 89' lang='lat' dir='ltr'><strong>regna</strong></span> <span class='ocrx_word' id='word_1_63' title='bbox 1183 1119 1474 1198; x_wconf 81' lang='lat' dir='ltr'><strong>GigantaS‚</strong></span> 
     </span>
     <span class='ocr_line' id='line_1_11' title="bbox 323 1215 2023 1299; baseline -0.001 -24"><span class='ocrx_word' id='word_1_64' title='bbox 323 1215 414 1275; x_wconf 89' lang='lat' dir='ltr'><strong>Ad</strong></span> <span class='ocrx_word' id='word_1_65' title='bbox 442 1218 610 1299; x_wconf 85' lang='lat' dir='ltr'><strong>Styga</strong></span> <span class='ocrx_word' id='word_1_66' title='bbox 641 1217 938 1277; x_wconf 87' lang='lat' dir='ltr'><strong>nimbifero</strong></span> <span class='ocrx_word' id='word_1_67' title='bbox 971 1217 1203 1278; x_wconf 86' lang='lat' dir='ltr'><strong>vindicis</strong></span> <span class='ocrx_word' id='word_1_68' title='bbox 1230 1218 1355 1297; x_wconf 86' lang='lat' dir='ltr'><strong>igne</strong></span> <span class='ocrx_word' id='word_1_69' title='bbox 1387 1217 1561 1278; x_wconf 88' lang='lat' dir='ltr'><strong>datos.</strong></span> <span class='ocrx_word' id='word_1_70' title='bbox 1969 1234 2023 1275; x_wconf 64' lang='grc' dir='ltr'><strong>(ευ</strong></span> 
     </span>
     <span class='ocr_line' id='line_1_12' title="bbox 246 1309 1592 1395; baseline 0.004 -28"><span class='ocrx_word' id='word_1_71' title='bbox 246 1309 337 1368; x_wconf 88' lang='lat' dir='ltr'><strong>Sic</strong></span> <span class='ocrx_word' id='word_1_72' title='bbox 363 1311 539 1372; x_wconf 89' lang='lat' dir='ltr'><strong>victor</strong></span> <span class='ocrx_word' id='word_1_73' title='bbox 568 1311 785 1373; x_wconf 88' lang='lat' dir='ltr'><strong>laudem</strong></span> <span class='ocrx_word' id='word_1_74' title='bbox 815 1313 1086 1395; x_wconf 88' lang='lat' dir='ltr'><strong>superatis</strong></span> <span class='ocrx_word' id='word_1_75' title='bbox 1114 1313 1283 1374; x_wconf 88' lang='lat' dir='ltr'><strong>Liber</strong></span> <span class='ocrx_word' id='word_1_76' title='bbox 1309 1313 1377 1373; x_wconf 91' lang='lat' dir='ltr'><strong>ab</strong></span> <span class='ocrx_word' id='word_1_77' title='bbox 1406 1312 1559 1373; x_wconf 86' lang='lat' dir='ltr'><strong>Indis</strong></span> <span class='ocrx_word' id='word_1_78' title='bbox 1577 1358 1592 1385; x_wconf 82' lang='grc'><strong>,</strong></span> 
     </span>
     <span class='ocr_line' id='line_1_13' title="bbox 326 1409 1333 1494; baseline 0.003 -26"><span class='ocrx_word' id='word_1_79' title='bbox 326 1409 547 1471; x_wconf 86' lang='lat' dir='ltr'><strong>Alcides</strong></span> <span class='ocrx_word' id='word_1_80' title='bbox 577 1426 734 1494; x_wconf 90' lang='lat' dir='ltr'><strong>capta</strong></span> <span class='ocrx_word' id='word_1_81' title='bbox 759 1412 924 1471; x_wconf 81' lang='lat' dir='ltr'><strong>traxit</strong></span> <span class='ocrx_word' id='word_1_82' title='bbox 951 1410 1021 1471; x_wconf 91' lang='lat' dir='ltr'><strong>ab</strong></span> <span class='ocrx_word' id='word_1_83' title='bbox 1052 1411 1333 1472; x_wconf 85' lang='lat' dir='ltr'><strong>OEchalia.</strong></span> 
     </span>
     <span class='ocr_line' id='line_1_14' title="bbox 246 1504 1873 1591; baseline 0 -26"><span class='ocrx_word' id='word_1_84' title='bbox 246 1505 322 1566; x_wconf 89' lang='lat' dir='ltr'><strong>Et</strong></span> <span class='ocrx_word' id='word_1_85' title='bbox 347 1507 547 1580; x_wconf 88' lang='lat' dir='ltr'><strong>modo,</strong></span> <span class='ocrx_word' id='word_1_86' title='bbox 582 1509 791 1583; x_wconf 83' lang='lat' dir='ltr'><strong>Caesar,</strong></span> <span class='ocrx_word' id='word_1_87' title='bbox 820 1533 1006 1580; x_wconf 88' lang='lat' dir='ltr'><strong>avum,</strong></span> <span class='ocrx_word' id='word_1_88' title='bbox 1044 1532 1208 1591; x_wconf 89' lang='lat' dir='ltr'><strong>quem</strong></span> <span class='ocrx_word' id='word_1_89' title='bbox 1237 1510 1411 1569; x_wconf 88' lang='lat' dir='ltr'><strong>virtus</strong></span> <span class='ocrx_word' id='word_1_90' title='bbox 1441 1506 1654 1568; x_wconf 86' lang='lat' dir='ltr'><strong>addidit</strong></span> <span class='ocrx_word' id='word_1_91' title='bbox 1681 1504 1842 1566; x_wconf 86' lang='lat' dir='ltr'><strong>astris</strong></span> <span class='ocrx_word' id='word_1_92' title='bbox 1860 1552 1873 1576; x_wconf 82' lang='lat'><strong>‚</strong></span> 
     </span>
     <span class='ocr_line' id='line_1_15' title="bbox 330 1604 1481 1688; baseline 0.002 -26"><span class='ocrx_word' id='word_1_93' title='bbox 330 1604 626 1665; x_wconf 88' lang='lat' dir='ltr'><strong>Sacrarunt</strong></span> <span class='ocrx_word' id='word_1_94' title='bbox 651 1604 836 1688; x_wconf 87' lang='lat' dir='ltr'><strong>aliqua</strong></span> <span class='ocrx_word' id='word_1_95' title='bbox 864 1604 1102 1666; x_wconf 90' lang='lat' dir='ltr'><strong>carmina</strong></span> <span class='ocrx_word' id='word_1_96' title='bbox 1125 1618 1281 1688; x_wconf 89' lang='lat' dir='ltr'><strong>parte</strong></span> <span class='ocrx_word' id='word_1_97' title='bbox 1308 1619 1481 1664; x_wconf 89' lang='lat' dir='ltr'><strong>tuum.</strong></span> 
     </span>
     <span class='ocr_line' id='line_1_16' title="bbox 251 1698 2025 1782; baseline -0.001 -24"><span class='ocrx_word' id='word_1_98' title='bbox 251 1698 310 1758; x_wconf 92' lang='lat' dir='ltr'><strong>Si</strong></span> <span class='ocrx_word' id='word_1_99' title='bbox 343 1700 476 1782; x_wconf 90' lang='lat' dir='ltr'><strong>quid</strong></span> <span class='ocrx_word' id='word_1_100' title='bbox 507 1701 685 1763; x_wconf 85' lang='lat' dir='ltr'><strong>adhuc</strong></span> <span class='ocrx_word' id='word_1_101' title='bbox 716 1702 890 1781; x_wconf 85' lang='lat' dir='ltr'><strong>igitur</strong></span> <span class='ocrx_word' id='word_1_102' title='bbox 917 1701 1056 1775; x_wconf 88' lang='lat' dir='ltr'><strong>vivi,</strong></span> <span class='ocrx_word' id='word_1_103' title='bbox 1093 1700 1411 1762; x_wconf 88' lang='lat' dir='ltr'><strong>Germanice</strong></span> <span class='ocrx_word' id='word_1_104' title='bbox 1433 1747 1448 1774; x_wconf 90' lang='lat'>‚</span> <span class='ocrx_word' id='word_1_105' title='bbox 1479 1714 1673 1760; x_wconf 87' lang='lat' dir='ltr'><strong>nostro</strong></span> <span class='ocrx_word' id='word_1_106' title='bbox 1969 1712 2025 1756; x_wconf 84' lang='lat'><strong>65</strong></span> 
     </span>
     <span class='ocr_line' id='line_1_17' title="bbox 326 1797 1464 1876; baseline 0 -20"><span class='ocrx_word' id='word_1_107' title='bbox 326 1798 521 1857; x_wconf 86' lang='lat' dir='ltr'><strong>Restat</strong></span> <span class='ocrx_word' id='word_1_108' title='bbox 550 1798 606 1857; x_wconf 91' lang='lat' dir='ltr'><strong>in</strong></span> <span class='ocrx_word' id='word_1_109' title='bbox 634 1797 856 1876; x_wconf 84' lang='lat' dir='ltr'><strong>ingenio</strong></span> <span class='ocrx_word' id='word_1_110' title='bbox 874 1844 889 1869; x_wconf 87' lang='lat'>‚</span> <span class='ocrx_word' id='word_1_111' title='bbox 926 1797 1126 1858; x_wconf 89' lang='lat' dir='ltr'><strong>serviet</strong></span> <span class='ocrx_word' id='word_1_112' title='bbox 1153 1822 1314 1859; x_wconf 91' lang='lat' dir='ltr'><strong>omne</strong></span> <span class='ocrx_word' id='word_1_113' title='bbox 1343 1797 1464 1858; x_wconf 91' lang='lat' dir='ltr'><strong>tibi.</strong></span> 
     </span>
     <span class='ocr_line' id='line_1_18' title="bbox 247 1896 1602 1979; baseline 0.001 -24"><span class='ocrx_word' id='word_1_114' title='bbox 247 1896 374 1955; x_wconf 85' lang='lat' dir='ltr'><strong>Non</strong></span> <span class='ocrx_word' id='word_1_115' title='bbox 404 1911 563 1979; x_wconf 89' lang='lat' dir='ltr'><strong>potes</strong></span> <span class='ocrx_word' id='word_1_116' title='bbox 595 1896 838 1957; x_wconf 87' lang='lat' dir='ltr'><strong>officium</strong></span> <span class='ocrx_word' id='word_1_117' title='bbox 865 1897 1005 1957; x_wconf 91' lang='lat' dir='ltr'><strong>vatis</strong></span> <span class='ocrx_word' id='word_1_118' title='bbox 1034 1911 1381 1958; x_wconf 88' lang='lat' dir='ltr'><strong>contemnere</strong></span> <span class='ocrx_word' id='word_1_119' title='bbox 1407 1911 1556 1957; x_wconf 90' lang='lat' dir='ltr'><strong>vates</strong></span> <span class='ocrx_word' id='word_1_120' title='bbox 1589 1921 1602 1956; x_wconf 91' lang='lat'>:</span> 
     </span>
    </p>
   </div>
   <div class='ocr_carea' id='block_1_4' title="bbox 247 2027 1104 2610">
    <p class='ocr_par' dir='ltr' id='par_1_4' title="bbox 247 2027 1097 2087">
     <span class='ocr_line' id='line_1_19' title="bbox 247 2027 1097 2087; baseline 0.005 -17"><span class='ocrx_word' id='word_1_121' title='bbox 247 2027 331 2072; x_wconf 79' lang='lat' dir='ltr'><strong>rIes</strong></span> <span class='ocrx_word' id='word_1_122' title='bbox 344 2029 657 2087; x_wconf 88' lang='lat' dir='ltr'><strong>temporis,qua</strong></span> <span class='ocrx_word' id='word_1_123' title='bbox 667 2031 815 2074; x_wconf 90' lang='lat' dir='ltr'><strong>omnia</strong></span> <span class='ocrx_word' id='word_1_124' title='bbox 829 2039 1097 2087; x_wconf 87' lang='lat' dir='ltr'><strong>putrescunt.</strong></span> 
     </span>
    </p>

    <p class='ocr_par' dir='ltr' id='par_1_5' title="bbox 250 2094 1103 2544">
     <span class='ocr_line' id='line_1_20' title="bbox 305 2094 1099 2151; baseline 0 -14"><span class='ocrx_word' id='word_1_125' title='bbox 305 2097 369 2137; x_wconf 83' lang='lat'><strong>52.</strong></span> <span class='ocrx_word' id='word_1_126' title='bbox 389 2096 455 2137; x_wconf 82' lang='lat' dir='ltr'><strong>Et</strong></span> <span class='ocrx_word' id='word_1_127' title='bbox 470 2098 655 2151; x_wconf 60' lang='lat' dir='ltr'><strong>quisquis</strong></span> <span class='ocrx_word' id='word_1_128' title='bbox 674 2103 830 2139; x_wconf 83' lang='lat' dir='ltr'><strong>contra.</strong></span> <span class='ocrx_word' id='word_1_129' title='bbox 856 2094 915 2138; x_wconf 91' lang='lat' dir='ltr'><strong>Et</strong></span> <span class='ocrx_word' id='word_1_130' title='bbox 933 2110 1099 2151; x_wconf 88' lang='lat' dir='ltr'><strong>cogno-</strong></span> 
     </span>
     <span class='ocr_line' id='line_1_21' title="bbox 250 2156 1099 2215; baseline -0.002 -13"><span class='ocrx_word' id='word_1_131' title='bbox 250 2156 407 2202; x_wconf 83' lang='lat' dir='ltr'><strong>scimus</strong></span> <span class='ocrx_word' id='word_1_132' title='bbox 451 2159 583 2202; x_wconf 87' lang='lat' dir='ltr'><strong>etiam</strong></span> <span class='ocrx_word' id='word_1_133' title='bbox 624 2158 791 2215; x_wconf 87' lang='lat' dir='ltr'><strong>scriptis</strong></span> <span class='ocrx_word' id='word_1_134' title='bbox 829 2174 904 2201; x_wconf 89' lang='lat' dir='ltr'><strong>eos</strong></span> <span class='ocrx_word' id='word_1_135' title='bbox 944 2173 1099 2201; x_wconf 91' lang='lat' dir='ltr'><strong>omnes</strong></span> 
     </span>
     <span class='ocr_line' id='line_1_22' title="bbox 251 2223 1100 2280; baseline 0.002 -16"><span class='ocrx_word' id='word_1_136' title='bbox 251 2223 323 2278; x_wconf 87' lang='lat' dir='ltr'><strong>qui</strong></span> <span class='ocrx_word' id='word_1_137' title='bbox 345 2239 474 2279; x_wconf 86' lang='lat' dir='ltr'><strong>opem</strong></span> <span class='ocrx_word' id='word_1_138' title='bbox 499 2224 694 2268; x_wconf 85' lang='lat' dir='ltr'><strong>tulerunt</strong></span> <span class='ocrx_word' id='word_1_139' title='bbox 715 2224 921 2280; x_wconf 75' lang='lat' dir='ltr'><strong>Troianis</strong></span> <span class='ocrx_word' id='word_1_140' title='bbox 947 2231 1100 2266; x_wconf 85' lang='lat' dir='ltr'><strong>contra</strong></span> 
     </span>
     <span class='ocr_line' id='line_1_23' title="bbox 251 2290 1102 2347; baseline 0 -14"><span class='ocrx_word' id='word_1_141' title='bbox 251 2291 650 2347; x_wconf 84' lang='lat' dir='ltr'><strong>Agamemnonem.</strong></span> <span class='ocrx_word' id='word_1_142' title='bbox 673 2316 725 2324; x_wconf 90' lang='lat'>—</span> <span class='ocrx_word' id='word_1_143' title='bbox 753 2293 836 2334; x_wconf 84' lang='lat' dir='ltr'><strong>Vel</strong></span> <span class='ocrx_word' id='word_1_144' title='bbox 856 2294 993 2334; x_wconf 76' lang='lat' dir='ltr'><strong>simul.</strong></span> <span class='ocrx_word' id='word_1_145' title='bbox 1016 2290 1102 2333; x_wconf 84' lang='lat' dir='ltr'><strong>Vel</strong></span> 
     </span>
     <span class='ocr_line' id='line_1_24' title="bbox 252 2357 1101 2414; baseline -0.001 -15"><span class='ocrx_word' id='word_1_146' title='bbox 252 2357 387 2399; x_wconf 82' lang='lat' dir='ltr'><strong>etiam</strong></span> <span class='ocrx_word' id='word_1_147' title='bbox 416 2373 489 2400; x_wconf 90' lang='lat' dir='ltr'><strong>eos</strong></span> <span class='ocrx_word' id='word_1_148' title='bbox 525 2374 706 2413; x_wconf 85' lang='lat' dir='ltr'><strong>omnes,</strong></span> <span class='ocrx_word' id='word_1_149' title='bbox 739 2358 814 2414; x_wconf 83' lang='lat' dir='ltr'><strong>qui</strong></span> <span class='ocrx_word' id='word_1_150' title='bbox 839 2357 970 2401; x_wconf 88' lang='lat' dir='ltr'><strong>simul</strong></span> <span class='ocrx_word' id='word_1_151' title='bbox 999 2372 1101 2400; x_wconf 87' lang='lat' dir='ltr'><strong>cum</strong></span> 
     </span>
     <span class='ocr_line' id='line_1_25' title="bbox 254 2423 1103 2480; baseline 0.001 -15"><span class='ocrx_word' id='word_1_152' title='bbox 254 2423 589 2480; x_wconf 87' lang='lat' dir='ltr'><strong>Agamemnone</strong></span> <span class='ocrx_word' id='word_1_153' title='bbox 619 2440 780 2468; x_wconf 89' lang='lat' dir='ltr'><strong>venere</strong></span> <span class='ocrx_word' id='word_1_154' title='bbox 811 2424 865 2467; x_wconf 91' lang='lat' dir='ltr'><strong>ad</strong></span> <span class='ocrx_word' id='word_1_155' title='bbox 898 2439 997 2467; x_wconf 88' lang='lat' dir='ltr'><strong>eam</strong></span> <span class='ocrx_word' id='word_1_156' title='bbox 1026 2439 1103 2466; x_wconf 84' lang='lat' dir='ltr'><strong>ex-</strong></span> 
     </span>
     <span class='ocr_line' id='line_1_26' title="bbox 253 2488 537 2544; baseline 0.004 -13"><span class='ocrx_word' id='word_1_157' title='bbox 253 2488 537 2544; x_wconf 83' lang='lat' dir='ltr'><strong>peditionern.</strong></span> 
     </span>
    </p>

    <p class='ocr_par' dir='ltr' id='par_1_6' title="bbox 313 2554 1104 2610">
     <span class='ocr_line' id='line_1_27' title="bbox 313 2554 1104 2610; baseline 0 -15"><span class='ocrx_word' id='word_1_158' title='bbox 313 2554 378 2597; x_wconf 88' lang='lat'><strong>53.</strong></span> <span class='ocrx_word' id='word_1_159' title='bbox 412 2556 516 2608; x_wconf 75' lang='lat' dir='ltr'><strong>Quis</strong></span> <span class='ocrx_word' id='word_1_160' title='bbox 542 2557 708 2598; x_wconf 82' lang='lat' dir='ltr'><strong>Thebas</strong></span> <span class='ocrx_word' id='word_1_161' title='bbox 724 2563 954 2610; x_wconf 80' lang='lat' dir='ltr'><strong>septemque</strong></span> <span class='ocrx_word' id='word_1_162' title='bbox 977 2555 1104 2595; x_wconf 84' lang='lat' dir='ltr'><strong>duces</strong></span> 
     </span>
    </p>
   </div>
   <div class='ocr_carea' id='block_1_5' title="bbox 256 2618 1117 2675">
    <p class='ocr_par' dir='ltr' id='par_1_7' title="bbox 256 2618 1117 2675">
     <span class='ocr_line' id='line_1_28' title="bbox 256 2618 1117 2675; baseline 0.001 -15"><span class='ocrx_word' id='word_1_163' title='bbox 256 2623 359 2661; x_wconf 78' lang='lat' dir='ltr'><strong>sine.</strong></span> <span class='ocrx_word' id='word_1_164' title='bbox 382 2619 497 2675; x_wconf 87' lang='lat' dir='ltr'><strong>Quis</strong></span> <span class='ocrx_word' id='word_1_165' title='bbox 518 2621 649 2664; x_wconf 91' lang='lat' dir='ltr'><strong>etiam</strong></span> <span class='ocrx_word' id='word_1_166' title='bbox 670 2621 798 2664; x_wconf 88' lang='lat' dir='ltr'><strong>sciret</strong></span> <span class='ocrx_word' id='word_1_167' title='bbox 815 2620 977 2663; x_wconf 89' lang='lat' dir='ltr'><strong>bellum</strong></span> <span class='ocrx_word' id='word_1_168' title='bbox 991 2618 1117 2661; x_wconf 51' lang='lat' dir='ltr'><strong>The:</strong></span> 
     </span>
    </p>
   </div>
   <div class='ocr_carea' id='block_1_6' title="bbox 258 2683 1106 3004">
    <p class='ocr_par' dir='ltr' id='par_1_8' title="bbox 258 2683 1106 3004">
     <span class='ocr_line' id='line_1_29' title="bbox 258 2683 1103 2742; baseline 0.002 -18"><span class='ocrx_word' id='word_1_169' title='bbox 258 2683 422 2726; x_wconf 83' lang='lat' dir='ltr'><strong>hanum</strong></span> <span class='ocrx_word' id='word_1_170' title='bbox 454 2717 465 2739; x_wconf 89' lang='lat'>,</span> <span class='ocrx_word' id='word_1_171' title='bbox 517 2694 562 2728; x_wconf 87' lang='lat' dir='ltr'><strong>et</strong></span> <span class='ocrx_word' id='word_1_172' title='bbox 602 2695 769 2742; x_wconf 88' lang='lat' dir='ltr'><strong>septem</strong></span> <span class='ocrx_word' id='word_1_173' title='bbox 806 2684 899 2727; x_wconf 90' lang='lat' dir='ltr'><strong>illos</strong></span> <span class='ocrx_word' id='word_1_174' title='bbox 939 2683 1103 2737; x_wconf 87' lang='lat' dir='ltr'><strong>duces,</strong></span> 
     </span>
     <span class='ocr_line' id='line_1_30' title="bbox 258 2748 1106 2809; baseline 0 -19"><span class='ocrx_word' id='word_1_175' title='bbox 258 2748 497 2792; x_wconf 85' lang='lat' dir='ltr'><strong>Adrastum</strong></span> <span class='ocrx_word' id='word_1_176' title='bbox 514 2782 526 2804; x_wconf 90' lang='lat'>,</span> <span class='ocrx_word' id='word_1_177' title='bbox 549 2749 805 2809; x_wconf 81' lang='lat' dir='ltr'><strong>Polynicem</strong></span> <span class='ocrx_word' id='word_1_178' title='bbox 821 2781 833 2803; x_wconf 92' lang='lat'>‚</span> <span class='ocrx_word' id='word_1_179' title='bbox 861 2748 1106 2805; x_wconf 86' lang='lat' dir='ltr'><strong>Hippome-</strong></span> 
     </span>
     <span class='ocr_line' id='line_1_31' title="bbox 258 2813 1103 2874; baseline 0.001 -19"><span class='ocrx_word' id='word_1_180' title='bbox 258 2813 392 2856; x_wconf 88' lang='lat' dir='ltr'><strong>donta</strong></span> <span class='ocrx_word' id='word_1_181' title='bbox 421 2847 432 2869; x_wconf 92' lang='lat'>,</span> <span class='ocrx_word' id='word_1_182' title='bbox 470 2815 676 2874; x_wconf 82' lang='lat' dir='ltr'><strong>Tydeum</strong></span> <span class='ocrx_word' id='word_1_183' title='bbox 700 2848 711 2869; x_wconf 88' lang='lat'>,</span> <span class='ocrx_word' id='word_1_184' title='bbox 754 2814 1072 2870; x_wconf 84' lang='lat' dir='ltr'><strong>Amphiaraum</strong></span> <span class='ocrx_word' id='word_1_185' title='bbox 1090 2845 1103 2867; x_wconf 91' lang='lat'>‚</span> 
     </span>
     <span class='ocr_line' id='line_1_32' title="bbox 259 2879 1023 2938; baseline 0 -16"><span class='ocrx_word' id='word_1_186' title='bbox 259 2879 627 2938; x_wconf 85' lang='lat' dir='ltr'><strong>Parthenopaeum</strong></span> <span class='ocrx_word' id='word_1_187' title='bbox 643 2914 655 2935; x_wconf 92' lang='lat'><strong><em>‚</em></strong></span> <span class='ocrx_word' id='word_1_188' title='bbox 682 2891 726 2925; x_wconf 90' lang='lat' dir='ltr'><strong>et</strong></span> <span class='ocrx_word' id='word_1_189' title='bbox 752 2880 1023 2938; x_wconf 84' lang='lat' dir='ltr'><strong>Capaneum.</strong></span> 
     </span>
     <span class='ocr_line' id='line_1_33' title="bbox 317 2947 1106 3004; baseline -0.003 -15"><span class='ocrx_word' id='word_1_190' title='bbox 317 2948 381 3004; x_wconf 81' lang='lat'><strong>59.</strong></span> <span class='ocrx_word' id='word_1_191' title='bbox 402 2948 618 3002; x_wconf 72' lang='lat' dir='ltr'><strong>Gigantes.</strong></span> <span class='ocrx_word' id='word_1_192' title='bbox 633 2947 783 2990; x_wconf 90' lang='lat' dir='ltr'><strong>Scribe</strong></span> <span class='ocrx_word' id='word_1_193' title='bbox 803 2948 1036 3001; x_wconf 74' lang='lat' dir='ltr'><strong>Gigantas,</strong></span> <span class='ocrx_word' id='word_1_194' title='bbox 1058 2954 1106 2988; x_wconf 88' lang='lat' dir='ltr'><strong>ut</strong></span> 
     </span>
    </p>
   </div>
   <div class='ocr_carea' id='block_1_7' title="bbox 261 3009 1151 3068">
    <p class='ocr_par' dir='ltr' id='par_1_9' title="bbox 261 3009 1151 3068">
     <span class='ocr_line' id='line_1_34' title="bbox 261 3009 1151 3068; baseline 0 -15"><span class='ocrx_word' id='word_1_195' title='bbox 261 3012 418 3066; x_wconf 85' lang='lat' dir='ltr'><strong>passim</strong></span> <span class='ocrx_word' id='word_1_196' title='bbox 433 3011 586 3066; x_wconf 88' lang='lat' dir='ltr'><strong>optimi</strong></span> <span class='ocrx_word' id='word_1_197' title='bbox 604 3012 772 3055; x_wconf 89' lang='lat' dir='ltr'><strong>codices</strong></span> <span class='ocrx_word' id='word_1_198' title='bbox 786 3027 852 3068; x_wconf 86' lang='lat' dir='ltr'><strong>ap.</strong></span> <span class='ocrx_word' id='word_1_199' title='bbox 867 3011 1079 3055; x_wconf 85' lang='lat' dir='ltr'><strong>Nostrum</strong></span> <span class='ocrx_word' id='word_1_200' title='bbox 1094 3027 1105 3053; x_wconf 89' lang='lat'><strong>:</strong></span> <span class='ocrx_word' id='word_1_201' title='bbox 1147 3009 1151 3014; x_wconf 70' lang='grc'><em>’</em></span> 
     </span>
    </p>
   </div>
   <div class='ocr_carea' id='block_1_8' title="bbox 261 3077 1112 3521">
    <p class='ocr_par' dir='ltr' id='par_1_10' title="bbox 261 3077 1107 3266">
     <span class='ocr_line' id='line_1_35' title="bbox 261 3077 1103 3134; baseline 0.001 -16"><span class='ocrx_word' id='word_1_202' title='bbox 261 3092 404 3132; x_wconf 84' lang='lat' dir='ltr'><strong>neque</strong></span> <span class='ocrx_word' id='word_1_203' title='bbox 425 3078 547 3120; x_wconf 85' lang='lat' dir='ltr'><strong>aliter</strong></span> <span class='ocrx_word' id='word_1_204' title='bbox 563 3094 628 3134; x_wconf 88' lang='lat' dir='ltr'><strong>ap.</strong></span> <span class='ocrx_word' id='word_1_205' title='bbox 642 3077 799 3120; x_wconf 88' lang='lat' dir='ltr'><strong>Silium</strong></span> <span class='ocrx_word' id='word_1_206' title='bbox 814 3108 826 3130; x_wconf 87' lang='lat'>,</span> <span class='ocrx_word' id='word_1_207' title='bbox 850 3077 1076 3119; x_wconf 89' lang='lat' dir='ltr'><strong>Lucanum</strong></span> <span class='ocrx_word' id='word_1_208' title='bbox 1091 3109 1103 3131; x_wconf 87' lang='lat'>‚</span> 
     </span>
     <span class='ocr_line' id='line_1_36' title="bbox 262 3141 1107 3198; baseline 0.001 -15"><span class='ocrx_word' id='word_1_209' title='bbox 262 3150 305 3183; x_wconf 85' lang='lat' dir='ltr'><strong>et</strong></span> <span class='ocrx_word' id='word_1_210' title='bbox 319 3141 508 3184; x_wconf 86' lang='lat' dir='ltr'><strong>Statium</strong></span> <span class='ocrx_word' id='word_1_211' title='bbox 524 3142 809 3185; x_wconf 87' lang='lat' dir='ltr'><strong>vetustissima</strong></span> <span class='ocrx_word' id='word_1_212' title='bbox 823 3141 1107 3198; x_wconf 83' lang='lat' dir='ltr'><strong>exemplaria;</strong></span> 
     </span>
     <span class='ocr_line' id='line_1_37' title="bbox 263 3205 992 3266; baseline 0.001 -20"><span class='ocrx_word' id='word_1_213' title='bbox 263 3205 360 3247; x_wconf 88' lang='lat' dir='ltr'><strong>vide</strong></span> <span class='ocrx_word' id='word_1_214' title='bbox 381 3207 493 3249; x_wconf 89' lang='lat' dir='ltr'><strong>Fast.</strong></span> <span class='ocrx_word' id='word_1_215' title='bbox 513 3207 606 3262; x_wconf 85' lang='lat' dir='ltr'>III,</span> <span class='ocrx_word' id='word_1_216' title='bbox 630 3225 688 3251; x_wconf 84' lang='lat' dir='ltr'><strong>vs.</strong></span> <span class='ocrx_word' id='word_1_217' title='bbox 709 3209 802 3266; x_wconf 75' lang='grc'><strong>439.</strong></span> <span class='ocrx_word' id='word_1_218' title='bbox 826 3206 992 3250; x_wconf 74' lang='lat' dir='ltr'><strong>HEINS.</strong></span> 
     </span>
    </p>

    <p class='ocr_par' dir='ltr' id='par_1_11' title="bbox 265 3270 1112 3521">
     <span class='ocr_line' id='line_1_38' title="bbox 316 3270 1111 3326; baseline 0.004 -15"><span class='ocrx_word' id='word_1_219' title='bbox 316 3270 384 3312; x_wconf 83' lang='grc'><strong>60.</strong></span> <span class='ocrx_word' id='word_1_220' title='bbox 405 3272 606 3325; x_wconf 76' lang='lat' dir='ltr'><strong>Nubifi’ro</strong></span> <span class='ocrx_word' id='word_1_221' title='bbox 623 3278 729 3326; x_wconf 77' lang='lat' dir='ltr'><strong>igne.</strong></span> <span class='ocrx_word' id='word_1_222' title='bbox 750 3271 984 3326; x_wconf 73' lang='lat' dir='ltr'><strong>Nimbisero</strong></span> <span class='ocrx_word' id='word_1_223' title='bbox 1003 3270 1111 3314; x_wconf 86' lang='lat' dir='ltr'><strong>Sca-</strong></span> 
     </span>
     <span class='ocr_line' id='line_1_39' title="bbox 265 3335 1108 3393; baseline -0.001 -15"><span class='ocrx_word' id='word_1_224' title='bbox 265 3336 386 3393; x_wconf 84' lang='lat' dir='ltr'><strong>liger.</strong></span> <span class='ocrx_word' id='word_1_225' title='bbox 404 3335 532 3392; x_wconf 86' lang='lat' dir='ltr'><strong>prim.</strong></span> <span class='ocrx_word' id='word_1_226' title='bbox 551 3336 714 3378; x_wconf 88' lang='lat' dir='ltr'><strong>Medic.</strong></span> <span class='ocrx_word' id='word_1_227' title='bbox 736 3346 780 3379; x_wconf 85' lang='lat' dir='ltr'><strong>et</strong></span> <span class='ocrx_word' id='word_1_228' title='bbox 802 3337 995 3392; x_wconf 87' lang='lat' dir='ltr'><strong>quinque</strong></span> <span class='ocrx_word' id='word_1_229' title='bbox 1011 3335 1108 3388; x_wconf 88' lang='lat' dir='ltr'><strong>alii;</strong></span> 
     </span>
     <span class='ocr_line' id='line_1_40' title="bbox 265 3401 1112 3455; baseline 0 -13"><span class='ocrx_word' id='word_1_230' title='bbox 265 3402 448 3444; x_wconf 86' lang='lat' dir='ltr'><strong>rectius:</strong></span> <span class='ocrx_word' id='word_1_231' title='bbox 470 3401 582 3443; x_wconf 84' lang='lat' dir='ltr'><strong>Met.</strong></span> <span class='ocrx_word' id='word_1_232' title='bbox 610 3401 679 3443; x_wconf 89' lang='lat' dir='ltr'><strong>Ill</strong></span> <span class='ocrx_word' id='word_1_233' title='bbox 698 3433 709 3455; x_wconf 89' lang='lat'>,</span> <span class='ocrx_word' id='word_1_234' title='bbox 737 3417 796 3443; x_wconf 89' lang='lat' dir='ltr'><strong>vs.</strong></span> <span class='ocrx_word' id='word_1_235' title='bbox 817 3402 899 3443; x_wconf 83' lang='lat'><strong>300</strong></span> <span class='ocrx_word' id='word_1_236' title='bbox 916 3434 927 3455; x_wconf 88' lang='lat'>,</span> <span class='ocrx_word' id='word_1_237' title='bbox 951 3404 1112 3443; x_wconf 83' lang='lat' dir='ltr'><strong>nimbos</strong></span> 
     </span>
     <span class='ocr_line' id='line_1_41' title="bbox 268 3463 1108 3521; baseline -0.002 -15"><span class='ocrx_word' id='word_1_238' title='bbox 268 3465 438 3508; x_wconf 78' lang='lat' dir='ltr'><strong>fulmini</strong></span> <span class='ocrx_word' id='word_1_239' title='bbox 471 3480 640 3521; x_wconf 88' lang='lat' dir='ltr'><strong>quoque</strong></span> <span class='ocrx_word' id='word_1_240' title='bbox 671 3464 898 3519; x_wconf 81' lang='lat' dir='ltr'><strong>conjungit</strong></span> <span class='ocrx_word' id='word_1_241' title='bbox 918 3463 971 3506; x_wconf 89' lang='lat' dir='ltr'><strong>de</strong></span> <span class='ocrx_word' id='word_1_242' title='bbox 997 3463 1108 3505; x_wconf 89' lang='lat' dir='ltr'><strong>Jove</strong></span> 
     </span>
    </p>
   </div>
   <div class='ocr_carea' id='block_1_9' title="bbox 1179 2028 2036 3071">
    <p class='ocr_par' dir='ltr' id='par_1_12' title="bbox 1179 2028 2031 2417">
     <span class='ocr_line' id='line_1_42' title="bbox 1181 2028 2028 2084; baseline -0.006 -9"><span class='ocrx_word' id='word_1_243' title='bbox 1181 2031 1389 2075; x_wconf 86' lang='lat' dir='ltr'><strong>Semelen</strong></span> <span class='ocrx_word' id='word_1_244' title='bbox 1404 2031 1578 2074; x_wconf 89' lang='lat' dir='ltr'><strong>adituro</strong></span> <span class='ocrx_word' id='word_1_245' title='bbox 1595 2047 1606 2074; x_wconf 90' lang='lat'>:</span> <span class='ocrx_word' id='word_1_246' title='bbox 1628 2046 1650 2067; x_wconf 87' lang='lat'>«</span> <span class='ocrx_word' id='word_1_247' title='bbox 1669 2028 1928 2084; x_wconf 83' lang='lat' dir='ltr'><strong>vultumque</strong></span> <span class='ocrx_word' id='word_1_248' title='bbox 1949 2044 2028 2071; x_wconf 86' lang='lat' dir='ltr'><strong>se-</strong></span> 
     </span>
     <span class='ocr_line' id='line_1_43' title="bbox 1181 2093 2025 2153; baseline -0.005 -14"><span class='ocrx_word' id='word_1_249' title='bbox 1181 2096 1360 2153; x_wconf 85' lang='lat' dir='ltr'><strong>quentia</strong></span> <span class='ocrx_word' id='word_1_250' title='bbox 1381 2096 1510 2140; x_wconf 82' lang='lat' dir='ltr'><strong>traxit</strong></span> <span class='ocrx_word' id='word_1_251' title='bbox 1532 2094 1692 2140; x_wconf 88' lang='lat' dir='ltr'><strong>Nubila</strong></span> <span class='ocrx_word' id='word_1_252' title='bbox 1711 2097 1806 2152; x_wconf 77' lang='lat' dir='ltr'><strong>quis</strong></span> <span class='ocrx_word' id='word_1_253' title='bbox 1826 2093 1999 2137; x_wconf 90' lang='lat' dir='ltr'><strong>nimbos</strong></span> <span class='ocrx_word' id='word_1_254' title='bbox 2012 2125 2025 2147; x_wconf 89' lang='lat'>,</span> 
     </span>
     <span class='ocr_line' id='line_1_44' title="bbox 1179 2159 2031 2220; baseline -0.005 -15"><span class='ocrx_word' id='word_1_255' title='bbox 1179 2163 1456 2220; x_wconf 82' lang='lat' dir='ltr'><strong>immistaque</strong></span> <span class='ocrx_word' id='word_1_256' title='bbox 1473 2162 1645 2220; x_wconf 83' lang='lat' dir='ltr'><strong>fulgura</strong></span> <span class='ocrx_word' id='word_1_257' title='bbox 1659 2161 1798 2205; x_wconf 87' lang='lat' dir='ltr'><strong>ventis</strong></span> <span class='ocrx_word' id='word_1_258' title='bbox 1812 2193 1824 2215; x_wconf 91' lang='lat'>‚</span> <span class='ocrx_word' id='word_1_259' title='bbox 1846 2159 2031 2203; x_wconf 87' lang='lat' dir='ltr'><strong>Addidit</strong></span> 
     </span>
     <span class='ocr_line' id='line_1_45' title="bbox 1182 2223 2029 2282; baseline -0.007 -11"><span class='ocrx_word' id='word_1_260' title='bbox 1182 2236 1226 2271; x_wconf 87' lang='lat' dir='ltr'><strong>et</strong></span> <span class='ocrx_word' id='word_1_261' title='bbox 1238 2228 1427 2273; x_wconf 85' lang='lat' dir='ltr'><strong>tonitrus</strong></span> <span class='ocrx_word' id='word_1_262' title='bbox 1441 2260 1454 2282; x_wconf 91' lang='lat'>,</span> <span class='ocrx_word' id='word_1_263' title='bbox 1475 2236 1520 2271; x_wconf 91' lang='lat' dir='ltr'><strong>et</strong></span> <span class='ocrx_word' id='word_1_264' title='bbox 1534 2226 1780 2270; x_wconf 85' lang='lat' dir='ltr'><strong>inevitabile</strong></span> <span class='ocrx_word' id='word_1_265' title='bbox 1793 2223 1962 2267; x_wconf 82' lang='lat' dir='ltr'><strong>fulmen</strong></span> <span class='ocrx_word' id='word_1_266' title='bbox 1979 2241 1990 2276; x_wconf 90' lang='lat'>;</span> <span class='ocrx_word' id='word_1_267' title='bbox 2007 2240 2029 2260; x_wconf 89' lang='lat'>»</span> 
     </span>
     <span class='ocr_line' id='line_1_46' title="bbox 1182 2289 2030 2348; baseline -0.006 -12"><span class='ocrx_word' id='word_1_268' title='bbox 1182 2293 1314 2337; x_wconf 88' lang='lat' dir='ltr'><strong>Silius</strong></span> <span class='ocrx_word' id='word_1_269' title='bbox 1329 2326 1341 2347; x_wconf 93' lang='lat'>,</span> <span class='ocrx_word' id='word_1_270' title='bbox 1369 2292 1442 2336; x_wconf 88' lang='lat' dir='ltr'><strong>lib.</strong></span> <span class='ocrx_word' id='word_1_271' title='bbox 1466 2293 1487 2336; x_wconf 90' lang='lat' dir='ltr'>I</span> <span class='ocrx_word' id='word_1_272' title='bbox 1503 2326 1515 2348; x_wconf 87' lang='lat'>,</span> <span class='ocrx_word' id='word_1_273' title='bbox 1535 2309 1595 2336; x_wconf 86' lang='lat' dir='ltr'><strong>vs.</strong></span> <span class='ocrx_word' id='word_1_274' title='bbox 1617 2292 1696 2336; x_wconf 84' lang='lat'><strong>253</strong></span> <span class='ocrx_word' id='word_1_275' title='bbox 1719 2307 1730 2335; x_wconf 90' lang='lat'>:</span> <span class='ocrx_word' id='word_1_276' title='bbox 1751 2309 1772 2328; x_wconf 90' lang='lat'>«</span> <span class='ocrx_word' id='word_1_277' title='bbox 1794 2289 2030 2347; x_wconf 85' lang='lat' dir='ltr'><strong>permixta-</strong></span> 
     </span>
     <span class='ocr_line' id='line_1_47' title="bbox 1184 2358 1909 2417; baseline -0.004 -14"><span class='ocrx_word' id='word_1_278' title='bbox 1184 2376 1268 2417; x_wconf 84' lang='lat' dir='ltr'><strong>que</strong></span> <span class='ocrx_word' id='word_1_279' title='bbox 1287 2360 1447 2404; x_wconf 88' lang='lat' dir='ltr'><strong>nimbis</strong></span> <span class='ocrx_word' id='word_1_280' title='bbox 1461 2359 1679 2403; x_wconf 89' lang='lat' dir='ltr'><strong>Fulmina.</strong></span> <span class='ocrx_word' id='word_1_281' title='bbox 1698 2377 1719 2395; x_wconf 87' lang='lat'>»</span> <span class='ocrx_word' id='word_1_282' title='bbox 1741 2358 1909 2401; x_wconf 60' lang='lat' dir='ltr'><strong>Hlmts.</strong></span> 
     </span>
    </p>

    <p class='ocr_par' dir='ltr' id='par_1_13' title="bbox 1184 2422 2034 2928">
     <span class='ocr_line' id='line_1_48' title="bbox 1237 2422 2031 2479; baseline -0.005 -11"><span class='ocrx_word' id='word_1_283' title='bbox 1237 2426 1304 2468; x_wconf 80' lang='lat'><strong>62.</strong></span> <span class='ocrx_word' id='word_1_284' title='bbox 1328 2426 1399 2468; x_wconf 87' lang='lat' dir='ltr'><strong>Ab</strong></span> <span class='ocrx_word' id='word_1_285' title='bbox 1424 2426 1623 2468; x_wconf 76' lang='lat' dir='ltr'><strong>OEchalz&#39;a</strong></span> <span class='ocrx_word' id='word_1_286' title='bbox 1642 2432 1779 2479; x_wconf 82' lang='lat' dir='ltr'><strong>capta.</strong></span> <span class='ocrx_word' id='word_1_287' title='bbox 1799 2422 1870 2465; x_wconf 89' lang='lat' dir='ltr'><strong>Ab</strong></span> <span class='ocrx_word' id='word_1_288' title='bbox 1892 2437 2031 2479; x_wconf 80' lang='lat' dir='ltr'><strong>expu-</strong></span> 
     </span>
     <span class='ocr_line' id='line_1_49' title="bbox 1184 2486 2034 2548; baseline -0.005 -14"><span class='ocrx_word' id='word_1_289' title='bbox 1184 2499 1314 2548; x_wconf 87' lang='lat' dir='ltr'><strong>gnata</strong></span> <span class='ocrx_word' id='word_1_290' title='bbox 1331 2490 1543 2534; x_wconf 87' lang='lat' dir='ltr'><strong>OEchalia.</strong></span> <span class='ocrx_word' id='word_1_291' title='bbox 1571 2489 1674 2532; x_wconf 86' lang='lat' dir='ltr'><strong>Fuit</strong></span> <span class='ocrx_word' id='word_1_292' title='bbox 1694 2497 1842 2532; x_wconf 86' lang='lat' dir='ltr'><strong>autem</strong></span> <span class='ocrx_word' id='word_1_293' title='bbox 1865 2486 2034 2531; x_wconf 85' lang='lat' dir='ltr'><strong>OEcha-</strong></span> 
     </span>
     <span class='ocr_line' id='line_1_50' title="bbox 1184 2552 2032 2611; baseline -0.006 -12"><span class='ocrx_word' id='word_1_294' title='bbox 1184 2556 1240 2599; x_wconf 90' lang='lat' dir='ltr'><strong>lia</strong></span> <span class='ocrx_word' id='word_1_295' title='bbox 1252 2556 1298 2599; x_wconf 90' lang='lat' dir='ltr'><strong>in</strong></span> <span class='ocrx_word' id='word_1_296' title='bbox 1311 2555 1530 2599; x_wconf 82' lang='lat' dir='ltr'><strong>Thessalia</strong></span> <span class='ocrx_word' id='word_1_297' title='bbox 1545 2588 1558 2611; x_wconf 86' lang='lat'>‚</span> <span class='ocrx_word' id='word_1_298' title='bbox 1575 2553 1761 2598; x_wconf 86' lang='lat' dir='ltr'><strong>Arcadia</strong></span> <span class='ocrx_word' id='word_1_299' title='bbox 1772 2586 1784 2609; x_wconf 86' lang='lat'>‚</span> <span class='ocrx_word' id='word_1_300' title='bbox 1798 2561 1843 2596; x_wconf 91' lang='lat' dir='ltr'><strong>et</strong></span> <span class='ocrx_word' id='word_1_301' title='bbox 1853 2552 2032 2595; x_wconf 87' lang='lat' dir='ltr'><strong>Euboea.</strong></span> 
     </span>
     <span class='ocr_line' id='line_1_51' title="bbox 1185 2615 2032 2676; baseline -0.007 -11"><span class='ocrx_word' id='word_1_302' title='bbox 1185 2621 1551 2676; x_wconf 48' lang='lat' dir='ltr'><strong>Muta—Alcides</strong></span> <span class='ocrx_word' id='word_1_303' title='bbox 1565 2625 1703 2673; x_wconf 80' lang='lat' dir='ltr'><strong>capta.</strong></span> <span class='ocrx_word' id='word_1_304' title='bbox 1721 2617 1934 2661; x_wconf 87' lang='lat' dir='ltr'><strong>Hercules</strong></span> <span class='ocrx_word' id='word_1_305' title='bbox 1944 2649 1956 2671; x_wconf 90' lang='lat'>,</span> <span class='ocrx_word' id='word_1_306' title='bbox 1977 2615 2032 2658; x_wconf 90' lang='lat' dir='ltr'><strong>ob</strong></span> 
     </span>
     <span class='ocr_line' id='line_1_52' title="bbox 1187 2683 2032 2744; baseline -0.008 -14"><span class='ocrx_word' id='word_1_307' title='bbox 1187 2686 1328 2741; x_wconf 88' lang='lat' dir='ltr'><strong>Iolen,</strong></span> <span class='ocrx_word' id='word_1_308' title='bbox 1346 2685 1503 2744; x_wconf 85' lang='lat' dir='ltr'><strong>Euryti</strong></span> <span class='ocrx_word' id='word_1_309' title='bbox 1517 2683 1650 2727; x_wconf 86' lang='lat' dir='ltr'><strong>filiam</strong></span> <span class='ocrx_word' id='word_1_310' title='bbox 1663 2683 1742 2727; x_wconf 90' lang='lat' dir='ltr'><strong>sibi</strong></span> <span class='ocrx_word' id='word_1_311' title='bbox 1756 2691 1941 2740; x_wconf 88' lang='lat' dir='ltr'><strong>pactam,</strong></span> <span class='ocrx_word' id='word_1_312' title='bbox 1950 2696 2032 2723; x_wconf 87' lang='lat' dir='ltr'><strong>nec</strong></span> 
     </span>
     <span class='ocr_line' id='line_1_53' title="bbox 1188 2747 2033 2810; baseline -0.008 -14"><span class='ocrx_word' id='word_1_313' title='bbox 1188 2753 1358 2810; x_wconf 89' lang='lat' dir='ltr'><strong>datam,</strong></span> <span class='ocrx_word' id='word_1_314' title='bbox 1381 2753 1630 2797; x_wconf 80' lang='lat' dir='ltr'><strong>universam</strong></span> <span class='ocrx_word' id='word_1_315' title='bbox 1651 2749 1896 2794; x_wconf 88' lang='lat' dir='ltr'><strong>OEchaliam</strong></span> <span class='ocrx_word' id='word_1_316' title='bbox 1910 2780 1923 2803; x_wconf 91' lang='lat'>,</span> <span class='ocrx_word' id='word_1_317' title='bbox 1939 2747 2033 2804; x_wconf 91' lang='lat' dir='ltr'><strong>ipso</strong></span> 
     </span>
     <span class='ocr_line' id='line_1_54' title="bbox 1186 2811 2034 2877; baseline -0.007 -16"><span class='ocrx_word' id='word_1_318' title='bbox 1186 2835 1288 2877; x_wconf 83' lang='lat' dir='ltr'><strong>rege</strong></span> <span class='ocrx_word' id='word_1_319' title='bbox 1298 2819 1343 2862; x_wconf 90' lang='lat' dir='ltr'><strong>in</strong></span> <span class='ocrx_word' id='word_1_320' title='bbox 1359 2818 1573 2863; x_wconf 78' lang='lat' dir='ltr'><strong>Euboeam</strong></span> <span class='ocrx_word' id='word_1_321' title='bbox 1580 2815 1789 2873; x_wconf 81' lang='lat' dir='ltr'><strong>fugiente,</strong></span> <span class='ocrx_word' id='word_1_322' title='bbox 1805 2811 2034 2856; x_wconf 87' lang='lat' dir='ltr'><strong>debellavit</strong></span> 
     </span>
     <span class='ocr_line' id='line_1_55' title="bbox 1188 2884 1587 2928; baseline -0.008 -1"><span class='ocrx_word' id='word_1_323' title='bbox 1188 2893 1233 2928; x_wconf 90' lang='lat' dir='ltr'><strong>et</strong></span> <span class='ocrx_word' id='word_1_324' title='bbox 1248 2884 1417 2927; x_wconf 89' lang='lat' dir='ltr'><strong>evertit.</strong></span> <span class='ocrx_word' id='word_1_325' title='bbox 1438 2884 1587 2927; x_wconf 68' lang='lat' dir='ltr'><strong>Pon&#39;r.</strong></span> 
     </span>
    </p>

    <p class='ocr_par' dir='ltr' id='par_1_14' title="bbox 1188 2940 2036 3071">
     <span class='ocr_line' id='line_1_56' title="bbox 1242 2940 2035 2997; baseline -0.01 -5"><span class='ocrx_word' id='word_1_326' title='bbox 1242 2950 1309 2992; x_wconf 81' lang='lat'><strong>63.</strong></span> <span class='ocrx_word' id='word_1_327' title='bbox 1343 2951 1404 2991; x_wconf 86' lang='lat' dir='ltr'><strong>Et</strong></span> <span class='ocrx_word' id='word_1_328' title='bbox 1425 2950 1578 2992; x_wconf 82' lang='lat' dir='ltr'><strong>Caesar.</strong></span> <span class='ocrx_word' id='word_1_329' title='bbox 1606 2943 1881 2988; x_wconf 89' lang='lat' dir='ltr'><strong>Germanice.</strong></span> <span class='ocrx_word' id='word_1_330' title='bbox 1913 2940 2035 2997; x_wconf 89' lang='lat' dir='ltr'><strong>Quia</strong></span> 
     </span>
     <span class='ocr_line' id='line_1_57' title="bbox 1188 3007 2036 3071; baseline -0.009 -15"><span class='ocrx_word' id='word_1_331' title='bbox 1188 3023 1316 3071; x_wconf 90' lang='lat' dir='ltr'><strong>poeta</strong></span> <span class='ocrx_word' id='word_1_332' title='bbox 1347 3013 1465 3069; x_wconf 88' lang='lat' dir='ltr'><strong>prius</strong></span> <span class='ocrx_word' id='word_1_333' title='bbox 1498 3018 1685 3068; x_wconf 88' lang='lat' dir='ltr'><strong>coeperat</strong></span> <span class='ocrx_word' id='word_1_334' title='bbox 1719 3007 2036 3052; x_wconf 84' lang='lat' dir='ltr'><strong>Germanicum</strong></span> 
     </span>
    </p>
   </div>
   <div class='ocr_carea' id='block_1_10' title="bbox 1187 3074 2038 3190">
    <p class='ocr_par' dir='ltr' id='par_1_15' title="bbox 1187 3074 2038 3190">
     <span class='ocr_line' id='line_1_58' title="bbox 1189 3074 2038 3136; baseline -0.012 -12"><span class='ocrx_word' id='word_1_335' title='bbox 1189 3080 1361 3136; x_wconf 90' lang='lat' dir='ltr'><strong>adloqui</strong></span> <span class='ocrx_word' id='word_1_336' title='bbox 1380 3112 1392 3133; x_wconf 88' lang='lat'>‚</span> <span class='ocrx_word' id='word_1_337' title='bbox 1421 3087 1464 3122; x_wconf 88' lang='lat' dir='ltr'><strong>et</strong></span> <span class='ocrx_word' id='word_1_338' title='bbox 1485 3077 1748 3133; x_wconf 82' lang='lat' dir='ltr'><strong>digressione</strong></span> <span class='ocrx_word' id='word_1_339' title='bbox 1770 3074 1909 3131; x_wconf 89' lang='lat' dir='ltr'><strong>aliqua</strong></span> <span class='ocrx_word' id='word_1_340' title='bbox 1938 3089 2038 3116; x_wconf 90' lang='lat' dir='ltr'><strong>usus</strong></span> 
     </span>
     <span class='ocr_line' id='line_1_59' title="bbox 1187 3132 2038 3190; baseline -0.009 -12"><span class='ocrx_word' id='word_1_341' title='bbox 1187 3136 1331 3179; x_wconf 85' lang='lat' dir='ltr'><strong>suerat</strong></span> <span class='ocrx_word' id='word_1_342' title='bbox 1342 3169 1353 3190; x_wconf 94' lang='lat'>,</span> <span class='ocrx_word' id='word_1_343' title='bbox 1379 3150 1499 3177; x_wconf 91' lang='lat' dir='ltr'><strong>nunc</strong></span> <span class='ocrx_word' id='word_1_344' title='bbox 1512 3134 1566 3177; x_wconf 87' lang='lat' dir='ltr'><strong>ad</strong></span> <span class='ocrx_word' id='word_1_345' title='bbox 1584 3132 1777 3176; x_wconf 89' lang='lat' dir='ltr'><strong>eundem</strong></span> <span class='ocrx_word' id='word_1_346' title='bbox 1789 3143 2038 3174; x_wconf 85' lang='lat' dir='ltr'><strong>sermonem</strong></span> 
     </span>
    </p>
   </div>
   <div class='ocr_carea' id='block_1_11' title="bbox 1190 3194 2038 3514">
    <p class='ocr_par' dir='ltr' id='par_1_16' title="bbox 1190 3194 2038 3441">
     <span class='ocr_line' id='line_1_60' title="bbox 1191 3194 2037 3258; baseline -0.009 -14"><span class='ocrx_word' id='word_1_347' title='bbox 1191 3201 1361 3258; x_wconf 86' lang='lat' dir='ltr'><strong>dirigit,</strong></span> <span class='ocrx_word' id='word_1_348' title='bbox 1387 3199 1622 3243; x_wconf 87' lang='lat' dir='ltr'><strong>ostendens</strong></span> <span class='ocrx_word' id='word_1_349' title='bbox 1652 3214 1697 3241; x_wconf 89' lang='lat' dir='ltr'><strong>se</strong></span> <span class='ocrx_word' id='word_1_350' title='bbox 1723 3212 1897 3253; x_wconf 88' lang='lat' dir='ltr'><strong>quoque</strong></span> <span class='ocrx_word' id='word_1_351' title='bbox 1929 3194 2037 3237; x_wconf 72' lang='lat' dir='ltr'><strong>Au-</strong></span> 
     </span>
     <span class='ocr_line' id='line_1_61' title="bbox 1191 3259 2038 3322; baseline -0.009 -15"><span class='ocrx_word' id='word_1_352' title='bbox 1191 3267 1303 3322; x_wconf 87' lang='lat' dir='ltr'><strong>gusti</strong></span> <span class='ocrx_word' id='word_1_353' title='bbox 1341 3265 1490 3308; x_wconf 88' lang='lat' dir='ltr'><strong>laudes</strong></span> <span class='ocrx_word' id='word_1_354' title='bbox 1521 3263 1717 3307; x_wconf 84' lang='lat' dir='ltr'><strong>carmine</strong></span> <span class='ocrx_word' id='word_1_355' title='bbox 1764 3259 2038 3316; x_wconf 86' lang='lat' dir='ltr'><strong>complexum</strong></span> 
     </span>
     <span class='ocr_line' id='line_1_62' title="bbox 1190 3323 2038 3387; baseline -0.011 -14"><span class='ocrx_word' id='word_1_356' title='bbox 1190 3332 1319 3376; x_wconf 88' lang='lat' dir='ltr'><strong>fuisse</strong></span> <span class='ocrx_word' id='word_1_357' title='bbox 1338 3365 1350 3387; x_wconf 89' lang='lat'>,</span> <span class='ocrx_word' id='word_1_358' title='bbox 1378 3341 1423 3375; x_wconf 86' lang='lat' dir='ltr'><strong>et</strong></span> <span class='ocrx_word' id='word_1_359' title='bbox 1452 3330 1593 3387; x_wconf 88' lang='lat' dir='ltr'><strong>aliqua</strong></span> <span class='ocrx_word' id='word_1_360' title='bbox 1616 3338 1738 3386; x_wconf 89' lang='lat' dir='ltr'><strong>parte</strong></span> <span class='ocrx_word' id='word_1_361' title='bbox 1759 3344 1813 3371; x_wconf 85' lang='lat' dir='ltr'><strong>eo</strong></span> <span class='ocrx_word' id='word_1_362' title='bbox 1833 3325 1967 3370; x_wconf 86' lang='lat' dir='ltr'><strong>modo</strong></span> <span class='ocrx_word' id='word_1_363' title='bbox 1984 3323 2038 3365; x_wconf 85' lang='lat' dir='ltr'><strong>il-</strong></span> 
     </span>
     <span class='ocr_line' id='line_1_63' title="bbox 1190 3392 1862 3441; baseline -0.009 -1"><span class='ocrx_word' id='word_1_364' title='bbox 1190 3397 1285 3441; x_wconf 89' lang='lat' dir='ltr'><strong>lum</strong></span> <span class='ocrx_word' id='word_1_365' title='bbox 1311 3397 1490 3440; x_wconf 86' lang='lat' dir='ltr'><strong>donasse</strong></span> <span class='ocrx_word' id='word_1_366' title='bbox 1522 3392 1862 3438; x_wconf 85' lang='lat' dir='ltr'><strong>immortalitate.</strong></span> 
     </span>
    </p>

    <p class='ocr_par' dir='ltr' id='par_1_17' title="bbox 1246 3455 2038 3514">
     <span class='ocr_line' id='line_1_64' title="bbox 1246 3455 2038 3514; baseline -0.009 -13"><span class='ocrx_word' id='word_1_367' title='bbox 1246 3461 1313 3513; x_wconf 74' lang='lat'><strong>67.</strong></span> <span class='ocrx_word' id='word_1_368' title='bbox 1335 3463 1476 3503; x_wconf 80' lang='lat' dir='ltr'><strong>Vates.</strong></span> <span class='ocrx_word' id='word_1_369' title='bbox 1500 3459 1572 3502; x_wconf 89' lang='lat' dir='ltr'><strong>Tu</strong></span> <span class='ocrx_word' id='word_1_370' title='bbox 1587 3458 1659 3514; x_wconf 91' lang='lat' dir='ltr'><strong>qui</strong></span> <span class='ocrx_word' id='word_1_371' title='bbox 1677 3473 1721 3500; x_wconf 89' lang='lat' dir='ltr'><strong>es</strong></span> <span class='ocrx_word' id='word_1_372' title='bbox 1738 3455 1926 3511; x_wconf 81' lang='lat' dir='ltr'><strong>optimus</strong></span> <span class='ocrx_word' id='word_1_373' title='bbox 1939 3466 2038 3507; x_wconf 88' lang='lat' dir='ltr'><strong>poe-</strong></span> 
     </span>
    </p>
   </div>
  </div>
 </body>
</html>
