2280 3776
253 285 363 354 426

716 290 779 342 P.
835 290 1137 344 OVIDII
1187 291 1573 351 NASONIS

330 405 537 484 Nempe
567 419 742 464 tamen
776 404 941 465 vitam
973 421 1166 488 captus
1194 407 1263 468 ab
1296 407 1457 469 hoste
1485 410 1628 472 tulit.

247 497 347 558 Ille
375 500 653 579 Syracosia
682 500 850 560 modo
878 501 1201 563 formidatus
1233 503 1288 563 in
1315 505 1466 565 'urbe
1486 553 1501 578 ‚

334 598 437 656 vix
469 596 662 655 humili
696 597 887 658 duram
914 599 1158 682 reppulit
1185 616 1297 662 arte
1327 602 1540 664 famem.
1971 625 2027 681 40

250 694 405 773 Quid
437 694 614 753 fuerat
643 695 851 771 Magno
878 696 1094 776 majus?
1126 712 1302 758 tamen
1332 697 1424 758 ille
1451 701 1666 779 rogavit

328 790 614 850 Submissa
641 790 857 868 fugiens
886 816 1017 852 voce
1047 793 1260 854 clientis
1290 820 1489 878 opem:

247 888 462 970 Cuique
489 889 607 948 viro
638 904 790 950 totus
821 905 1086 950 terrarum
1119 893 1304 974 paruit
1332 894 1513 966 orbiS‚
1575 962 1579 971 Ι

326 984 557 1063 Indigus
591 986 819 1046 effectus
852 987 1111 1048 omnibus
1141 989 1258 1071 ipse
1287 989 1479 1067 magis.

245 1077 344 1138 Ille
371 1081 714 1158 Jugurthino
745 1080 950 1155 claruS‚
986 1083 1327 1166 Cimbroque
1358 1085 1669 1170 triumpho,
1930 1163 1932 1167 y
1971 1104 2025 1160 45

328 1178 459 1256 Quo
488 1179 682 1239 victrix
714 1180 880 1240 toties
911 1180 1134 1241 consule
1163 1184 1341 1242 Roma
1368 1182 1507 1253 fuit,

241 1275 306 1332 In
336 1297 491 1334 coeno
521 1274 684 1335 latuit
713 1277 928 1337 Marius
947 1323 962 1348 ,
999 1300 1283 1360 cannaque
1315 1277 1550 1360 palustri
1568 1325 1584 1351 ‚

323 1369 562 1430 Pertulit
589 1386 644 1431 et
674 1386 828 1431 tanto
856 1371 1030 1433 multa
1057 1372 1315 1456 pudenda
1343 1375 1481 1434 viro·

241 1466 411 1526 Ludit
433 1467 489 1526 in
519 1467 775 1545 humanis
801 1468 986 1529 divina
1013 1469 1263 1552 potentia
1290 1467 1492 1538 rebus,

317 1565 393 1622 Et
423 1580 623 1624 certam
646 1588 886 1647 praesens
917 1567 1006 1626 vix
1034 1567 1204 1628 habet
1228 1567 1365 1628 hora
1395 1566 1578 1627 fidem.
1967 1586 2022 1627 50

237 1658 395 1718 Litus
425 1660 493 1720 ad
523 1661 834 1734 Euxinum,
869 1663 915 1722 si
946 1662 1070 1746 quis
1099 1663 1236 1723 mihi
1266 1663 1468 1725 diceret
1486 1710 1502 1736 ‚
1535 1662 1674 1735 ibis,

312 1759 388 1816 Et
415 1773 622 1818 metues
653 1784 781 1820 arcu
809 1785 876 1821 ne
903 1761 1096 1822 feriare
1133 1762 1312 1834 Getae;

283 1917 350 1959 38.
386 1901 502 1959 Tulit
514 1921 660 1960 vitam.
683 1919 799 1962 Vitae
811 1919 1084 1964 beneficium

1222 1921 1289 1974 43.
1323 1921 1478 1975 Cuique
1518 1923 1620 1961 viro.
1658 1917 1891 1962 Distichon
1932 1919 2016 1963 hoc

235 1983 562 2038 accepit—Ab
585 1987 714 2027 hoste.
739 1985 778 2027 A
805 1985 926 2044 Cyro
944 2018 956 2039 ,
975 1987 1089 2030 Per-
1167 1986 1329 2030 nullius
1360 1986 1489 2042 pretii
1521 1994 1567 2028 et
1593 1986 1879 2042 nugatorium
1909 2002 2012 2030 meo

237 2062 385 2090 sarum
406 2063 523 2105 rege.

290 2114 356 2171 39.
386 2115 468 2155 Ille
499 2114 725 2172 Syracusio
740 2116 1085 2171 modosormida-

231 2186 301 2221 lus
311 2183 356 2221 in
370 2179 747 2238 urbe.Dionysium
761 2181 915 2225 Sicilia:
931 2191 1058 2242 tyran
1067 2207 1084 2214 ·

231 2262 344 2289 num
365 2246 469 2289 dicit
482 2278 494 2301 ‚
512 2246 657 2290 virum
673 2248 796 2290 omni
809 2248 1081 2304 turpitudine

228 2311 469 2368 repletum:
485 2312 559 2368 qui
573 2313 797 2371 Syracusis
807 2314 970 2370 pulsus,
995 2313 1082 2358 Co-

234 2375 373 2420 rinthi
389 2376 545 2420 ludum
560 2377 731 2435 aperuit
743 2411 754 2432 ,
772 2394 819 2422 ac
837 2395 996 2434 pueros
1010 2379 1084 2423 do-

230 2443 343 2497 cuit,
361 2443 507 2500 sicque
523 2444 710 2501 imperio
730 2460 879 2488 carere
899 2462 991 2488 non
1008 2462 1083 2502 po-

231 2508 328 2553 tuit.
347 2509 418 2552 De
446 2526 500 2552 eo
525 2509 620 2567 lege
650 2509 880 2553 Justinum
899 2511 945 2553 in
969 2511 1081 2554 libro

229 2575 355 2617 XIX.
374 2595 430 2606 ·-
454 2576 681 2632 Syracusia
708 2578 817 2618 urbe.
839 2576 1075 2633 Syracosia,

236 2637 322 2683 dixi
342 2639 413 2682 lib.
438 2640 506 2682 VI
519 2671 531 2692 ,
546 2639 659 2682 Fast.
677 2656 754 2695 277
773 2657 785 2690 ;
806 2639 895 2682 duo
915 2649 1082 2684 veteres

233 2703 447 2761 Syracusa
458 2735 470 2754 ‚
490 2703 624 2747 etiam
637 2703 764 2747 bene.
777 2704 836 2746 H.

286 2772 336 2824 41
343 2803 353 2813 .
368 2771 485 2824 Quid
474 2770 789 2826 fuerutstlagno
795 2771 947 2826 majus.
955 2772 1085 2815 Pom-

232 2835 320 2892 peii
338 2835 472 2879 etiam
506 2837 703 2893 exemplo
728 2835 945 2890 ostendit,
979 2837 1083 2879 for-

233 2909 389 2944 tunam
405 2902 451 2945 in
467 2902 597 2946 rebus
615 2901 819 2947 omnibus
834 2901 1051 2944 dominari
1069 2935 1081 2956 ,

231 2982 314 3009 nec
338 2967 571 3023 quicquam
601 2967 708 3011 certi
739 2983 829 3011 esse
862 2967 908 3010 in
932 2967 1082 3011 homi-

229 3044 340 3085 num
358 3029 522 3073 vita.--
549 3031 705 3075 Tamen
721 3033 794 3074 ille
805 3035 977 3086 rogavit.
997 3031 1083 3074 Ta-

228 3108 331 3136 men
349 3094 438 3150 ipse
453 3095 706 3151 Pompeius,
727 3104 824 3151 post
836 3094 1004 3138 cladem
1021 3110 1082 3138 ac-

227 3166 398 3212 ceptam
412 3159 457 3202 in
473 3159 634 3216 campis
656 3159 911 3204 Pharsalicis
931 3176 955 3203 a
973 3158 1076 3204 Cae-

227 3239 346 3277 sare,
378 3224 424 3267 in
447 3226 691 3285 AEgyptum
711 3228 847 3285 sugit,
870 3227 921 3273 ad
950 3242 1080 3284 opem

227 3287 455 3333 Ptolaemei
487 3292 598 3346 regis
614 3325 626 3346 ,
660 3293 784 3349 cujus
819 3301 996 3350 patrem:
1032 3292 1079 3337 in

226 3354 473 3399 clientelam
499 3366 746 3413 susceptum
775 3391 786 3412 ,
823 3359 971 3403 multis
989 3358 1079 3403 be-

228 3420 393 3465 neficiis
413 3420 727 3466 conciliaverat.

1166 2049 1358 2105 periculo
1379 2049 1588 2105 ejiciatur.
1610 2049 1671 2092 H.
1700 2048 1898 2106 Optime.

1219 2115 1287 2167 45.
1298 2115 1635 2169 Ille-Iugurthino
1647 2117 1802 2158 clarus.
1813 2114 2014 2157 Marium

1165 2175 1389 2233 intelligit,
1405 2177 1480 2233 qui
1500 2178 1685 2220 obscuro
1706 2193 1867 2233 genere
1889 2186 2011 2221 ortus

1164 2241 1212 2283 in
1232 2242 1327 2286 vico
1342 2241 1574 2299 Arpinati,
1591 2242 1820 2298 praeclarus
1836 2242 1924 2284 fuit
1939 2243 2016 2285 im-

1164 2317 1356 2363 perator,
1372 2317 1417 2351 et
1425 2309 1455 2351 J
1459 2308 1694 2366 ugurtham
1710 2308 1932 2352 Numidiae
1946 2325 2017 2352 re-

1164 2388 1263 2428 gem
1286 2372 1455 2416 devicit.
1479 2373 1564 2416 Sex
1594 2372 1873 2427 consulatus,
1897 2372 2015 2429 quod

1163 2452 1297 2480 nemo
1316 2434 1447 2491 alius,
1469 2437 1612 2494 gessit.
1644 2438 1803 2481 Postea
1836 2454 1860 2482 a
1893 2438 2012 2497 Sylla

1162 2501 1310 2560 pulsus
1323 2501 1375 2547 ex
1390 2503 1500 2548 urbe
1515 2536 1526 2558 ,
1549 2503 1595 2547 in
1618 2504 1919 2548 Minturnensi
1938 2520 2015 2561 pa-

1160 2569 1263 2613 lude
1295 2569 1480 2615 delituit.
1501 2594 1556 2603 —
1592 2573 1834 2628 Cimbroque
1868 2575 2016 2614 inum—

1155 2639 1255 2691 pbo.
1273 2635 1445 2680 Cimbri
1458 2638 1607 2694 populi
1620 2637 1747 2682 fuere
1762 2637 2014 2683 Germano-

1162 2720 1262 2746 rum
1284 2720 1293 2747 :
1335 2704 1381 2748 hi
1403 2720 1542 2761 quum
1563 2706 1871 2748 Romanorum
1902 2704 2012 2747 fines

1160 2769 1446 2824 invaderent,
1483 2786 1532 2814 ae
1563 2786 1723 2828 magna
1756 2769 1876 2814 clade
1910 2768 2012 2825 pri-

1161 2851 1287 2878 mum
1315 2835 1539 2879 Romanos
1554 2834 1811 2879 adfecissent
1826 2867 1836 2884 ‚
1866 2850 1890 2876 a
1907 2834 2012 2876 Ma-

1160 2901 1227 2943 rio
1242 2900 1288 2942 in
1303 2899 1426 2944 Italia
1441 2899 1488 2943 in
1507 2914 1662 2956 campo
1688 2897 1861 2942 Caudio
1876 2897 2009 2941 deleti

1159 2975 1289 3018 sunt3
1324 2975 1374 3009 ut
1396 2964 1549 3008 Florus
1576 2980 1625 3008 ac
1646 2963 1814 3008 Plinius
1837 2964 2008 3008 docent.

1214 3034 1278 3086 47.
1307 3032 1360 3073 In
1375 3045 1489 3072 cauo
1511 3030 1680 3072 Marius
1687 3030 1844 3083 jacuit.
1861 3030 2013 3073 Latuit

1159 3096 1325 3138 Marius
1345 3102 1533 3150 quatuor
1554 3103 1722 3137 veteres
1741 3110 1751 3137 ε
1774 3092 1903 3150 paulo
1933 3109 2009 3136 re-

1159 3159 1280 3203 ctius.
1305 3159 1367 3202 H.
1388 3159 1558 3204 Marius
1580 3159 1627 3203 in
1647 3158 1891 3216 Campania
1907 3157 2009 3201 deli-

1158 3227 1242 3270 tuit
1260 3226 1307 3270 in
1327 3225 1433 3269 limo
1449 3259 1461 3280 ‚
1493 3235 1539 3270 et
1559 3227 1604 3271 in
1626 3225 1852 3282 paludibus
1875 3224 2004 3267 Min—

1159 3303 1394 3337 turnarum
1410 3327 1423 3348 ,
1437 3310 1575 3350 quum
1595 3293 1728 3352 Syllae
1746 3292 1913 3336 rabiem
1935 3288 2005 3333 ef-

1156 3359 1340 3416 fugeret.
1966 3417 1976 3427 ·

1213 3428 1275 3467 52.
1306 3423 1427 3466 Arcu
1461 3426 1587 3467 Geta.
1620 3423 1736 3479 Lege
1773 3423 1905 3464 Geta.-
1943 3434 2002 3461 sic
