2280 3776
447 253 558 308 EX
597 253 906 309 PONTO
948 255 1113 310 LIB.
1158 256 1243 311 11.
1288 256 1562 312 EPIST.
1607 261 1797 317 VIII.
1906 265 2005 319 351

240 367 343 428 Est
371 366 578 451 aliquid
609 383 853 452 spectare
884 370 1063 442 DeOS,
1097 386 1149 432 et
1175 371 1364 433 adesse
1391 387 1614 456 putare,

321 465 396 524 Et
425 465 579 548 quasi
607 489 730 525 cum
756 489 883 526 vero
914 466 1137 527 numine
1168 491 1332 550 posse
1364 466 1536 553 loqui.
1902 525 1904 527 ,
1966 508 2014 534 ιο

242 559 467 619 Praemia
495 574 694 643 quanta
712 606 727 632 ,
757 559 897 622 Dei!
928 584 1027 622 nec
1053 586 1136 622 me
1170 577 1315 623 tenet
1342 563 1539 624 ultima
1572 563 1771 628 tellus:

322 659 509 741 thue
533 659 712 742 prius,
744 658 921 720 media
952 682 1145 741 sospes
1172 659 1227 719 in
1259 662 1396 721 urbe
1425 686 1626 724 moror.

242 754 515 817 Caesareos
543 756 700 817 video
731 755 916 817 vultus
934 802 948 828 ,
982 754 1129 818 velut
1157 771 1281 818 ante
1310 758 1561 821 videbam
1586 785 1600 821 ε

320 852 427 914 Vix
456 853 623 936 hujus
652 853 765 915 voti
794 877 919 938 spes
949 853 1057 914 fuit
1085 851 1197 914 ulla
1226 853 1393 915 mihis

240 949 427 1032 thue
459 949 790 1024 salutabam,
818 974 1021 1011 numen
1051 950 1257 1013 caeleste
1288 950 1467 1012 saluto
1495 977 1508 1012 ε
1969 975 2017 1015 ι5

178 1034 180 1037 ’
321 1045 494 1125 Quod
521 1046 976 1120 reducitribuas,
1006 1046 1115 1118 nil,
1145 1062 1282 1132 puto
1302 1094 1316 1119 ,
1346 1047 1522 1129 majus
1552 1048 1739 1111 habes.

241 1138 393 1219 Quid
424 1141 629 1203 nostris
660 1141 868 1215 oculiS,
899 1141 1008 1203 nisi
1037 1140 1153 1203 sola
1184 1141 1385 1226 palatia
1416 1143 1657 1205 desunt?

317 1235 437 1315 Qui
468 1235 621 1298 locus
642 1285 657 1310 ,
687 1237 872 1299 ablato
904 1239 1143 1309 Caesare‚
1178 1238 1298 1300 vilis
1325 1241 1445 1302 erit.

241 1330 404 1391 Hunc
435 1355 536 1411 ego
570 1355 740 1415 quum
769 1348 1008 1417 spectem
1029 1381 1043 1407 ,
1076 1334 1265 1396 videor
1294 1335 1430 1396 mihi
1460 1360 1678 1399 cernere
1709 1339 1975 1400 Romam:

319 1430 460 1490 Nam
488 1429 676 1513 patriae
706 1431 897 1492 faciem
931 1432 1167 1494 sustinet
1197 1432 1287 1494 ille
1318 1457 1444 1494 suae.
1968 1466 2019 1497 αι»

239 1523 468 1588 Fallor?
499 1551 566 1589 an
594 1528 716 1590 irati
748 1530 885 1590 mihi
912 1544 1040 1590 sunt
1067 1529 1123 1590 in
1155 1530 1389 1609 imagine
1417 1530 1631 1604 vultuS,

319 1623 615 1709 Torvaque
643 1627 832 1687 nescio
866 1627 998 1711 quid
1030 1626 1204 1689 forma
1234 1627 1495 1687 minantis
1517 1626 1730 1688 habet?

239 1721 439 1794 Parce,
465 1722 549 1783 vir
577 1723 844 1785 immenso
878 1725 1054 1807 major
1082 1724 1383 1785 virtutibus
1414 1724 1549 1785 orbe
1567 1772 1582 1796 ,

317 1820 354 1878 J
359 1833 589 1904 ustaque
618 1821 871 1883 vindictae
901 1822 1183 1905 supprime
1214 1820 1325 1883 lora
1358 1836 1479 1881 tuae.

237 1916 431 1989 Parce,
460 1940 687 1999 precor,
720 1916 861 1979 saecli
889 1918 1052 1978 decus
1083 1916 1374 1978 indelebile
1405 1916 1614 1988 nostri3
1962 1940 2014 1979 αῖ.

290 2101 355 2129 n.
389 2085 599 2140 Quantum
619 2087 684 2129 ad
700 2101 765 2129 me
773 2088 890 2130 redii.
912 2085 1081 2131 Decem

235 2158 403 2196 veteres
431 2166 532 2207 quos
549 2159 771 2207 postquam
802 2153 917 2203 ve'de'‚·
946 2151 1083 2207 quin-

236 2233 322 2273 que
349 2233 441 2262 esse
466 2218 572 2262 liber
594 2220 737 2262 videor
764 2234 776 2260 ‚⁰
804 2216 894 2260 duo
915 2220 1081 2273 quando

235 2285 298 2326 ad
311 2297 375 2326 me
393 2283 509 2327 redii.
538 2281 742 2327 Politiani
763 2281 897 2325 codex
909 2286 1084 2338 praemt'a

235 2355 416 2402 quanta,
447 2345 559 2392 Dei!
591 2346 824 2403 eleganter.
857 2347 1082 2390 Sarravia-

236 2428 319 2456 nus
351 2414 520 2467 Quanta
539 2415 712 2465 mereari,-
745 2411 954 2456 mendose
976 2428 986 2455 :
1013 2412 1083 2456 alii

237 2480 373 2525 aliter.
394 2480 454 2524 H.

295 2561 311 2589 ι
319 2545 474 2588 &Ante
484 2547 687 2589 videbam.
699 2545 890 2587 Solebam
900 2543 929 2585 J
934 2542 1081 2586 unian.

295 2613 358 2655 15.
394 2613 455 2655 Ut
471 2614 724 2654 salutabam.
750 2610 815 2654 Ut
842 2619 1077 2665 antequam

237 2676 455 2734 relegarer
469 2709 480 2730 ,
521 2676 669 2719 solitus
706 2691 826 2718 eram
863 2675 916 2717 de
953 2690 1078 2718 more

236 2757 368 2785 mane
401 2741 586 2784 salutare
613 2756 623 2783 ε
657 2739 776 2796 quod
800 2738 896 2781 fieri
917 2739 1079 2782 solebat

239 2806 379 2863 prima
415 2801 463 2850 et
490 2804 680 2849 secunda
702 2804 818 2847 bora.
840 2827 894 2835 —
916 2805 1080 2846 Numen

236 2873 407 2915 celeste.
428 2871 676 2927 Augustum
699 2869 860 2912 Deum.

297 2949 358 2992 17.
391 2937 508 2990 Quid
525 2939 682 2979 nostris
706 2938 841 2978 oculis·
873 2939 960 2977 nise·
985 2936 1081 2976 sola

232 3003 400 3054 palatia
429 3002 590 3044 desunt.
626 2999 730 3042 Duo
765 3002 903 3043 desint
923 3015 937 3040 ς
968 3014 1080 3042 unus

241 3062 422 3108 Medon.
453 3067 564 3108 desit
584 3082 598 3108 .·
616 3065 752 3108 scribe
774 3066 898 3121 α’ςχῐη
924 3065 965 3105 V
970 3063 1079 3120 irgil.

241 3127 388 3184 Eclog.
411 3129 480 3183 11,
501 3146 610 3182 yers.
629 3147 692 3174 aa.
707 3147 730 3167 ε(
754 3129 839 3173 Lac
858 3128 967 3171 mihi
986 3143 1080 3172 non

237 3202 382 3236 aestate
391 3209 571 3248 novum,
585 3211 666 3236 nec
679 3193 841 3249 frigore
854 3192 971 3236 defit.
988 3211 1009 3230 »
1020 3191 1080 3234 H.

296 3261 355 3303 18.
386 3260 546 3302 Ablata
582 3261 758 3302 Caesare.
786 3258 951 3301 Amoto
984 3258 1082 3300 Au-

236 3335 359 3383 gusto
371 3358 382 3380 ,
408 3326 530 3381 cujus
541 3326 765 3384 praesentia
784 3325 982 3368 nobilitat
995 3325 1080 3369 Ro-

238 3407 366 3434 mana
387 3392 564 3448 palatia,
582 3396 640 3435 ‘et
661 3401 796 3435 totam
817 3391 985 3435 urbem.

1218 2100 1286 2127 οι.
1315 2084 1367 2126 In
1396 2087 1588 2139 thaleae.
1623 2085 1694 2128 Ab
1717 2088 1899 2141 chagrine
1932 2086 2016 2129 Ar-

1164 2157 1282 2205 gent.

1221 2234 1286 2259 22.
1304 2218 1517 2260 M’nautis
1529 2218 1667 2260 habet.
1690 2219 1878 2261 minacis
1900 2234 2015 2262 unus

1165 2284 1329 2328 Medic.
1354 2285 1414 2327 H.

1220 2350 1285 2402 24.
1315 2350 1528 2403 Supprime
1535 2348 1775 2403 soenasstuae.
1797 2350 1912 2392 Lora
1933 2349 2015 2392 Po·

1165 2413 1225 2456 lit.
1243 2422 1286 2455 et
1308 2413 1502 2469 quinque
1525 2413 1608 2456 alii.
1624 2437 1678 2445 —
1692 2414 2012 2469 Supprimesr‘e-

1164 2496 1234 2522 aa.
1247 2478 1414 2523 Coerce
1427 2478 1696 2525 iracundiam
1715 2489 1832 2522 tuam
1848 2496 1931 2535 qua
1946 2479 2013 2522 vi-

1164 2542 1277 2586 deris
1321 2543 1596 2588 exardescere
1627 2543 1682 2587 ad
1714 2560 1784 2587 me
1818 2544 2013 2587 acerbius

1165 2608 1454 2664 puniendum.
1478 2609 1529 2652 P.

1215 2676 1279 2718 25.
1310 2675 1444 2718 Parce
1455 2690 1574 2729 puer.
1596 2678 1719 2718 secli
1735 2677 1862 2716 decus
1874 2676 2011 2716 admi-

1159 2741 1292 2781 rabile
1331 2744 1473 2782 nostri.
1506 2741 1639 2783 Parce
1656 2771 1667 2793 ,
1691 2756 1862 2794 precor,
1898 2754 2011 2782 unus

1162 2802 1284 2846 Voss.
1302 2804 1435 2859 probe
1456 2819 1466 2846 z
1484 2804 1573 2847 duo
1590 2805 1728 2849 nostri
1747 2810 1788 2849 τὸ
1796 2821 1905 2858 puer
1918 2819 2011 2846 non

1161 2877 1430 2924 agnoscunt:
1463 2870 1568 2914 alius
1590 2872 1702 2922 Per,·
1738 2880 1784 2913 et
1809 2886 1910 2913 sane
1937 2886 2009 2913 se-

1161 2936 1340 2990 quentia
1377 2936 1478 2978 satis
1508 2937 1718 2979 evincunt
1747 2935 1800 2978 ad
1843 2938 2007 2991 Augu-

1161 3008 1275 3042 stum
1301 2999 1392 3043 baec
1420 3017 1510 3043 esse
1536 3000 1775 3044 referenda
1791 3034 1803 3053 ,
1839 3016 1929 3043 non
1953 2999 2007 3042 ad

1163 3065 1388 3108 Tiberium
1408 3098 1420 3117 ‚
1437 3081 1568 3121 quem
1587 3075 1735 3122 postea
1756 3075 1820 3110 est
1840 3066 2010 3108 adlocu-

1162 3139 1297 3173 turus.
1317 3129 1510 3187 Scaliger
1530 3132 1813 3185 conjiciebat,
1845 3132 2003 3180 Parce,

1153 3206 1278 3252 pater
1291 3213 1304 3238 :
1326 3213 1468 3252 neque
1491 3196 1615 3240 aliter
1632 3198 1675 3240 in
1695 3196 1895 3254 Epistolis
1915 3196 2008 3239 Ta-

1160 3261 1374 3318 naquillus
1393 3263 1546 3305 Faber.
1578 3263 1752 3306 Deinde
1778 3266 1903 3306 decus
1935 3266 2006 3303 in-

1159 3331 1332 3370 delebile
1342 3327 1648 3384 reponendum
1670 3345 1721 3371 ex
1738 3327 2004 3377 melioribus,

1161 3391 1243 3435 nisi
1276 3392 1393 3448 quod
1414 3393 1589 3437 Sarrav.
1620 3392 1827 3448 Scaliger,
1850 3400 1896 3434 et
1916 3391 2006 3433 duo
