2280 3776
471 287 536 341 P.
579 282 1052 341 BURMANNUS
1091 285 1164 339 T.
1210 283 1262 338 A
1303 284 1814 343 VELTHUISFN.
1933 290 2038 367 493

258 407 377 465 Nos
407 427 626 488 quoque
648 450 664 476 ,
693 402 906 464 Nasoni
937 401 1186 463 studiosa
1219 416 1455 475 caterva,
1483 403 1698 485 poetae,'
1990 425 2040 466 25

338 500 552 561 Ibimus
583 500 641 559 in
670 498 863 560 laudes
895 499 1230 581 obsequiosa
1261 513 1396 560 tuas.

259 598 348 657 Tu
377 597 571 668 modo,
601 619 762 679 quem
791 594 1044 678 lacrymis
1076 595 1257 656 Caesar
1285 595 1650 680 precibusque
1678 597 1897 676 negavit

339 694 569 754 Ferreus
589 738 604 765 ,
637 691 886 775 auspicio
912 691 1007 752 des
1038 690 1267 752 meliore
1296 691 1497 753 locum.

262 791 450 853 Pande
470 838 484 863 ,
515 813 743 874 precor,
783 804 960 863 tutos,
990 789 1244 850 viridaria
1274 788 1419 851 culta
1441 838 1455 862 ,
1485 814 1730 853 recessus
1750 840 1765 867 ,

343 890 418 949 Et
440 902 646 950 recreet
673 887 894 966 longam
923 885 1102 948 laetior
1128 886 1322 947 umbra
1349 886 1536 967 fugam
1562 912 1575 948 ε
1992 910 2046 951 30

263 986 342 1047 Te
373 984 599 1059 domus,
632 982 914 1046 exsulibus
950 1007 1164 1069 semper
1192 998 1460 1056 reserata,
1491 984 1711 1045 Thuani

343 1078 611 1163 Exemplo
640 1093 887 1151 moveat,
917 1078 1002 1139 vir
1030 1101 1291 1158 generose
1310 1125 1324 1149 ,
1357 1102 1477 1139 suo.

263 1177 539 1262 Principis
567 1178 660 1239 hic
689 1177 895 1238 rabiem
917 1224 931 1250 ,
960 1176 1258 1261 patriaeque
1286 1177 1520 1237 immane
1551 1200 1795 1239 novercae

343 1278 493 1337 Dum
519 1276 721 1350 sceluS,
754 1290 808 1337 et
833 1275 938 1336 diri
967 1275 1194 1337 carceris
1222 1289 1375 1337 antra
1402 1274 1575 1354 fugit,

267 1374 524 1446 Grotius,
558 1371 646 1433 ille
674 1371 802 1456 lyrae
831 1372 995 1432 decus
1020 1371 1357 1445 immortale,
1391 1386 1642 1455 togaeque
1995 1392 2047 1435 35

345 1471 537 1542 Fama,
565 1467 838 1552 peregrini
866 1467 1037 1528 sensit
1065 1467 1268 1527 amoris
1297 1488 1475 1550 opem.

266 1567 560 1640 HeinsiuS,
593 1580 658 1627 ut
684 1565 936 1650 profugis
967 1565 1059 1649 pia
1090 1579 1231 1626 tecta
1259 1580 1445 1648 patere
1475 1564 1658 1648 poetis

350 1664 560 1736 Sensit,
591 1678 646 1725 et
674 1662 764 1723 hic
794 1661 1006 1723 miseris
1038 1664 1150 1723 otia
1180 1662 1300 1723 laeta
1331 1662 1444 1723 dari
1470 1709 1485 1733 ,

272 1759 502 1839 Colligit
528 1783 556 1820 e
587 1759 857 1844 Scythicis
884 1760 1092 1821 cineres
1122 1759 1358 1820 Nasonis
1386 1758 1596 1831 arenis,

353 1860 527 1941 Inque
555 1858 853 1917 Thuaneos
885 1856 1188 1917 transvehit
1218 1880 1340 1916 ossa
1371 1854 1526 1916 lares.
2000 1872 2056 1926 40

271 1954 346 2013 Et
370 1954 576 2012 Batavo
606 1952 823 2012 socians
848 1951 1064 2029 Peligni
1094 1951 1238 2011 ruris
1270 1950 1583 2021 alumnum,

320 2053 478 2112 ‘Fert
505 2050 643 2111 bene
675 2050 988 2133 composito
1019 2050 1205 2110 debita
1230 2050 1375 2131 justa
1404 2049 1553 2132 pari:

2 2148 8 2241 i
269 2151 559 2231 Doctaque
576 2195 591 2219 ,
624 2172 692 2209 ne
723 2162 991 2231 premeret
1018 2170 1207 2207 manes
1235 2170 1335 2229 per
1361 2144 1541 2206 secula
1572 2135 1773 2206 crimen
1792 2192 1807 2217 ,

352 2243 493 2303 Mite
518 2242 883 2327 patrocinium
914 2266 1023 2302 vox
1054 2242 1343 2323 utriusque
1376 2240 1545 2299 subit.

272 2339 358 2399 Sit
385 2338 513 2399 licet
538 2338 764 2399 inferior
793 2353 948 2398 tanto
978 2360 1096 2397 mea
1122 2360 1278 2397 musa
1306 2351 1496 2419 poeta,
2000 2354 2056 2409 45

356 2435 718 2518 Carminaque
748 2459 775 2495 e
806 2436 941 2495 vena
967 2435 1296 2517 pauperiore
1325 2433 1530 2506 fluant;

272 2535 361 2594 Tu
392 2549 573 2594 tamen
602 2532 982 2603 Heemstedio,
1016 2556 1179 2614 quam
1209 2533 1508 2591 Maecenate
1536 2530 1800 2603 Thuan0,

354 2630 588 2703 Laetior,
621 2653 648 2689 e
676 2628 933 2711 Scythico
962 2627 1191 2706 frigore,
1221 2629 1401 2700 Nas0,
1431 2626 1564 2688 redi.

277 2729 459 2809 Hujus
484 2742 548 2787 ut
575 2727 633 2786 in
661 2749 874 2786 sacrum
900 2725 1068 2785 fueris
1099 2724 1377 2808 penetrale
1407 2740 1661 2809 receptus
1677 2772 1691 2797 ,

357 2825 494 2884 Pars
520 2822 784 2884 exhausta
812 2820 894 2881 tui
920 2843 1114 2900 magna
1144 2820 1350 2881 laboris
1378 2821 1496 2883 erit.
1689 2842 1695 2846 ·
2002 2837 2057 2879 5ο

276 2922 364 2981 Tu
394 2919 559 2980 modo
589 2917 927 3002 squalenteS‚
963 2917 1144 2979 luctus
1171 2917 1438 2996 insignia,
1466 2932 1642 2978 vestes

247 3092 251 3095 ἡ
357 3017 542 3089 Pone,
570 3039 670 3076 nec
695 3014 925 3075 hirsutis
956 3014 1291 3097 conspiciare
1319 3015 1508 3075 comis.
1579 3090 1587 3095 ι

280 3110 540 3171 Criminis
567 3109 920 3170 Heemstedio
952 3109 1132 3182 demet
1161 3134 1355 3171 manus
1376 3108 1598 3193 auspice
1626 3122 1814 3169 nostra

359 3206 613 3266 Dedecus
631 3253 645 3279 ,
675 3206 732 3265 in
762 3207 969 3266 cineres
998 3205 1243 3266 officiosa
1266 3219 1407 3265 tuos.

281 3304 406 3362 Hoc
438 3301 574 3374 duce
595 3348 613 3373 ,
641 3301 772 3361 dum
796 3301 956 3362 tersis
986 3300 1228 3362 maculas
1256 3324 1388 3360 mea-
1405 3323 1535 3360 cura
1561 3298 1763 3362 libellis
2002 3316 2056 3356 55

362 3399 648 3469 Detrahit,
679 3398 961 3459 immunda
989 3398 1110 3459 labe
1140 3399 1348 3461 levatus
1378 3422 1482 3459 eas.
