2280 3776
518 307 1023 364 THEODORO
1063 309 1115 364 A
1153 309 1766 367 VELTHUISEN.

257 424 371 486 Cur
400 448 542 508 opus
571 424 840 495 adfectas,
873 425 1029 507 quod
1060 424 1243 503 legum
1271 427 1497 489 tetricus
1521 443 1712 490 auctor

340 520 628 591 Vindicat,
660 534 723 580 ut
752 519 965 603 populo
997 520 1249 582 consulat
1280 523 1396 606 ipse
1425 548 1543 586 suo.

260 615 432 695 Regis
462 616 530 678 ab
563 613 810 699 exemplo
841 632 1111 700 praecepta
1140 617 1379 680 salubria
1410 620 1591 703 pubes

345 711 612 784 Romula,
645 736 877 795 cumque
908 734 1054 776 nuru
1082 729 1255 775 mater
1280 715 1510 778 honesta
1538 734 1702 801 petat.

263 807 491 871 Exsulet
520 807 577 869 in
606 808 864 893 Scythico
897 810 1187 871 Romanus
1216 808 1376 873 litore
1404 828 1552 875 vates
1574 862 1589 887 ‚

347 907 518 969 Cedat
548 906 802 969 adulterii
830 907 1026 969 doctor
1054 908 1124 970 ab
1152 909 1291 970 urbe
1319 910 1424 992 pia.

264 1008 390 1068 Non
420 1006 560 1067 bene
588 1006 656 1067 ab
688 1006 882 1085 ignaro
910 1005 1201 1068 discuntur
1223 1021 1414 1090 stupra
1445 1024 1640 1091 poeta,

348 1105 494 1186 Qui,
526 1105 652 1188 quia
685 1128 800 1165 non
829 1104 1017 1174 novit,
1050 1104 1196 1165 furta
1228 1104 1424 1166 docere
1455 1107 1662 1191 nequit.

266 1198 429 1279 Legis
461 1197 621 1260 Iuleae
653 1200 832 1260 Caesar
861 1198 979 1260 sine
1008 1199 1237 1260 crimine
1264 1199 1492 1273 vindex,

185 1294 189 1299 ⁵
349 1295 555 1380 Aptior
582 1294 649 1354 ad
688 1295 909 1355 Veneris
942 1294 1136 1374 gaudia
1169 1295 1363 1357 doctor
1388 1298 1508 1358 erit.
1590 1347 1595 1353 .

268 1393 397 1454 Non
425 1391 585 1452 docet
616 1389 709 1450 ille
738 1390 903 1451 rudes
933 1392 1217 1453 custodem
1248 1391 1431 1454 fallere
1460 1409 1685 1467 matres,

353 1490 469 1550 Aut
494 1486 673 1568 vigilis
704 1512 886 1548 euram
918 1487 1165 1571 decipere
1193 1503 1308 1550 arte
1339 1489 1457 1549 viri.

274 1587 403 1646 Non
430 1585 522 1645 hic
550 1584 865 1657 blanditiis,
898 1608 1012 1644 non
1041 1609 1352 1667 expugnare
1377 1585 1588 1670 puellas

358 1686 618 1756 Munere,
650 1707 765 1744 non
799 1682 976 1744 doctis
1005 1682 1297 1745 sollicitare
1323 1684 1536 1756 modis;

277 1783 386 1845 Sed
416 1806 603 1866 rapere
634 1806 661 1842 e
694 1781 912 1861 gremiis
935 1796 1136 1864 nuptas
1163 1781 1445 1844 confessus
1476 1782 1689 1844 adulter

359 1882 629 1963 Imperat,
662 1893 718 1939 et
745 1902 926 1939 coram
952 1878 1179 1959 jungere
1204 1879 1445 1940 membra
1476 1881 1610 1941 viro.

277 1974 575 2038 Pellicibus
604 1974 778 2059 replet
808 1974 1002 2036 lasciva
1032 1976 1232 2059 palatia
1259 1977 1471 2047 Caesar‚

356 2070 564 2154 Turpia
593 2094 728 2153 quas
758 2084 966 2148 cogunt
993 2071 1141 2149 regia
1166 2071 1317 2153 jussa
1347 2071 1479 2155 pati.

275 2167 570 2252 Tarquinii
597 2166 782 2251 proles
810 2192 908 2229 eur
935 2168 1050 2229 haec
1077 2193 1193 2229 nou
1225 2184 1474 2252 tempora
1503 2170 1666 2242 vidit,

362 2266 642 2324 Roman'as
670 2261 826 2322 licuit
857 2264 983 2344 quis
1016 2277 1276 2324 temerare
1304 2266 1523 2324 nurus?

280 2362 428 2420 Tuta
457 2358 562 2419 sub
587 2360 844 2436 Augu-sto
876 2357 1093 2419 lascivia
1123 2374 1274 2420 tanta
1301 2359 1526 2431 fuisset,

366 2458 480 2516 Nec
510 2456 713 2539 patrias
739 2470 901 2516 natus
926 2456 1320 2539 praecipitasset
1351 2479 1501 2539 opes,

286 2556 496 2613 Lentus
524 2550 855 2612 adulterium
874 2598 890 2622 ‚
924 2566 985 2612 tu
1017 2551 1324 2623 Collati-ne,
1351 2551 1592 2624 videreS,

371 2653 444 2711 Et
470 2652 678 2711 veniam
708 2649 921 2723 sceleri,
950 2652 1124 2711 Brute
1152 2651 1334 2734 quiete
1355 2698 1370 2722 ‚
1404 2651 1576 2711 dares.

289 2748 455 2811 Nulla
486 2749 590 2809 sub
621 2750 728 2809 hoc
753 2748 987 2809 dubium
1013 2749 1175 2809 faciet
1195 2749 1450 2810 Lucretia
1476 2773 1744 2827 reguum,
1819 2827 1822 2832 ἢ

371 2848 664 2929 Raptaque
695 2869 933 2906 servares
964 2861 1204 2928 sceptra,
1235 2845 1498 2929 superbe,
1530 2869 1712 2905 manu.

294 2944 555 3005 Moribus
583 2944 671 3004 his
691 2991 706 3016 ‚
739 2945 987 3015 demens,
1018 2958 1162 3003 artes
1191 2944 1475 3026 componis
1500 2943 1748 3015 amandi,

376 3043 526 3102 Naso
544 3090 558 3113 ‚
590 3066 784 3126 patum
813 3042 940 3104 secli
969 3064 1141 3120 gnare·
1165 3057 1326 3126 poeta
1354 3041 1453 3101 tui.

298 3139 443 3218 Quis
472 3154 667 3222 stupor
693 3141 813 3212 hic,
844 3139 978 3200 nulli
1007 3165 1121 3200 non
1149 3141 1368 3218 cognita
1399 3139 1607 3200 tradere
1638 3140 1880 3201 chartis?

381 3239 575 3298 Peccat
606 3239 674 3298 ad
701 3239 1009 3321 exemplum·
1034 3262 1184 3299 cerea
1217 3239 1378 3299 turba
1409 3240 1579 3299 ducis,

302 3334 447 3415 Quis
473 3334 650 3394 media
681 3335 746 3394 de
774 3334 935 3418 plebe
962 3359 1130 3418 puer,
1161 3359 1280 3418 quae
1308 3336 1491 3414 virgo,
1521 3335 1605 3395 vel
1635 3360 1800 3403 uxor,

388 3431 528 3509 Quae
554 3430 735 3498 rudis,
769 3434 1027 3510 Augusto
1053 3455 1217 3509 regna
1248 3446 1494 3502 tenente,
1525 3431 1669 3492 fuit?

504 3554 651 3609 VII.
1667 3557 1733 3607 32

1967 645 2042 685 155

1979 1133 2052 1173 16⁰

1983 1610 2057 1651 165
