2280 3776
479 333 590 388 EX
632 333 942 389 PONTO
983 334 1142 389 LIB.
1188 334 1303 390 IV.
1348 332 1623 389 EPIST.
1669 336 1781 389 IX.

1912 335 2018 404 453

334 452 458 511 Eoo
490 450 705 534 quoties
730 450 907 529 surgit
936 449 1004 510 ab
1038 449 1169 510 orbe
1200 449 1331 510 dies.

253 549 396 608 Tota
416 595 430 620 ‚
461 547 582 609 licet
617 572 823 631 quaeras
846 595 860 619 ‚
890 548 997 607 hoc
1028 571 1112 607 me
1144 571 1255 607 non
1281 546 1484 628 fingere
1515 547 1687 620 dicet,

336 644 519 706 Officii
549 645 702 705 testis
728 645 955 705 Pontica
987 659 1129 704 terra
1156 644 1279 706 mei.

255 742 483 802 Pontica
511 741 814 816 metellus,
847 741 1066 826 quantis
1095 741 1196 803 hac
1227 765 1523 826 possumus
1553 765 1648 804 ora
1669 790 1683 815 ‚

1953 761 2028 803 1¹5

336 836 582 901 Natalem
613 838 758 899 ludis
789 838 891 898 scit
921 837 1192 899 celebrare
1219 839 1340 899 Dei.

253 936 366 998 Nec
393 937 574 997 minus
602 936 922 1020 hospitibus
947 936 1120 1019 pietas
1147 950 1230 997 est
1260 936 1478 1014 cognita
1510 934 1660 1008 talis,

335 1031 494 1092 Misit
521 1032 579 1092 in
605 1032 704 1093 has
737 1032 783 1093 si
814 1055 955 1115 quos
985 1031 1151 1111 longa
1186 1032 1487 1115 Propontis
1515 1055 1698 1115 aquas.

254 1127 309 1187 Is
340 1151 588 1211 quoque,
620 1153 730 1212 quo
763 1127 926 1189 laevus
954 1129 1130 1189 fuerat
1153 1128 1257 1189 sub
1288 1127 1519 1211 praeside
1544 1129 1757 1189 Pontus
1776 1174 1791 1201 ‚

332 1221 587 1283 Audierit
614 1222 780 1282 frater
807 1222 1037 1283 forsitan
1063 1223 1165 1283 ista
1192 1237 1336 1283 tuus.

1951 1252 2027 1283 ¹20

253 1317 497 1378 Fortuna
528 1332 610 1379 est
636 1317 813 1402 impar
841 1318 1053 1389 animo,
1090 1317 1293 1401 talique
1320 1318 1556 1379 libenter

334 1413 578 1492 Exiguas
608 1436 773 1496 carpo
804 1435 1024 1472 munere
1052 1435 1262 1495 pauper
1290 1436 1439 1496 opes.

254 1509 367 1570 Nec
394 1509 585 1570 vestris
615 1509 806 1571 damus
834 1509 948 1582 haec
981 1507 1154 1569 oculis
1173 1554 1188 1581 ,
1220 1506 1416 1591 procul
1444 1509 1584 1569 urbe
1613 1510 1807 1570 remoti
1831 1534 1843 1583 ;

339 1605 599 1667 Contenti
630 1606 791 1666 tacita
814 1605 907 1667 sed
938 1603 1138 1688 pietate
1167 1626 1374 1663 sumus,

257 1705 333 1763 Et
362 1717 542 1763 tamen
571 1703 682 1764 haec
715 1717 939 1783 tangent
968 1701 1266 1785 aliquando
1297 1700 1527 1762 Caesaris
1556 1724 1744 1762 aures:
1957 1719 2031 1761 ωε.

337 1798 431 1860 Nil
457 1798 613 1860 illum
633 1846 648 1872 ,
679 1814 797 1860 toto
825 1798 975 1882 quod
1003 1798 1067 1858 {it
1093 1798 1151 1857 in
1179 1797 1313 1857 orbe
1331 1843 1346 1869 ‚
1376 1791 1523 1857 latet.

256 1899 344 1957 Tu
375 1912 516 1959 certe
547 1897 653 1958 scis
681 1897 788 1958 hoc
815 1897 1041 1980 Superis
1066 1896 1294 1967 adscite,
1322 1894 1580 1977 videsque
1598 1942 1614 1968 ,

337 1993 545 2067 Caesar,
577 2008 641 2054 ut
668 2009 751 2054 est
777 1993 952 2055 oculis
980 1991 1202 2054 subdita
1231 2006 1373 2052 terra
1403 1990 1542 2052 tuis!

311 2173 401 2200 112.
431 2158 526 2201 Eoo
561 2161 695 2214 surgit
713 2160 768 2201 ab
788 2160 897 2201 orbe.
916 2158 988 2199 Ab
1016 2173 1099 2201 axe

256 2221 366 2266 liber
382 2221 536 2265 Servii.
556 2222 616 2265 H.

316 2302 333 2331 1
345 2285 406 2330 16.
420 2287 615 2330 Natalem
624 2287 748 2329 ludis.
765 2285 911 2329 Ludos
922 2285 992 2330 hic
1004 2286 1100 2329 Me·

257 2348 351 2393 rula
366 2350 540 2406 exponit
556 2349 693 2393 aleam
703 2383 715 2404 ,
735 2358 778 2393 et
793 2350 954 2394 similes
968 2350 1101 2395 lusus.

262 2415 358 2473 Ego
374 2429 479 2459 vero
498 2415 552 2459 de
573 2415 782 2459 athleticis
798 2448 809 2469 ,
828 2424 902 2459 aut
923 2417 1100 2475 gymni-

257 2482 331 2536 cis,
347 2490 421 2525 aut
436 2481 629 2534 scenicis,
645 2480 776 2524 etiam
798 2480 991 2537 intelligo
1005 2497 1106 2538 poe·

263 2554 351 2589 tam
371 2546 536 2590 dixisse.
549 2546 721 2588 M1CY1..

320 2629 336 2654 1
349 2627 406 2670 ¹9·
437 2613 484 2654 Is
512 2626 668 2666 quoque
690 2626 770 2666 quo
799 2609 1098 2665 Ioeoussuemt,

261 2682 337 2720 etc.
359 2677 425 2721 Ut
444 2675 735 2733 intelligamus
753 2691 880 2729 eum,
907 2675 979 2732 qui
1001 2675 1106 2718 Με-

264 2743 372 2786 siam
396 2739 588 2786 tenuerit
607 2758 617 2786 ε
636 2758 779 2798 neque
796 2741 916 2784 enim
938 2741 1108 2798 provin-

197 2828 200 2831 ·
263 2809 376 2852 ciam
399 2809 595 2852 Pontum
619 2808 796 2852 Flaccus
815 2841 826 2862 ,
845 2807 921 2851 sed
944 2806 1103 2852 laevum

264 2871 365 2917 litus
373 2873 544 2917 Pontici
557 2873 703 2926 maris,
717 2873 800 2916 hoc
811 2881 874 2916 est
890 2904 902 2925 ,
918 2871 1107 2915 confinia

267 2934 490 2981 Dacorum
519 2947 562 2982 et
581 2937 795 2981 Getarum
812 2970 823 2991 ,
843 2952 938 2993 quae
957 2937 1107 2981 Maesia

268 3008 362 3043 erat
375 3033 387 3055 ,
409 3001 461 3044 ad
475 3002 612 3059 ripam
633 3002 730 3046 Istri
742 3002 821 3046 sita
837 3000 999 3045 scilicet
1013 3033 1025 3055 ,
1042 3016 1108 3043 re-

269 3071 400 3106 xerat.
414 3065 516 3109 Jam
529 3074 573 3109 et
584 3066 809 3110 sciendum
823 3099 836 3120 ‚
853 3065 1108 3109 Graecinum

267 3127 387 3172 hunc
400 3161 412 3183 ,
429 3130 552 3186 cujus
569 3133 841 3175 consulatum
857 3131 937 3175 bac
954 3131 1109 3188 episto-

268 3192 309 3236 la
328 3194 516 3238 celebrat
530 3205 655 3252 poeta
671 3229 683 3251 ,
705 3197 750 3240 in
772 3197 963 3254 catalogo
986 3197 1108 3242 Coss.

270 3260 400 3317 vulgo
420 3278 510 3305 non
527 3262 676 3306 haberi
693 3281 703 3314 ;
725 3262 810 3306 sive
837 3263 954 3306 fama
974 3263 1109 3308 dece-

272 3333 371 3382 ptus
383 3335 512 3401 poeta
532 3326 637 3381 fuit,
659 3326 747 3370 sive
775 3326 837 3370 illi
858 3327 1109 3372 humanitus

270 3390 429 3447 aliquid
448 3391 599 3436 accidit
610 3424 621 3446 ,
638 3400 871 3448 antequam
883 3392 1111 3450 magistra-

271 3462 365 3499 tum
379 3456 511 3500 iniret
527 3490 538 3511 ,
555 3466 603 3500 ut
618 3456 794 3513 quidam
813 3455 977 3515 opinati
992 3467 1107 3502 sunt.

1181 2156 1234 2199 M
1239 2168 1355 2200 mn..
1364 2178 1417 2189 —-
1440 2156 1593 2199 levius
1603 2156 1755 2211 suerat
1765 2158 1842 2199 sub
1848 2159 2026 2211 preside

1183 2223 1354 2264 Pontus.
1376 2222 1525 2263 [θηη-
1558 2222 1718 2263 Pontus
1751 2236 1802 2263 ex
1836 2221 2027 2277 quinque

1182 2283 1350 2340 scriptis
1363 2316 1376 2339 ,
1411 2283 1496 2326 dixi
1512 2316 1524 2338 ,
1560 2282 1691 2328 Trist.
1720 2284 1806 2340 W,
1837 2285 1959 2342 Eleg.
1984 2300 2001 2329 1
2016 2320 2028 2340 ,

1182 2364 1292 2391 vers.
1309 2347 1375 2391 60.
1395 2347 1454 2390 Η.

1243 2431 1332 2457 120.
1354 2415 1561 2457 Audierit.
1575 2412 1784 2456 Audierat
1794 2412 1959 2469 Servii,
1977 2415 2027 2457 P.

1185 2480 1301 2523 Dan.
1319 2488 1363 2523 et
1383 2479 1486 2523 edit.
1509 2478 1677 2539 Gryph.
1696 2488 1741 2523 et
1757 2480 1926 2523 Bersm.

1244 2565 1261 2590 1
1270 2564 1292 2589 ιι
1301 2564 1315 2589 ι
1324 2580 1334 2590 .
1347 2550 1533 2592 Fortuna
1541 2553 1606 2590 est
1616 2550 1754 2602 impar
1762 2551 1914 2591 animo.
1927 2547 2028 2590 Non

1185 2626 1360 2668 possum
1375 2619 1547 2655 tantum
1564 2612 1757 2668 assequi,
1775 2611 1842 2654 vel
1854 2611 2024 2667 impen-

1187 2676 1290 2720 dere
1315 2685 1494 2734 propter
1512 2677 1846 2734 impotentiam,
1880 2694 2028 2734 quan-

1186 2751 1283 2786 tum
1294 2743 1420 2800 cupio
1432 2776 1445 2798 ,
1459 2743 1733 2787 ostendendo
1747 2744 1952 2797 pietatem
1967 2760 2029 2787 er-

1187 2824 1239 2865 ga
1253 2809 1515 2866 Augustum.
1534 2832 1589 2841 —
1612 2810 1722 2852 Tali.
1743 2808 1840 2852 Tali
1860 2808 2030 2864 pietatis

1188 2872 1351 2916 officio.

1247 2954 1338 2980 122.
1354 2938 1498 2991 Carpo.
1520 2935 1746 2981 consumo
1763 2946 1807 2981 et
1820 2939 2031 2995 expendo.

1247 3021 1264 3046 1
1272 3003 1336 3046 23.
1359 3004 1447 3046 Nec
1460 3007 1608 3045 wstn's
1621 3006 1770 3047 damus
1782 3006 1871 3047 hec
1887 3009 2032 3050 oculis.

1190 3069 1282 3114 Nec
1312 3067 1407 3112 haec
1435 3068 1705 3113 celebramus
1731 3068 1778 3112 in
1798 3080 2032 3127 conspectu

1189 3143 1333 3178 vestro
1346 3166 1358 3188 ‚
1381 3141 1430 3176 ut
1445 3133 1675 3177 videamur
1694 3150 1719 3177 a
1739 3134 1858 3178 vobis
1872 3168 1884 3189 ,
1908 3144 1953 3179 et
1977 3152 2031 3180 eo

1189 3207 1312 3255 pacto
1331 3197 1514 3255 gratiam
1531 3207 1721 3242 vestram
1739 3199 1950 3244 ineamus.

1250 3279 1340 3317 127.
1377 3263 1443 3304 Tu
1458 3267 1565 3306 certe
1582 3266 1668 3306 scis
1679 3265 1772 3306 hoc.
1784 3265 1932 3307 Vertit
1949 3281 2037 3308 ser-

1190 3341 1373 3370 monem
1386 3325 1439 3369 ad
1451 3326 1717 3384 Augustum,
1732 3344 1865 3385 quem
1878 3338 2035 3372 testem

1191 3391 1292 3436 citat
1307 3390 1564 3447 hujusmodi
1580 3408 1684 3448 erga
1697 3409 1741 3436 se
1756 3392 1938 3449 pietatis.

1252 3459 1338 3501 128.
1368 3459 1432 3502 Et·
1458 3466 1525 3502 aest
1546 3461 1691 3502 ocula.
1729 3459 1788 3501 U!
1813 3465 1879 3502 est
1902 3461 2035 3502 oculis
