2280 3776
446 292 879 353 TRISTIUM
926 294 1084 351 LIB.
1131 296 1245 353 IV.
1298 297 1541 356 ELEG.
1591 301 1707 357 IX.

1851 307 1952 382 189

286 407 486 471 Induet
512 409 697 472 infelix
722 434 867 473 arma
894 425 1079 472 coacta
1110 411 1282 473 dolor.

207 502 324 563 Sim
351 503 479 567 licet
501 522 796 569 extremum
814 554 829 582 ‚
862 508 1003 569 sicut
1032 532 1151 570 sum
1170 557 1184 583 ,
1216 511 1415 572 missus
1444 512 1503 573 in
1533 511 1748 587 orbem,

288 601 490 662 Nostra
517 625 642 664 suas
669 603 810 664 istuc
835 603 1083 687 porriget
1114 604 1193 665 ira
1219 628 1429 666 manus.
1918 638 1968 667 10

211 698 442 775 Omnia,
470 701 515 764 si
543 703 747 777 nesciS‚
779 704 958 766 Caesar
984 703 1119 765 mihi
1145 704 1264 786 jura
1292 704 1550 789 reliquit,

288 796 363 855 Et
389 795 504 858 sola
533 811 615 860 est
639 799 818 882 patria
845 822 1008 883 poena
1036 824 1214 863 carere
1240 825 1389 864 mea:

207 891 282 951 Et
308 893 536 976 patriam
555 942 570 967 ‚
600 896 766 957 modo
793 897 866 957 sit
889 919 1079 981 sospes
1095 944 1110 970 ‚
1143 922 1421 981 speramus
1446 898 1516 959 ab
1542 897 1671 960 illo:

290 991 443 1072 Saepe
463 992 620 1052 Jovis
648 991 758 1052 telo
791 1017 1020 1075 quercus
1049 994 1242 1055 adusta
1274 996 1425 1056 viret.

207 1086 491 1171 Denique,
520 1088 771 1149 vindictae
798 1089 844 1150 si
873 1090 943 1150 sit
966 1091 1102 1150 mihi
1128 1090 1280 1151 nulla
1309 1091 1567 1165 facultaS,
1925 1108 1971 1150 15

290 1184 535 1246 Pierides
565 1186 705 1246 vires
735 1200 789 1246 et
820 1209 917 1247 sua
947 1185 1053 1247 tela
1081 1187 1307 1247 dabunt.

208 1281 288 1339 Ut
314 1280 580 1364 Scythicis
607 1281 851 1343 habitem
879 1282 1038 1362 longe
1069 1284 1359 1345 submotus
1388 1284 1447 1344 in
1479 1284 1590 1344 oris
1607 1330 1622 1356 ‚

292 1375 554 1461 Siccaque
580 1378 693 1439 sint
723 1378 896 1440 oculis
926 1378 1175 1462 proxima
1206 1381 1362 1459 signa
1387 1380 1550 1451 meis;

209 1476 411 1536 Nostra
440 1499 540 1559 per
566 1475 855 1538 immensas
883 1477 1046 1538 ibunt
1076 1478 1344 1561 praeconia
1370 1492 1557 1557 gentes
1574 1524 1590 1550 ‚

292 1572 570 1656 Quodque
602 1597 826 1657 querar,
854 1589 1075 1646 notum,
1109 1599 1216 1658 qua
1243 1589 1395 1659 patet
1421 1574 1599 1647 orbis,
1628 1574 1762 1636 erit:
1927 1607 1975 1632 :m

209 1667 326 1728 Ibit
353 1668 421 1729 ad
450 1693 733 1743 occasum,
767 1671 1037 1754 quidquid
1070 1670 1338 1744 dicemus,
1371 1671 1439 1731 ab
1472 1685 1633 1745 ortu;

293 1764 476 1826 Testis
505 1781 557 1827 et
586 1768 866 1851 Hesperiae
894 1769 1042 1829 vocis
1065 1770 1220 1830 Eous
1245 1769 1361 1828 erit.

211 1861 388 1924 Trans
416 1887 519 1942 ego
551 1863 797 1926 tellurem
814 1912 829 1937 ‚
862 1880 1009 1926 trans
1035 1864 1170 1926 latas
1197 1866 1387 1926 audiar
1416 1866 1625 1937 undas3

291 1960 366 2019 Et
395 1960 627 2039 gemitus
655 1985 758 2021 vox
785 1976 868 2023 est
894 1985 1088 2041 magna
1119 1962 1300 2023 futura
1330 1962 1453 2022 mei.

210 2052 326 2117 Nec
355 2068 449 2115 tua
479 2069 531 2115 te
561 2070 775 2117 sontem
804 2056 1183 2117 tantummodo
1211 2056 1391 2119 secula
1415 2058 1637 2118 norint:
1925 2073 1975 2112 πῖ·

291 2149 578 2233 Perpetuae
606 2150 810 2212 crimen
839 2153 1175 2235 posteritatis
1210 2154 1331 2215 eris.

272 2310 289 2336 1
300 2309 333 2335 1.
350 2293 503 2339 Omnia
505 2296 610 2350 jum
621 2298 728 2339 mihi
733 2298 906 2352 reliquit.
919 2296 1057 2353 Quod

214 2359 282 2414 jus
293 2367 356 2402 est
369 2359 449 2403 civi
460 2359 507 2402 in
521 2360 780 2404 maledicum
792 2369 837 2403 et
849 2361 1057 2404 obtrecta-

215 2434 357 2469 torem
370 2458 382 2481 ,
395 2425 479 2471 hoc
491 2427 598 2470 mihi
616 2426 762 2471 Caesar
775 2444 867 2471 non
881 2427 1056 2471 ademit.

216 2489 272 2534 In
294 2491 362 2547 jus
383 2506 462 2548 per
489 2492 647 2536 amicos
667 2501 922 2536 vocaturum
944 2492 1056 2535 sub-

216 2555 390 2601 indicat.
411 2555 462 2599 P.

276 2622 337 2664 13.
362 2623 424 2664 Et
433 2625 616 2677 patriam
629 2655 639 2672 ‚
670 2625 789 2664 modo
815 2625 875 2664 sit
901 2636 1056 2675 sospes.

218 2687 347 2730 Modo
361 2703 504 2742 sospes
515 2692 595 2730 erit
607 2686 844 2730 Vaticanus
857 2686 1058 2742 optimus.

218 2749 367 2794 Scribe
380 2766 524 2806 sospes
535 2748 631 2803 Μὴ·
650 2751 763 2794 Fast.
779 2750 857 2799 IV,
874 2766 934 2794 vs.
952 2753 975 2792 5
984 2767 1032 2809 ¹9
1043 2782 1055 2805 ,

218 2817 368 2871 Sospes
384 2834 459 2862 eas
476 2834 708 2874 semperque
719 2833 886 2872 parens.
909 2818 968 2860 H.

278 2882 341 2926 16.
364 2885 425 2926 Et
432 2899 512 2926 sua
524 2886 622 2927 tela.
635 2882 791 2925 Malim
804 2887 849 2925 in
860 2899 938 2925 sua
947 2885 1049 2935 tela,

220 2942 305 2992 hoc
323 2956 387 2992 est
405 2948 451 2992 in
471 2963 592 2992 arma
611 2949 790 3006 poetica.
810 2948 870 2992 H.

280 3029 294 3055 ι
304 3014 342 3056 8.
373 3014 569 3071 Siccaque
598 3020 686 3059 sint
713 3018 847 3058 oculis
867 3018 1061 3070 proxima

221 3083 357 3134 signa.
369 3080 455 3122 Per
467 3080 586 3136 signa
594 3081 792 3138 intelligit
800 3081 961 3124 Ursam
973 3096 1059 3123 ma-

222 3143 366 3199 jorem
377 3151 421 3186 et
433 3143 650 3186 minorem
659 3178 669 3189 .
695 3146 847 3201 quibus
858 3144 1062 3201 Septem-

224 3207 417 3250 trionem
430 3206 811 3262 designat-Sicca
823 3218 969 3252 autem
983 3209 1062 3251 ad-

225 3272 441 3330 pellantur
456 3304 468 3325 ‚
489 3271 587 3328 quia
602 3287 827 3328 nunquam
847 3273 1061 3317 occidunt.

280 3351 345 3378 21.
374 3337 462 3378 Ibit
484 3339 528 3378 in
556 3351 759 3380 occasum.
786 3336 1014 3393 Quidquid
1037 3353 1061 3380 a

229 3414 298 3445 me
313 3398 366 3443 de
383 3409 424 3444 te
438 3399 610 3455 dicitur,
625 3400 667 3444 id
681 3416 781 3446 cum
795 3401 885 3446 aliis
897 3402 1061 3459 scriptis

1137 2298 1246 2341 meis
1264 2297 1549 2341 celebrabitur
1566 2311 1645 2353 per
1667 2302 1811 2339 totum
1831 2302 1976 2339 terra-

1136 2378 1238 2405 rum
1259 2363 1424 2405 orbem.
1443 2362 1493 2404 P.

1191 2443 1256 2469 22.
1281 2428 1326 2468 V
1317 2429 1407 2469 ocis
1421 2428 1641 2480 Hesperie.
1662 2423 1880 2468 Carminis
1895 2426 1977 2468 La-

1136 2491 1232 2534 tini.
1244 2490 1430 2533 ΜΕιι.-
1438 2492 1481 2533 T
1473 2495 1575 2534 estis
1584 2498 1628 2533 et
1637 2492 1856 2546 Hesperie.
1874 2492 1978 2535 He·-

1136 2555 1323 2612 speriam
1337 2570 1487 2599 vocem
1506 2554 1718 2612 intellige,
1743 2571 1834 2598 non
1859 2555 1979 2598 Lati-

1138 2637 1242 2664 nam
1263 2630 1434 2665 tantum
1448 2654 1460 2675 ,
1483 2621 1557 2664 sed
1578 2637 1675 2664 eam
1695 2637 1791 2678 quae
1811 2622 1856 2664 in
1882 2622 1980 2664 He-

1138 2687 1293 2743 speria,
1307 2685 1389 2729 hoc
1403 2693 1483 2739 est,
1500 2685 1723 2729 occidente
1738 2685 1904 2729 edetur.
1915 2686 1981 2729 Ut

1138 2750 1192 2793 sit
1203 2749 1365 2793 dictum
1381 2766 1392 2791 ε
1406 2750 1500 2805 ejus
1514 2750 1628 2793 vocis
1640 2782 1652 2804 ,
1667 2750 1753 2793 sive
1769 2750 1954 2805 querelae
1965 2784 1978 2800 ,

1140 2830 1236 2869 quae
1255 2815 1300 2857 in
1323 2814 1547 2858 occidente
1565 2814 1744 2869 edetur,
1759 2815 1878 2859 testis
1899 2817 1983 2859 erit

1141 2879 1260 2922 Eous
1274 2912 1285 2934 ‚
1311 2880 1398 2923 sive
1420 2880 1455 2922 is
1476 2879 1549 2936 qui
1571 2880 1615 2922 in
1639 2879 1807 2923 oriente
1834 2880 1979 2937 degit;

1139 2957 1190 2991 ut
1207 2948 1262 2990 sit
1285 2949 1471 2997 ἀντίθεσις
1490 2949 1583 3004 ejus
1603 2948 1718 3004 quod
1739 2947 1951 3004 praecedit.

1190 3014 1258 3055 23:
1270 3015 1406 3055 Trans
1415 3016 1529 3056 altas
1535 3015 1839 3056 audiat-undas.
1848 3014 1980 3053 Trans

1141 3081 1254 3120 latas
1269 3077 1434 3132 antiqui
1449 3085 1635 3132 quatuor
1645 3094 1656 3127 ;
1667 3075 1782 3131 quod
1799 3081 1979 3130 praestat.

1198 3144 1262 3184 25.
1282 3143 1347 3184 Ne
1359 3149 1432 3184 tua
1447 3149 1499 3183 te.
1513 3143 1602 3183 Nec
1614 3149 1686 3183 tua
1696 3140 1843 3183 scribe.
1863 3138 1923 3180 H.

1183 3210 1248 3252 26.
1259 3212 1466 3263 Perpetua
1471 3212 1618 3250 cn’men
1621 3209 1878 3262 posteritatis
1884 3209 1977 3247 eris.

1142 3280 1220 3319 Καὶ
1240 3283 1314 3320 τοῖς
1333 3274 1567 3327 ica-spivum
1586 3273 1771 3314 πυθέσθαι·
1792 3269 1975 3312 Homer.
2037 3300 2041 3312 .

1141 3338 1256 3394 quod
1279 3346 1323 3380 et
1343 3338 1389 3379 in
1411 3339 1571 3380 bonam
1583 3336 1685 3380 etin
1699 3334 1862 3378 malam
1877 3350 1978 3390 para

1142 3411 1232 3446 tem
1254 3401 1470 3458 accipitur.
