2280 3776
512 315 941 373 TRISTIUM
980 316 1145 372 LIB.
1189 318 1303 375 IV.
1346 317 1592 374 ELEG.
1637 321 1685 372 1.

1867 323 1963 376 153

212 429 327 491 Scit
355 455 603 515 quoque,
634 457 800 516 quum
830 431 1002 515 perii,
1038 433 1161 516 quis
1190 458 1274 495 me
1304 433 1574 518 deceperit
1602 457 1784 507 error,

293 531 367 588 Et
397 529 608 612 culpam
632 531 690 590 in
713 531 883 603 facto,
913 554 1028 590 non
1057 530 1262 603 sceluS‚
1293 555 1411 592 esse
1437 555 1575 592 meo.

213 626 431 686 Scilicet
460 628 564 687 hoc
592 628 714 711 ipso
745 652 890 689 nunc
916 653 1093 712 aequa,
1128 628 1278 712 quod
1310 630 1492 690 obfuit
1519 644 1642 691 ante
1661 677 1676 701 ‚
1740 640 1742 642 ’
1918 647 1971 687 25

294 725 482 803 Quum
512 747 722 785 mecum
750 726 922 807 juncti
951 726 1193 787 criminis
1219 742 1338 787 acta
1362 751 1450 788 rea
1480 742 1576 788 est.

211 819 343 881 Non
376 820 624 903 equidem
653 820 842 882 vellem
862 869 878 893 ‚
912 823 1172 905 quoniam
1203 823 1453 885 nocitura
1480 824 1728 898 fuerunt,

291 914 567 975 Pieridum
599 916 764 976 sacris
792 916 1114 1000 imposuisse
1146 942 1381 978 manum.

211 1010 317 1070 Sed
343 1035 489 1071 nunc
522 1011 653 1093 quid
682 1013 914 1074 faciam?
941 1014 1022 1074 vis
1052 1037 1137 1074 me
1162 1003 1314 1075 >tenet
1341 1015 1460 1097 ipsa
1487 1038 1736 1076 sororum
1755 1060 1769 1086 ‚

286 1109 358 1167 Et
388 1132 598 1170 carmen
631 1111 878 1183 demens,
907 1113 1136 1173 carmine
1165 1112 1353 1184 laesuS‚
1386 1137 1526 1173 amo.
1916 1129 1971 1171 30

209 1203 297 1263 Sic
324 1229 463 1265 nova
493 1205 753 1267 Dulichio
785 1207 930 1268 lotos
960 1223 1173 1287 gustata
1203 1207 1414 1290 palam,

286 1298 424 1372 Illo,
459 1325 570 1383 quo
598 1302 813 1375 nocuit,
846 1317 997 1381 grata
1027 1326 1218 1385 sapore
1247 1302 1368 1363 fuit.

206 1393 384 1454 Sentit
407 1418 593 1456 amans
624 1420 721 1456 sua
748 1396 941 1458 damna
972 1397 1110 1469 sere;
1143 1412 1321 1458 tamen
1350 1397 1519 1458 haeret
1545 1397 1604 1457 in
1633 1394 1740 1456 illis
1758 1443 1772 1468 ‚

288 1490 574 1551 Materiam
605 1490 776 1574 culpae
808 1493 1264 1576 persequiturque
1293 1516 1417 1553 suae.

173 1651 175 1653 .
208 1586 326 1646 Nos
354 1609 572 1669 quoque
602 1585 904 1662 delectant,
935 1589 1181 1670 quamvis
1210 1611 1469 1660 nocuere,
1501 1585 1707 1662 libelli;
1922 1605 1975 1649 35

289 1682 566 1765 Quodque
593 1682 728 1743 mihi
760 1683 923 1743 telum
950 1683 1171 1744 vulnera
1199 1684 1326 1745 fecit
1343 1732 1357 1757 ‚
1387 1710 1526 1746 amo.

205 1777 459 1838 Forsitan
487 1778 592 1839 hoc
616 1779 858 1840 studium
884 1779 1064 1863 possit
1092 1781 1245 1841 furor
1272 1805 1385 1843 esse
1413 1781 1617 1854 videri;

285 1875 396 1937 Sed
426 1876 686 1959 quiddam
714 1877 867 1937 furor
892 1877 983 1937 hic
1010 1877 1265 1940 utilitatis
1292 1879 1458 1939 habet
1482 1904 1496 1938 :

204 1975 430 2058 Semper
457 1973 516 2033 in
545 1973 744 2035 obtutu
770 1989 1005 2035 mentem
1031 1989 1174 2036 vetat
1203 1998 1319 2035 esse
1346 1973 1615 2035 malorum
1632 2021 1648 2047 ‚

203 2140 394 2199 agnoscit
413 2156 424 2192 ;
448 2139 555 2184 alter
590 2141 810 2201 Thracen.
853 2141 1043 2183 Thraces

201 2203 316 2260 apud
334 2204 513 2248 Festum
531 2205 901 2257 ;unusVaticanus
911 2205 1041 2248 etiam

189 2285 293 2313 non
306 2269 418 2314 male
428 2302 440 2324 ‚
455 2287 530 2314 nec
541 2273 623 2314 diri
632 2273 776 2315 maius
787 2287 936 2314 ensem.
957 2270 1043 2314 Se-

203 2334 354 2390 quenti
373 2350 500 2379 versu
513 2339 818 2390 barbariemque
835 2351 916 2392 pro
935 2338 1042 2378 bar·—

202 2402 439 2454 bonumque
454 2399 578 2442 multi
595 2409 774 2442 veteres.
795 2400 856 2442 H.

260 2465 326 2518 24.
346 2465 396 2506 In
406 2463 557 2518 sacto,·
580 2469 624 2506 in
645 2463 766 2507 deest
789 2464 866 2507 uni
887 2462 1042 2507 codici:

202 2527 599 2572 Heinsius-volebat
615 2529 781 2583 insuto,
801 2537 850 2571 ut
863 2529 934 2571 lib.
950 2529 1042 2582 ΙΙΙ,

181 2640 185 2643 ,
206 2592 327 2649 Eleg.
348 2607 395 2635 xr
416 2625 427 2643 ,
458 2609 517 2635 vs.
537 2593 602 2636 65.
624 2615 680 2624 —
699 2592 848 2635 Nostri
879 2591 1045 2636 codices

202 2657 421 2714 vulgatam
441 2666 634 2701 tuentur.

259 2723 323 2765 26.
349 2725 482 2777 Quum
500 2739 655 2766 mecum
662 2723 816 2778 juncti.
837 2723 1051 2778 Adjuncli

203 2787 329 2831 multi
347 2804 396 2830 ex
409 2787 786 2844 praestantioribus.
805 2787 936 2830 Forte
951 2819 963 2842 ,
987 2789 1045 2830 ab

195 2853 348 2908 juncti.
373 2855 433 2897 H.

261 2933 325 2975 29.
342 2921 417 2961 Vis
429 2935 493 2962 me
503 2925 614 2962 tenet
623 2923 718 2973 150sa
731 2935 956 2962 sacrorum.
971 2918 1043 2960 So-

205 2997 338 3024 rorum
354 2998 424 3026 sex
442 2993 631 3035 veteres3
653 2984 769 3041 quod
784 2984 922 3041 placet
939 2983 1044 3027 :hoc

206 3053 271 3088 est
285 3076 298 3098 ‚
321 3045 547 3089 Musarum
565 3065 574 3098 ;
594 3049 690 3091 vide
705 3049 815 3091 Met.
832 3049 915 3101 IV,
937 3051 1041 3103 470,

204 3108 280 3151 ubi
289 3124 446 3152 sorores
454 3112 674 3166 proFuriis
686 3121 928 3168 ponuntur:
939 3129 1042 3154 nam

206 3191 259 3219 ex
285 3185 487 3219 contextu
517 3179 719 3222 orationis
744 3179 842 3222 satis
871 3179 1042 3236 agnosci

206 3248 347 3297 potest
360 3256 407 3284 ac
421 3241 687 3298 deprehendi
703 3276 714 3298 ,
735 3243 788 3286 de
804 3244 957 3300 quibus
971 3260 1044 3288 so—

205 3305 376 3349 roribus
396 3315 546 3363 agatur
566 3323 576 3350 :
599 3307 685 3351 duo
704 3308 959 3352 codicesvis
979 3326 1044 3352 me

206 3379 315 3414 tenet
333 3376 427 3426 {vsa
445 3376 638 3417 locorum.
659 3374 780 3418 Infra
790 3375 860 3419 lib.
877 3377 959 3430 IV,
975 3377 1041 3420 El.

209 3448 236 3480 x
257 3467 270 3492 ‚
293 3437 370 3496 39,
395 3438 560 3483 Aonias
585 3455 744 3485 sorores
761 3454 779 3496 ‚·
806 3449 849 3486 et
875 3440 947 3487 lib.
970 3441 1039 3499 V,

1124 2138 1191 2183 El.
1210 2142 1300 2194 xli,
1323 2142 1375 2194 45
1393 2171 1405 2193 ,
1424 2155 1567 2182 novem
1586 2153 1745 2180 sorores
1766 2135 1883 2179 dixit.
1908 2135 1968 2178 H.

1121 2229 1177 2238 —
1198 2207 1273 2247 V1's
1293 2220 1356 2247 mc
1384 2212 1496 2247 tenet
1522 2209 1631 2258 ipsa.
1660 2203 1844 2258 Nequeo
1878 2200 1969 2244 haec

1121 2269 1263 2314 studia
1283 2269 1519 2325 deponere.
1541 2269 1591 2311 P.

1176 2334 1242 2375 31.
1264 2335 1335 2376 Sic
1352 2349 1459 2375 nova
1478 2333 1689 2374 Dulichio.
1712 2331 1936 2373 Homerus
1951 2362 1966 2383 ‚

1121 2398 1194 2441 lib.
1208 2399 1275 2441 IX
1289 2397 1446 2456 Odyss.
1459 2397 1627 2449 scribit,
1646 2397 1847 2456 Ulyssem
1864 2405 1969 2439 tem·

1124 2472 1287 2519 pestate
1312 2471 1481 2515 actum,
1510 2462 1556 2504 in
1582 2462 1777 2506 Africam
1801 2461 1853 2504 ad
1876 2462 1965 2503 Lo-

1126 2529 1334 2585 tophagos
1365 2529 1581 2572 accessisse
1595 2561 1607 2582 ,
1631 2529 1810 2584 ejusque
1832 2529 1969 2571 socios

1126 2601 1292 2650 gustata
1326 2593 1443 2648 loto,
1481 2593 1671 2636 reditum
1706 2593 1751 2635 in
1783 2592 1967 2649 patriam

1126 2658 1279 2701 oblitos
1292 2657 1422 2701 fuisse
1438 2674 1568 2715 :quos
1581 2657 1738 2701 invitos
1755 2667 1797 2701 et
1814 2658 1969 2701 flentes

1125 2723 1265 2779 coegit
1287 2722 1463 2782 Ulysses
1482 2739 1638 2766 navem
1659 2722 1965 2767 conscendere.

1125 2789 1268 2833 Fuere
1298 2788 1448 2832 'autem
1481 2791 1720 2845 Lotophagi
1744 2789 1890 2846 populi
1919 2789 1964 2831 in

1126 2854 1275 2898 Africa
1298 2886 1310 2908 ,
1354 2870 1378 2897 a
1408 2854 1499 2898 loto
1534 2856 1686 2898 arbore
1730 2853 1930 2911 adpellati
1952 2888 1966 2907 ‚

1124 2920 1248 2975 cujus
1266 2919 1433 2964 fructus
1452 2929 1554 2964 sunt
1573 2919 1871 2976 magnitudine
1893 2919 1969 2962 fa—

1125 2984 1216 3037 hae,
1253 2983 1394 3027 colore
1425 2984 1568 3039 croci,
1604 2993 1692 3027 tam
1724 2983 1884 3034 dulcis,
1917 2992 1967 3025 ut

1127 3048 1301 3091 advenis
1336 3049 1550 3093 incutiant
1592 3048 1741 3105 patriae
1778 3047 1966 3090 oblivio-

1125 3131 1229 3157 nem
1248 3130 1258 3158 :
1283 3114 1398 3170 quod
1415 3114 1540 3157 docet
1554 3114 1719 3156 Plinius
1733 3113 1802 3156 lib.
1819 3113 1936 3156 XIII
1950 3146 1965 3165 ,

1124 3196 1215 3235 cap.
1240 3197 1284 3235 17
1304 3198 1314 3232 ;
1345 3180 1501 3235 Silius,
1530 3180 1599 3223 lib.
1622 3180 1689 3222 111
1708 3212 1720 3233 ‚
1753 3196 1862 3223 vers.
1884 3180 1966 3221 310

1123 3264 1172 3303 sq
1194 3264 1204 3290 :
1226 3265 1247 3284 «
1273 3247 1468 3304 Spectari
1497 3248 1643 3291 castris
1661 3279 1672 3301 ,
1701 3264 1808 3304 quos
1839 3264 1966 3291 succo

1123 3312 1279 3356 nobilis
1300 3313 1428 3356 arbor
1446 3346 1458 3367 ‚
1483 3313 1541 3356 Et
1564 3312 1679 3356 dulci
1702 3314 1833 3370 pascit
1855 3313 1966 3356 lotos

1124 3377 1253 3420 nimis
1269 3377 1436 3434 hospita
1456 3378 1595 3421 bacca.
1618 3396 1638 3414 »υ

1179 3445 1242 3498 34.
1272 3445 1493 3491 Maleriam
1523 3448 1654 3500 culpa·
1682 3461 1780 3490 sue.
1809 3443 1965 3487 Malim
