2268 3848
472 325 909 384 TRISTIUM
947 326 1106 381 LIB.
1151 326 1199 379 Ι.
1244 324 1484 380 ELEG.
1515 326 1590 380 X.

1843 328 1915 401 49

156 445 433 508 Fleximus
461 445 520 505 in
548 442 739 506 laevum
768 464 959 503 cursus
977 487 993 513 ‚
1022 456 1103 513 et,
1133 441 1202 502 ab
1232 439 1488 503 Hectoris
1515 438 1683 515 urbe,

240 540 507 601 Venimus
537 537 605 599 ad
633 550 854 620 portus,
888 534 1092 595 Imbria
1121 548 1458 607 terra‚.tuos.
1491 555 1493 557 ·

162 639 327 709 Inde,
358 636 462 697 levi
487 649 648 696 vento
679 632 970 716 Zerynthia
995 631 1152 693 litora
1181 631 1382 706 nactiS,

246 733 555 796 Threiciam
583 730 766 808 tetigit
790 728 932 790 fessa
962 728 1138 788 carina
1167 728 1385 788 Samon.
1876 762 1930 791 20

166 831 350 893 Saltus
379 829 447 890 ab
474 828 573 889 hac
605 841 740 887 terra
769 823 950 884 brevis
979 838 1064 884 est
1090 825 1359 907 Tempyra
1388 825 1629 906 petenti:

249 928 367 988 Hac
393 923 677 986 dominum
707 936 865 982 tenus
892 934 977 982 est
1007 919 1101 980 illa
1129 935 1311 981 secuta
1341 943 1517 980 suum.

169 1026 310 1084 Nam
340 1021 475 1083 mihi
502 1018 785 1082 Bistonios
811 1016 1017 1103 placuit
1043 1017 1180 1102 pede
1210 1040 1431 1099 carpere
1464 1040 1710 1099 campos:

168 1188 274 1227 nus‚·
289 1189 373 1231 qua
390 1172 534 1231 paludi
552 1170 841 1215 committitur
853 1201 865 1223 ‚
899 1171 1014 1212 Cim-

171 1243 322 1283 mere'us
335 1240 560 1294 Bosporus.

231 1322 293 1364 ¹7·
314 1306 524 1348 Μαι-ἕηκε
540 1306 585 1345 in
604 1304 747 1344 levum
768 1314 924 1343 cursus.
952 1296 1016 1339 Ex

175 1368 466 1427 Hellesponto
483 1399 496 1423 ,
531 1367 578 1412 in
598 1362 877 1422 Propontidis
905 1362 1020 1406 sini-

174 1443 312 1478 stram
342 1441 515 1491 partem
537 1429 858 1487 navigationem
887 1425 1018 1469 flexi-

180 1514 290 1542 mus.
310 1499 380 1542 Ab
391 1498 585 1540 Hectoris
601 1498 708 1538 urbe.
731 1492 780 1537 ld
797 1501 860 1536 est
875 1523 887 1544 ,
911 1489 990 1533 llio
1003 1520 1017 1543 ,

179 1579 277 1621 quae
289 1579 340 1607 ex
355 1562 504 1618 AEgaeo
524 1558 859 1615 Hellespontum
878 1555 1022 1611 ingre-

182 1627 340 1671 dientis
361 1634 455 1671 erat
474 1641 497 1668 a
513 1624 661 1668 dextra
674 1655 690 1677 ,
712 1631 759 1666 ut
779 1622 833 1666 sit
845 1634 1021 1664 sensus:

183 1708 321 1750 quum
335 1691 547 1750 primum,
565 1690 611 1732 in
626 1688 776 1744 AEgoeo
796 1685 935 1729 adhuc
947 1700 1026 1727 na-

186 1756 357 1813 vigans,
377 1754 507 1799 habui
530 1755 658 1798 llium
682 1768 706 1795 a
728 1751 898 1806 fronte,
926 1748 1027 1792 flexi

186 1821 274 1865 iter
298 1819 348 1863 in
380 1821 529 1864 lavam
558 1826 726 1876 partem
744 1849 756 1870 ,
794 1815 867 1858 ubi
899 1820 1028 1857 erant

187 1886 280 1930 loca
298 1884 367 1928 illa
381 1898 510 1942 ,quae
525 1882 669 1927 statim
685 1879 918 1936 subjungit.
935 1877 1027 1921 Cae-

186 1960 336 1997 terum
361 1949 468 1993 illud
498 1948 635 1991 ausim
665 1945 896 1989 adfirmare
913 1975 925 1997 ,
954 1951 1029 1986 aut

187 2013 380 2058 carmina
395 2012 535 2070 aliqua
549 2010 695 2054 deesse
711 2042 724 2063 ,
739 2017 814 2052 aut
832 2008 944 2051 hanc
957 2023 1029 2050 na·

189 2076 415 2135 vigationis
425 2075 758 2132 descriptionem
765 2072 915 2116 falsam
925 2087 1029 2115 esse.

190 2144 376 2187 qu.—-
384 2142 584 2202 Micyllus
602 2141 769 2184 dubitat
784 2154 894 2183 num
914 2138 1030 2182 idem

190 2206 308 2253 locus
325 2207 572 2252 ‹te-Lemno
594 2206 736 2263 potius
759 2203 1033 2261 accipiendus

189 2272 248 2316 sit
268 2303 281 2326 ,
313 2272 435 2329 cujus
461 2286 612 2327 regem
642 2268 873 2326 aliquando
902 2267 1032 2311 fuisse

197 2337 405 2381 Actorem
424 2335 626 2394 Hyginus
642 2333 769 2376 dicit:
790 2342 838 2376 ut
861 2333 914 2376 sit
933 2347 1036 2375 sen-

196 2418 295 2447 susz
308 2411 536 2460 postquam
550 2401 602 2443 ad
620 2398 954 2456 Hellespontum
968 2414 1037 2441 ve·

198 2467 349 2511 nimus
362 2493 381 2522 ,-
392 2467 441 2510 in
459 2466 607 2511 laevam
624 2464 822 2508 fleximus
836 2478 1011 2507 cursum
1024 2479 1036 2514 3

205 2542 251 2578 et
276 2533 328 2576 ab
353 2531 519 2575 Actoris
547 2531 683 2584 urbe,
714 2529 758 2572 id
785 2539 872 2583 est,
901 2528 1040 2572 insula

207 2598 404 2651 Lemno,
436 2596 482 2639 in
514 2595 711 2639 Imbrum
739 2594 757 2647 (
785 2593 898 2636 hanc
920 2592 1039 2635 enim

208 2679 285 2721 per
305 2661 514 2707 Imbriam
534 2669 695 2703 terram
718 2657 876 2714 accipio
896 2658 913 2712 )
937 2671 1042 2713 pro-

207 2724 634 2783 xime-navigavimus
649 2756 662 2777 ,
685 2722 786 2765 inde
812 2723 855 2765 in
885 2722 1044 2764 Samo-

207 2790 416 2835 thraciam
429 2821 442 2843 ,
463 2797 543 2832 etc.
558 2789 730 2831 M1c.—
746 2786 923 2830 Collatis
940 2785 1042 2828 Me·

207 2856 301 2899 rula
321 2864 365 2898 et
384 2853 564 2912 Micyllo
581 2867 660 2909 ego
677 2851 786 2894 nihil
807 2867 876 2893 me
897 2850 1043 2893 videre

203 2920 378 2972 fateor,
412 2934 492 2962 nec
523 2917 719 2971 Actoris,
747 2916 815 2958 vel
844 2916 1046 2958 Hectoris

210 2985 364 3029 urbem
389 2983 495 3027 scire
511 2977 542 3037 3³
558 2997 654 3038 quae
682 2980 817 3024 fuerit
849 2995 859 3022 ;
887 2980 1047 3022 verisi-

209 3049 390 3094 millima
419 3047 528 3091 mihi
559 3046 725 3105 Micylli
758 3044 963 3102 expositio
993 3044 1046 3089 de

212 3116 382 3160 Lemno
402 3113 585 3157 videtur.
606 3113 768 3155 Bmm.

272 3182 337 3224 18.
346 3181 500 3222 Imbria
511 3184 630 3221 terra.
639 3177 824 3231 Terram
841 3174 1050 3219 Imbriam

214 3261 313 3289 eam
339 3244 443 3287 dicit
459 3277 472 3298 ,
503 3257 634 3298 quam
663 3240 938 3284 Selimbriam
961 3239 1052 3282 Pli-

215 3310 338 3363 nius,
361 3307 641 3359 Ptolemaeus,
664 3306 891 3360 caeterique
909 3302 1053 3359 appel-

217 3375 310 3417 lant
324 3372 415 3416 :illa
427 3372 547 3415 enim
558 3403 569 3425 ,
586 3379 630 3413 et
647 3369 880 3413 Perinthus
891 3368 936 3410 in
951 3369 1054 3410 Pro-

221 3436 409 3494 pontidis
430 3436 554 3478 litore
573 3435 695 3479 fuere
714 3452 726 3490 ;
743 3433 824 3477 nisi
843 3432 964 3476 malis
985 3432 1055 3475 in—

417 3519 564 3574 VJJ.

1094 1168 1285 1223 teltigere
1299 1199 1310 1221 ,
1323 1167 1443 1211 illum
1455 1184 1544 1211 non
1557 1170 1796 1226 ingressum
1808 1171 1937 1217 ruisse

1099 1233 1432 1288 Hellespontum
1446 1266 1458 1285 ‚
1478 1233 1550 1276 sed
1567 1234 1766 1290 AEgoeum
1789 1238 1827 1279 ei
1842 1239 1938 1282 vici-

1097 1311 1207 1339 num
1242 1297 1469 1354 appellasse
1499 1298 1863 1356 Hellespontum,
1894 1313 1942 1347 ut

1099 1362 1295 1407 diximus.

1159 1443 1220 1487 19.
1252 1430 1478 1487 Zerynthia
1503 1432 1629 1473 mom
1650 1440 1789 1475 nacta.
1820 1436 1954 1479 Nacti

1101 1494 1229 1550 prim.
1252 1495 1389 1538 Vatic.
1419 1499 1558 1539 nactis
1582 1496 1826 1553 Junianus,
1862 1501 1946 1545 hoc

1102 1567 1167 1601 est
1182 1591 1193 1613 ,
1226 1567 1451 1615 postquam
1485 1560 1596 1603 nacti
1627 1577 1775 1606 sumus
1794 1582 1803 1614 ;
1837 1581 1950 1611 unus

1104 1631 1256 1675 veae,-
1292 1622 1563 1667 Combianus
1583 1641 1662 1681 pro
1685 1626 1852 1672 diversa
1878 1630 1950 1674 le-

1106 1687 1250 1730 ctione
1266 1695 1395 1730 παισί.
1414 1688 1881 1750 Harum—Zerynthia
1900 1695 1952 1738 ld

1107 1762 1191 1806 est,
1220 1753 1349 1810 ipsius
1370 1754 1567 1798 Thracia
1590 1773 1597 1797 t
1622 1772 1724 1799 nam
1749 1758 1793 1801 in
1809 1759 1953 1804 Thra-

1107 1818 1171 1861 cia
1187 1818 1463 1877 Zerynthum
1482 1820 1612 1864 fuisse
1626 1856 1638 1877 ,
1660 1824 1804 1867 scribit
1822 1825 1955 1885 Lyco·

1107 1881 1250 1939 phron
1270 1914 1283 1936 ,
1304 1898 1467 1926 sacram
1487 1885 1663 1930 Hecate
1680 1905 1690 1937 ς
1710 1886 1794 1932 suit
1808 1898 1852 1933 et
1868 1891 1955 1934 Ze·

1109 1946 1292 2006 rynthus
1308 1948 1352 1991 in
1365 1947 1649 1995 Samothrace
1664 1953 1817 2007 insula,
1835 1955 1953 1999 unde

1108 2011 1288 2055 sortasse
1302 2012 1468 2069 regioni
1481 2029 1644 2059 nomen
1660 2016 1779 2060 dedit
1793 2018 1926 2063 ovid.

1166 2093 1231 2120 ιο.
1255 2079 1487 2121 Τήνείείαω
1505 2080 1669 2124 Samon.
1689 2081 1956 2128 Samothra-

1111 2144 1219 2187 ciam
1241 2143 1426 2187 insulam
1456 2146 1501 2188 in
1533 2148 1643 2191 mari
1671 2149 1824 2205 AEgaeo
1846 2153 1958 2196 circa

1113 2206 1359 2251 Thraciam.

1169 2290 1234 2315 αι.
1259 2274 1403 2317 Saltus
1420 2278 1475 2317 ab
1494 2278 1574 2318 hac
1598 2285 1758 2320 contra.
1790 2282 1859 2322 Ab
1879 2283 1960 2324 hac

1113 2344 1220 2378 terra
1239 2337 1432 2393 plerique
1461 2348 1688 2391 veterum;
1718 2343 1835 2398 quod
1865 2360 1960 2386 am-

1115 2398 1280 2456 plector
1294 2417 1304 2450 3
1327 2401 1409 2444 nisi
1424 2402 1540 2457 quod
1554 2406 1610 2445 ab
1625 2407 1706 2447 hac
1717 2423 1791 2449 ora
1805 2410 1962 2452 rectius

1118 2462 1330 2506 scribetur
1344 2480 1444 2519 :pro
1464 2467 1644 2524 Tentyra
1657 2478 1824 2514 veteres
1838 2472 1964 2528 pleri·

1119 2542 1202 2581 que
1218 2529 1348 2581 Epe‘ra
1362 2561 1373 2578 ,
1394 2530 1460 2572 vel
1474 2531 1671 2589 Empyra.
1691 2531 1963 2580 Combianus

1120 2607 1198 2647 pro
1215 2590 1381 2635 diversa
1402 2594 1583 2638 lectione
1610 2598 1832 2656 Tempyra.
1858 2617 1962 2656 quo·

1119 2657 1253 2700 modo
1282 2667 1325 2702 et
1356 2659 1445 2702 duo
1475 2661 1544 2703 alii
1574 2678 1584 2704 :
1609 2673 1751 2713 recte;
1788 2666 1963 2723 Livius,

1120 2721 1191 2764 lib.
1209 2722 1478 2779 XXXVIII,
1499 2742 1536 2768 c.
1555 2728 1600 2780 4¹
1621 2742 1631 2768 :
1649 2745 1670 2764 «ι
1690 2728 1798 2771 Inde
1813 2729 1966 2773 AEnio-

1121 2802 1220 2829 rum
1249 2787 1385 2841 fines,
1420 2798 1579 2845 praeter
1610 2791 1843 2848 Apollinis,
1869 2797 1963 2839 Ze-

1121 2850 1348 2908 rynthium
1362 2867 1497 2908 quem
1512 2865 1666 2898 vocant
1680 2857 1846 2911 incole,
1857 2868 1965 2902 tem-

1122 2915 1243 2970 plum
1259 2926 1478 2971 superant.
1499 2919 1605 2962 Aliae
1630 2923 1835 2976 angustiae
1854 2925 1966 2967 cirea

1125 2979 1345 3038 Tempyra
1374 2982 1591 3037 excipiunt
1622 2984 1734 3037 (hoc
1756 2985 1849 3030 loco
1875 3004 1961 3030 no-

1125 3061 1229 3087 men
1249 3048 1366 3100 est),
1386 3063 1475 3089 non
1495 3050 1641 3092 minus
1651 3050 1928 3108 confragosae.
1943 3074 1965 3093 ι»

1126 3108 1322 3152 Facessat
1348 3126 1453 3167 ergo
1482 3111 1678 3156 Ortelius
1703 3147 1715 3166 ,
1755 3116 1828 3170 qui
1866 3134 1969 3161 cum

1128 3171 1301 3215 Merula
1314 3174 1504 3217 Stentora
1521 3177 1848 3222 emendandum
1862 3197 1970 3224 cen-

1128 3246 1205 3280 set.
1223 3237 1541 3282 Arondelianus
1556 3273 1568 3294 ‚
1591 3243 1787 3286 Temeira.
1800 3245 1966 3291 Hmh‘s.

1130 3325 1182 3334 -—
1196 3304 1339 3344 Saltus
1354 3305 1499 3346 brevis.
1514 3305 1740 3360 Traiectus
1760 3323 1850 3351 non
1874 3311 1970 3353 lon-

1131 3383 1221 3424 gus.
1243 3367 1371 3409 RIER.

1185 3432 1252 3474 23.
1273 3430 1745 3478 mmmmsszictombs.
1764 3438 1802 3480 E
1822 3439 1975 3483 Samo-

1693 3520 1726 3584 4
