2280 3776
328 301 344 332 1
356 280 429 363 64

778 284 842 336 P.
896 285 1192 339 0V1D11
1235 282 1608 339 NASONIS

318 393 668 478 Invenietque
698 396 863 469 viam,
897 422 1004 479 qua
1032 422 1222 460 currus
1254 414 1461 481 spectet
1489 398 1760 459 eburnos:

400 491 491 549 Sic
521 506 662 551 certe
694 493 751 550 in
778 493 952 573 patria
983 517 1082 576 per
1108 495 1271 555 breve
1295 510 1509 577 tempus
1539 518 1645 555 ero.

318 593 462 651 Vera
494 606 671 650 tamen
697 592 938 673 populus
966 594 1144 674 capiet
1170 594 1478 677 spectacula
1501 594 1630 654 felix
1648 637 1676 666 ‚x
2026 612 2080 654 65

398 689 653 768 Laetaque
687 687 791 746 erit
817 710 1055 769 praesens
1086 712 1207 748 cum
1238 689 1373 749 duce
1404 689 1567 748 tulba
1594 713 1731 749 suo:

319 786 391 845 At
415 783 551 843 mihi
579 782 806 861 fingenti
839 797 1078 856 tantum,
1106 783 1378 867 longeque
1406 801 1648 860 remoto,

395 878 642 938 Auribus
673 878 762 937 hic
788 877 1000 938 fructus
1029 879 1414 963 percipiendus
1443 881 1576 952 erit;

310 979 493 1060 Atque
521 974 713 1059 procul
741 976 898 1035 Latio
929 975 1201 1037 diversum
1227 978 1426 1038 missus
1453 978 1512 1037 in
1541 979 1732 1040 orbem

395 1072 510 1150 Qui
538 1085 720 1131 narrat
750 1070 979 1153 cupid0‚
1009 1071 1095 1130 vix
1127 1072 1258 1143 erit,
1287 1073 1394 1132 ista
1421 1073 1591 1132 mihi:
2027 1107 2083 1149 70

310 1172 365 1229 Is
397 1191 620 1249 quoque
646 1168 755 1247 jam
783 1191 962 1227 serum
992 1168 1189 1227 referet
1217 1183 1559 1251 veteremque
1588 1169 1955 1252 triumphum;

392 1265 524 1342 Quo
556 1278 734 1322 tamen
761 1261 984 1321 audiero
1015 1274 1289 1343 tempore,
1324 1261 1480 1323 laetus
1507 1286 1616 1322 ero,

307 1360 408 1420 Illa
435 1360 548 1420 dies
575 1360 783 1431 veniet,
819 1384 938 1419 mea
965 1383 1072 1441 qua
1099 1358 1357 1437 lugubria
1389 1383 1620 1442 ponam,

391 1459 677 1537 Causaque
704 1456 915 1537 privata
943 1454 1168 1537 publica
1196 1457 1370 1536 major
1398 1456 1516 1515 erit.

307 1601 399 1656 ejus
414 1597 736 1654 deponebatur,
757 1596 826 1639 vel
844 1596 1013 1651 templis
1033 1595 1153 1638 dica—

305 1667 444 1708 batur.
469 1662 519 1706 P'.

359 1731 427 1773 63.
447 1730 707 1783 Invem’elque
719 1731 894 1777 animus,
915 1743 998 1782 qua
1008 1743 1151 1769 currus

303 1801 461 1850 spectet
473 1797 660 1835 eburnos.
676 1794 914 1845 Invenz'tque
926 1790 1089 1833 Hamb.
1106 1798 1150 1832 et

304 1872 392 1904 tres
424 1859 492 1902 alii
526 1874 627 1902 cum
656 1856 983 1900 Arondeliano:
1021 1859 1149 1899 Inve-

302 1932 470 1982 niatque
481 1923 720 1968 Richelian.
737 1925 1002 1978 Inveniesque
1018 1923 1122 1964 alius
1137 1939 1147 1974 ;

302 1985 1149 2045 InveniesquearcemRottendorph.Tres

302 2057 563 2108 Ineem‘etque
575 2056 687 2094 viam
698 2085 707 2100 ‚
731 2059 780 2092 ut
795 2050 907 2106 apud
916 2050 1031 2106 Virg.
1042 2049 1148 2091 AEn.

306 2120 395 2173 IV,
425 2113 529 2174 478,
560 2119 727 2164 Inveni,
755 2132 978 2169 germana,
1012 2120 1148 2170 viam,-

303 2182 379 2225 sed
402 2182 500 2237 quia
521 2185 562 2225 τὲ
588 2186 659 2223 via
679 2180 808 2236 paulo
830 2189 929 2222 ante
954 2196 1147 2236 praeces-

301 2248 382 2301 sit,
413 2244 548 2289 scribe
581 2247 840 2301 Inveeu'etque
863 2248 1022 2287 aditum
1044 2263 1051 2285 f·
1073 2261 1149 2287 su-

331 2328 381 2354 ra
399 2311 530 2354 etiam
544 2313 717 2352 deducet
729 2318 774 2351 et
788 2314 908 2351 sinet.
927 2302 1092 2351 HEINs.

356 2376 422 2433 67,
443 2378 644 2430 Fi'ngenti.
666 2376 858 2428 Surgentz'
873 2373 1073 2415 Leidens.

355 2442 421 2483 68.
450 2442 756 2495 Proecipt'endus
793 2443 881 2481 erit.
910 2440 1149 2493 Pemjoaen-

303 2511 382 2550 dus
410 2507 456 2548 in
487 2504 730 2557 nonnullis,
752 2504 937 2557 rectius;
957 2503 1147 2559 Nauger.

294 2574 626 2627 perspice'endus,
656 2568 855 2612 Leidens.

1287 1597 1349 1653 69.
1363 1597 1501 1652 Atque
1507 1601 1659 1652 procul
1669 1598 1805 1642 Latio,
1826 1599 1958 1654 thue
1971 1614 2025 1654 qu
2031 1614 2080 1641 a·-

1238 1669 1341 1704 tuor
1353 1662 1512 1718 scripti.
1530 1661 1644 1717 Lege
1663 1663 1812 1717 Atque.
1828 1662 2009 1704 H.-ln
2021 1680 2077 1705 or.

1233 1728 1323 1768 bem
1354 1728 1570 1774 dzfversum.
1598 1726 1652 1768 In
1679 1725 1902 1785 Scythiam
1929 1730 2077 1783 procul

1232 1791 1417 1847 positam
1440 1791 1492 1834 ab
1517 1790 1662 1846 Italia,
1684 1792 1802 1847 quasi
1824 1808 1875 1834 ea
1896 1793 1949 1835 sit
1969 1793 2076 1835 alter

1232 1856 1361 1898 orbis.

1289 1921 1352 1976 73.
1372 1921 1458 1962 Illa
1471 1922 1562 1962 dies
1581 1923 1725 1962 veniel.
1740 1919 1889 1964 Scribe
1909 1926 2077 1965 veniatt

1231 1992 1294 2026 est
1315 1984 1435 2026 enim
1450 1984 1661 2040 optantis;
1678 1984 1736 2027 sic
1750 1984 1879 2026 Trist'.
1895 1986 1988 2039 ΙΙΙ,
2008 1985 2075 2028 El.

1231 2061 1261 2090 v
1276 2080 1288 2101 ‚
1313 2051 1390 2091 55:
1413 2065 1435 2084 «
1457 2048 1591 2090 Hunc
1604 2048 1772 2091 utinam
1790 2081 1801 2102 ,
1821 2047 1947 2091 nitidi
1963 2049 2074 2093 Solis

1230 2112 1514 2169 praenuntius,
1533 2121 1680 2155 ortum
1692 2113 1876 2156 Adferat
1891 2113 2076 2159 admisso

1231 2177 1407 2220 Lucifer
1421 2178 1539 2220 albus
1553 2193 1667 2234 equo
1684 2179 1726 2220 l»
1741 2187 1784 2221 et
1803 2196 1823 2215 «
1835 2179 1969 2222 Hunc
1983 2179 2073 2221 Au·-

1232 2258 1331 2285 rora
1348 2242 1465 2284 diem
1478 2276 1488 2293 ‚
1517 2243 1755 2298 spectacula
1774 2251 1891 2285 tanta
1911 2243 2071 2286 feren-

1229 2316 1318 2350 tem
1335 2340 1346 2362 ,
1367 2307 1712 2364 Quamprimum
1731 2313 1891 2351 croceis
1905 2307 2074 2351 roscida

1229 2382 1374 2430 portet
1394 2374 1539 2428 equis!
1561 2390 1583 2410 υ
1605 2373 1663 2416 Et
1685 2374 1814 2417 Pont.
1836 2373 1904 2416 lib.
1926 2373 1974 2426 l,
2003 2371 2072 2415 El.

1228 2451 1293 2491 IV,
1308 2440 1356 2494 57
1372 2454 1416 2480 z«
1433 2438 1686 2480 Memnonis
1696 2437 1806 2480 hanc
1817 2438 2001 2490 utinam,
2016 2438 2072 2480 le-

1227 2502 1322 2545 nito
1339 2503 1532 2559 principe
1545 2535 1557 2556 ,
1572 2513 1711 2546 mater
1727 2502 2067 2559 Quamprimum

1227 2585 1350 2612 roseo
1371 2577 1576 2626 provocet
1593 2585 1668 2614 ore
1690 2568 1830 2614 diem!
1860 2587 1882 2608 »
1902 2570 2065 2612 HEINS.
