2280 3776
251 311 362 380 466

705 314 767 363 P.
826 310 1125 364 OVIDII
1182 307 1564 364 NASONIS

248 430 374 509 Ipse
393 473 406 498 ‚
442 448 665 509 precor,
698 447 906 506 quaeras
924 470 938 495 ‚
969 448 1077 507 qua
1105 424 1207 484 sim
1239 423 1343 484 tibi
1370 438 1523 506 parte
1548 424 1819 505 juvandus
1841 472 1856 497 ‚

330 525 572 606 Quoque
602 523 744 583 viam
774 522 938 583 facias
970 523 1039 583 ad
1070 547 1186 584 mea
1218 534 1343 583 vota
1370 523 1526 583 vado.
1973 541 2029 583 50

245 669 376 713 nnch.
398 669 469 721 11,
494 681 548 722 11,
567 684 617 727 9:
636 685 657 704 «
672 668 739 711 Ut
755 683 850 724 spes
867 665 985 709 nulla
1005 666 1100 710 reli-

247 750 330 791 qua
346 734 391 776 in
413 743 453 776 te
476 742 586 776 esset
602 732 703 787 tibi,
723 733 850 776 simul
871 732 1100 775 consilium

698 797 756 840 Et
787 797 845 840 ita
879 797 949 840 alii
973 813 1100 854 saepe.

244 816 346 843 cum
370 815 416 841 re
436 798 624 841 amisisti.
644 816 664 835 »

307 954 330 959 .-
358 952 615 959 ⁴....⁴‚.—--—-.—--

1184 667 1335 712 Slmile
1354 665 1489 723 iilud,
1525 669 1643 716 Ουτος
1676 667 1762 712 δ”
1744 675 1836 731 ανὴρ
1876 689 2027 729 αριστ-ος

1183 736 1284 782 ὅστις
1315 736 1457 777 ε’λπίσιν
1482 736 1649 778 πέποιθεν
1669 753 1746 778 occet
1762 765 1773 786 ,

1182 807 1282 859 ῥεῖν,
1304 797 1436 860 ἄνδρας
1466 806 1606 851 κακοῦ;
1631 797 1784 854 Eurip.
1809 798 1919 841 Her.
1939 798 2026 840 fur

1800 735 1841 777 τὲ
1862 732 1897 776 δ’
1922 734 2026 777 ἄπο-

741 1050 1253 1120 EPISTOLA
1304 1050 1533 1119 XIII.

1023 1189 1257 1204 mmm

995 1350 1268 1410 CARO.

831 1627 1430 1680 ARGUMENTUM.

241 1764 452 1807 Carmina
473 1778 549 1805 sua
569 1760 747 1818 proprio
766 1758 911 1803 colore
933 1758 1127 1816 dignosci
1151 1773 1276 1815 posse
1296 1757 1444 1801 scribit
1463 1772 1488 1799 a
1509 1755 1628 1800 Caro
1649 1788 1661 1810 ,
1693 1763 1822 1813 poeta
1853 1754 2024 1798 eximio.

294 1835 449 1878 Getico
461 1848 665 1876 sermone
680 1829 865 1887 Augusti
881 1828 1029 1872 laudes
1048 1845 1140 1872 sese
1153 1828 1356 1871 cecinisse
1374 1835 1540 1882 narrat,
1553 1843 1685 1883 seque
1702 1825 2025 1870 restituendum

296 1906 347 1948 ab
377 1898 577 1958 Augusto
602 1900 734 1945 fuisse
765 1900 835 1943 vel
856 1900 968 1956 ipsos
987 1898 1122 1942 Getas
1146 1897 1370 1954 judicasse.
1399 1896 1534 1940 Sexto
1554 1905 1704 1940 tamen
1727 1911 1846 1939 anno
1870 1895 1960 1951 jam
1979 1910 2026 1937 se.

294 1978 341 2018 in
376 1972 521 2017 exsilio
557 1969 721 2012 morari
751 1967 924 2023 adjicit,
957 1983 1009 2010 ex
1036 1983 1123 2023 quo
1154 1965 1297 2009 redire
1319 1974 1369 2011 ut
1392 1964 1544 2018 liceat,
1579 1963 1750 2019 Carus,
1783 1963 2025 2007 formandis

293 2042 549 2088 Germanici
575 2039 673 2082 filiis
691 2037 944 2095 praefectus,
968 2045 1018 2092 ut
1037 2036 1237 2078 obtinere
1260 2035 1454 2088 nitatur,
1475 2033 1598 2090 petit.

250 2175 325 2259 Ο
359 2194 500 2255 mihi
529 2215 642 2251 non
673 2190 876 2251 dubios
897 2189 1041 2247 inter
1067 2185 1420 2247 memorande
1449 2184 1690 2255 sodalem,

327 2291 554 2373 Quique
573 2335 589 2359 ‚
623 2287 775 2370 quod
803 2309 858 2345 es
890 2308 1014 2345 vere
1034 2330 1048 2355 ‚
1081 2284 1220 2342 Care
1238 2329 1252 2354 ‚
1282 2280 1523 2353 vocaris,
1551 2303 1663 2340 ave.

243 2390 405 2450 Unde
437 2384 720 2456 saluteriS‚
753 2381 908 2443 color
932 2381 1024 2440 hic
1052 2379 1157 2440 tibi
1187 2378 1448 2461 protinus
1475 2377 1666 2449 index,

321 2492 396 2548 Et
425 2499 697 2548 structura
727 2481 833 2541 mei
866 2477 1119 2540 carminis
1144 2501 1260 2538 esse
1291 2491 1512 2561 potest3

241 2587 374 2644 Non
402 2581 530 2664 quia
556 2576 785 2638 mirifica
811 2589 917 2646 est,
955 2572 1050 2635 sed
1080 2572 1234 2655 quod
1262 2595 1363 2632 nec
1391 2570 1616 2654 publica
1644 2566 1821 2631 certe·
1810 2619 1823 2642 ‚

295 2748 329 2773 1.
343 2729 627 2776 Memorande.
641 2725 881 2768 Veneranda
893 2721 981 2764 duo
991 2736 1093 2764 cum

241 2795 391 2853 primis
404 2794 506 2837 edit.
519 2792 780 2835 Numerande
789 2788 878 2831 duo
890 2787 973 2831 alii.

296 2879 334 2903 2.
352 2862 440 2914 Qui
449 2860 563 2914 quod
570 2873 615 2899 es
628 2858 678 2899 id
689 2856 974 2909 vere.Quc'que,
986 2853 1100 2908 quod

242 2943 301 2978 es,
328 2941 420 2975 vere
442 2920 659 2974 nonnulli.
686 2921 856 2967 HEINS.

299 2991 337 3033 3.
373 2991 493 3032 Unde
511 2989 720 3029 saluteris.
745 2985 784 3026 A
802 2998 889 3038 quo
910 2981 1022 3024 salus
1041 2979 1096 3025 ad

244 3064 289 3098 te
302 3053 507 3106 mittitur,
522 3051 576 3094 de
590 3066 715 3100 more
727 3047 1032 3096 scribentium,
1047 3043 1095 3087 in

244 3117 597 3178 principiohujus
607 3114 811 3171 epistolae.
813 3114 999 3154 —Color
1012 3113 1094 3152 hic.

250 3183 386 3227 Color
404 3183 565 3228 chartae
588 3180 772 3232 attritae,
797 3187 841 3222 et
862 3175 1096 3233 squalentis

246 3248 574 3299 attrectantium
606 3245 838 3292 manibus,
867 3250 913 3284 et
936 3240 1095 3283 seren-

247 3312 359 3355 tium
384 3310 534 3353 hanc'
524 3325 661 3366 ipsam
685 3308 912 3364 epistolam
941 3323 964 3348 e
987 3305 1095 3357 lon-

247 3376 420 3433 ginquis
437 3374 701 3430 regionibus.
726 3371 1095 3415 Mla—Mallem

246 3441 489 3498 intelligere
523 3439 715 3482 colorem
749 3437 953 3481 carminis
976 3453 985 3487 ;
1021 3435 1101 3490 qui,

1999 2589 2024 2629 ‘cv

1173 2725 1324 2757 sensus
1344 2707 1549 2758 firmatur
1568 2723 1698 2758 versu
1718 2708 1797 2760 13,
1810 2723 1902 2749 mea
1921 2676 2022 2749 Mu-

1174 2792 1253 2819 sa.
1267 2779 1481 2830 ..proprio
1502 2777 1702 2830 deprensa
1718 2777 1865 2817 colore.

1232 2843 1270 2884 5.
1290 2841 1502 2903 Nonquia
1521 2856 1614 2882 mzr
1599 2841 1697 2895 fica
1715 2846 1790 2881 est.
1806 2838 1906 2886 Non
1923 2838 2026 2893 quia

1178 2912 1271 2962 haec
1283 2922 1500 2960 structura
1516 2921 1579 2955 est
1597 2911 1822 2959 laudabilis
1842 2920 1886 2954 et
1901 2911 2025 2957 mira.

1178 2980 1328 3021 -Sed
1345 2977 1462 3034 quod
1481 2993 1558 3025 nec
1580 2979 1755 3032 publica
1783 2986 1907 3020 certe.
1935 2973 2027 3023 Sed

1179 3044 1298 3100 quod
1319 3052 1436 3087 certe
1460 3059 1551 3086 non
1573 3051 1637 3091 est
1658 3041 1753 3088 talis
1773 3052 1823 3090 ut
1843 3043 2024 3100 dignam,

1178 3107 1420 3153 existimem
1441 3140 1452 3161 ,
1483 3123 1580 3163 quae
1609 3107 1655 3150 in
1678 3106 1900 3163 publicum
1926 3121 2032 3163 pro-

1179 3172 1272 3215 dire
1294 3172 1462 3222 debeat.
1486 3172 1617 3219 MER.
1632 3171 1938 3228 —Nugatoria
1958 3172 2030 3213 in-

1178 3238 1433 3294 terpretatio
1452 3254 1462 3280 ε
1485 3237 1603 3283 idem
1623 3237 1747 3280 enim
1765 3246 1891 3285 notat
1909 3270 1922 3291 ,
1952 3251 2031 3282 nec,

1171 3306 1369 3358 publica,
1393 3302 1509 3358 quod
1530 3318 1622 3353 non
1646 3302 1826 3358 plebeiae
1846 3311 1890 3346 et
1905 3316 2028 3350 com-

1178 3371 1323 3414 munis
1350 3386 1472 3417 venae
1490 3403 1501 3424 ‚
1534 3379 1577 3412 et
1605 3379 1747 3420 notam
1772 3377 1822 3412 ut
1844 3370 2023 3412 Petron.

1177 3452 1212 3478 c.
1238 3435 1330 3489 111,
1353 3451 1484 3482 sermo
1504 3437 1758 3487 npnqulictf
1772 3434 2023 3486 sastqr1155et
