2268 3848
282 302 351 372 42
757 306 821 358 P.
869 304 1165 360 OVIDII
1209 300 1597 358 NASONIS

878 581 1278 654 ELEGIA
1332 584 1468 654 IX.

844 846 1517 903 ARGUMENTUM.

287 968 506 1025 Queritur
527 977 656 1025 poeta
682 970 863 1026 vulgum
886 971 1010 1027 sequi
1031 970 1258 1014 fortunam
1275 1003 1286 1025 ,
1310 979 1354 1013 et
1370 969 1571 1014 secundis
1588 976 1762 1013 tantum
1779 969 1910 1013 rebus
1929 968 2076 1013 adesse

339 1039 505 1091 arnico,
531 1046 572 1081 at
595 1039 639 1080 in
671 1038 859 1083 adversis
887 1056 992 1083 eum
1021 1040 1258 1083 destituere
1279 1038 1427 1095 :quod
1455 1037 1636 1095 quidem
1664 1054 1712 1081 re
1741 1037 1822 1081 sibi
1852 1039 2079 1093 cognitum

333 1107 467 1150 fuisse
489 1108 616 1151 docet
634 1126 643 1160 ;
670 1109 888 1165 siquidem
904 1119 1141 1166 antequam
1161 1109 1430 1166 relegaretur
1444 1109 1497 1151 ab
1512 1109 1713 1166 Augusto
1726 1141 1738 1163 ,
1754 1108 1915 1153 multos
1929 1110 2082 1153 habuit

338 1176 500 1220 amicos
525 1194 534 1220 ε
554 1186 597 1220 at
619 1187 851 1234 postquam
871 1179 1163 1227 subitaruina
1180 1176 1353 1223 ¹corruit
1370 1213 1382 1234 ,
1410 1180 1640 1223 neminem
1661 1179 1857 1235 invenit,
1879 1180 1926 1223 in
1956 1181 2080 1237 cujus

334 1249 534 1305 praesidio
556 1249 849 1304 acquiesceret
862 1282 873 1303 ‚
895 1266 1034 1306 quum
1046 1250 1211 1302 multis,
1228 1267 1308 1306 per
1328 1249 1512 1294 Caesaris
1526 1250 1805 1306 modestiam,
1821 1251 1864 1294 id
1877 1260 2081 1308 praestare

335 1319 526 1363 licuisset
539 1337 548 1372 ;
566 1318 926 1375 quandoquidem
940 1319 992 1362 ab
1005 1336 1058 1363 eo
1073 1319 1238 1363 hostilis
1253 1336 1355 1378 erga
1367 1320 1560 1363 amicum
1573 1335 1698 1364 amor
1709 1320 1843 1364 etiam
1856 1321 2080 1378 probetur.

283 1468 360 1555 D
378 1513 564 1556 ETUR
591 1497 879 1558 inoffensae
908 1513 1111 1558 metam
1140 1498 1246 1558 tibi
1277 1513 1499 1578 tangere
1528 1498 1684 1572 vitae3

363 1595 481 1673 Qui
509 1593 648 1673 legis
677 1595 786 1655 hoc
815 1595 982 1655 nobis
1007 1620 1125 1655 non
1157 1595 1414 1656 inimicus
1443 1608 1617 1680 opus;

279 1691 467 1774 Atque
496 1693 709 1753 utinam
739 1717 842 1776 pro
874 1709 927 1754 te
958 1694 1180 1777 possint
1206 1717 1325 1754 mea
1347 1709 1474 1754 vota
1503 1693 1711 1769 valere,

363 1791 504 1870 Quae
531 1815 633 1874 pro
663 1815 749 1851 me
780 1792 948 1852 duros
971 1817 1087 1852 non
1120 1792 1344 1870 tetigere
1374 1793 1563 1853 Deos!

280 1887 475 1947 Donec
508 1888 613 1947 eris
641 1887 802 1967 felix,
837 1888 1046 1949 multos
1068 1889 1389 1950 numerabis
1417 1889 1666 1962 amicos'3

360 1984 637 2067 Tempora
665 1983 711 2043 si
744 1983 951 2043 fuerint
980 1983 1203 2056 nubila,
1241 1983 1394 2046 solus
1421 1984 1546 2045 eris.

281 2079 573 2163 Adspicis,
611 2097 676 2141 ut
701 2081 926 2142 veniant
951 2081 1022 2140 ad
1054 2081 1287 2141 candida
1313 2096 1454 2143 tecta
1487 2079 1784 2153 columbae;
1808 2097 1813 2102 ·

2054 1905 2083 1947 ἒῖῑ

361 2179 617 2263 Accipiat
642 2179 821 2240 nullas
853 2180 1078 2240 sordida
1106 2181 1279 2241 turris
1307 2204 1448 2241 aves.

283 2278 496 2338 Horrea
531 2278 772 2339 formicae
802 2278 1038 2338 tendunt
1065 2277 1135 2338 ad
1164 2278 1349 2336 inania
1380 2299 1702 2359 nunquam;

362 2374 567 2436 Nullus
594 2375 664 2435 ad
693 2375 922 2436 amissas
948 2375 1057 2435 ibit
1086 2374 1293 2435 amicus
1323 2398 1476 2458 opes.
2036 2405 2084 2431 ω

344 2538 378 2562 1.
401 2522 538 2563 Detur
564 2518 786 2576 inofsbnssroe
814 2525 912 2563 vita·
938 2523 1020 2563 tibi
1042 2527 1143 2562 tan·
1223 2528 1313 2562 tam
1334 2517 1575 2576 perveniat.
1603 2514 1677 2569 Sic
1701 2514 1957 2570 inoffensum
1977 2530 2083 2558 cur-

279 2600 374 2640 gere
389 2595 550 2628 melam.
569 2584 843 2635 Concinnius
859 2594 1047 2640 quatuor
1062 2600 1145 2626 au-
1223 2601 1316 2628 sum
1342 2587 1542 2628 bonorum
1568 2582 1675 2626 dixit
1695 2581 1873 2625 Tacitus
1886 2615 1898 2635 ,
1924 2582 1944 2624 1
1968 2580 2080 2622 Hist.

285 2650 394 2706 tiqui
409 2659 559 2693 metam
572 2654 831 2705 tt'bz‘tangere
841 2655 938 2692 vz‘loe
951 2664 966 2702 ;
982 2658 1025 2692 et
1038 2665 1140 2691 mox
1223 2652 1276 2704 48
1288 2683 1299 2703 ,
1321 2665 1415 2692 non
1434 2649 1692 2705 inoffensam
1711 2655 1861 2690 metam
1875 2663 1888 2689 :
1902 2646 2005 2688 hinc
2017 2650 2081 2687 in-

0 2769 4 2776 Ι
6 2751 25 2774 4,
24 2720 449 2865 youth!
458 2732 538 2772 pro
549 2723 726 2773 possent
736 2715 950 2758 meliores.
972 2714 1140 2757 HEth.
1223 2714 1417 2771 offinsus
1441 2714 1570 2771 coepit
1599 2711 1800 2776 usurpari
1830 2727 1910 2768 pro
1938 2711 2082 2754 conti-

265 2766 460 2838 ‘af-Legi
491 2765 679 2837 quidarii‘
705 2773 947 2825 'x‘zoluerunt
979 2796 990 2822 t
1022 2781 1144 2821 detur
1222 2797 1342 2833 nuo,
1372 2780 1466 2823 sine
1494 2778 1758 2833 intervallo,
1781 2777 1849 2819 vel
1883 2776 2082 2819 interru—

282 2846 541 2902 inoffensam
562 2851 659 2888 vz'toe
677 2851 759 2889 tibi
773 2855 941 2901 tangere
960 2853 1110 2888 metam
1125 2878 1135 2895 ,
1223 2846 1372 2902 ptione
1389 2861 1399 2896 ;
1441 2844 1501 2888 sic
1534 2842 1653 2886 idem
1690 2841 1795 2885 dixit
1826 2840 2080 2896 inoffinsum

279 2911 411 2968 quod'
428 2911 647 2955 illustrant
670 2928 719 2954 ex
742 2912 900 2953 Horat.
918 2912 964 2964 Ι,
997 2909 1085 2954 Od.
1100 2923 1136 2963 1,
1223 2913 1390 2952 navium
1403 2911 1608 2959 ordinem,
1637 2907 1708 2950 lib.
1731 2907 1776 2950 II
1799 2905 1914 2948 Hist.
1933 2905 1983 2946 32
1998 2937 2008 2957 ,
2036 2912 2082 2946 et

286 2980 312 3032 4
328 3011 339 3032 ,
372 2985 481 3021 meta
499 2976 684 3032 fervidis·
710 2983 867 3020 evitata
891 2981 994 3020 rotis
1020 2993 1031 3019 ,¹
1062 2975 1139 3019 sed
1225 2973 1415 3030 Quintil.
1441 2974 1461 3017 Ι
1483 2972 1537 3016 de
1554 2974 1660 3016 Inst.
1676 2970 1803 3016 Orat.
1824 2987 1840 3012 1
1864 2967 2081 3023 :inoffen-

284 3043 342 3086 ibi
362 3043 441 3086 alia
463 3059 532 3086 res
553 3051 615 3086 est
639 3058 648 3084 :
666 3043 937 3086 iterabantur
955 3043 1075 3085 enim
1093 3043 1139 3085 in
1221 3055 1314 3081 sam
1333 3041 1543 3081 literarum
1563 3041 1672 3080 inter
1681 3052 1727 3078 se
1739 3035 2078 3090 conjunctionem.

286 3107 402 3151 circo
428 3108 590 3164 spatia;
615 3108 660 3150 in
694 3108 774 3150 hac
807 3116 955 3150 autem
990 3116 1140 3150 meta—
1279 3106 1318 3158 4.
1342 3106 1484 3146 Duros
1501 3106 1632 3146 Deos.
1652 3101 1773 3144 Deos
1786 3099 1897 3142 mihi
1917 3098 2081 3143 diffici-

287 3172 426 3229 phora
460 3189 484 3214 a
517 3172 654 3215 stadio
690 3173 918 3228 desumpta
949 3205 960 3226 ,
1004 3172 1140 3215 semel
1222 3172 1304 3222 les3
1331 3169 1553 3211 Caesarem
1568 3167 1895 3210 inclementem.

288 3237 421 3280 modo
446 3237 679 3281 decurrere
705 3238 804 3281 licet
820 3271 830 3291 ‚
863 3246 907 3280 et
932 3238 1005 3280 ubi
1034 3254 1139 3280 me-
1284 3253 1347 3279 10.
1377 3239 1531 3278 Nullus
1543 3237 1799 3277 adamztcsas
1820 3235 1901 3275 ibit
1916 3233 2079 3273 amicus

288 3313 377 3347 tam
391 3302 645 3360 adtigimus,
668 3304 813 3347 nullus
828 3305 945 3347 locus
958 3304 1140 3348 offensae
1222 3318 1332 3356 opes.
1365 3302 1504 3343 Currit
1530 3298 1751 3356 exemplar
1779 3306 1904 3340 vetus
1936 3296 2077 3338 Bers-

285 3369 576 3426 relinquitur:
597 3378 714 3425 optat
730 3385 834 3426 ergo
851 3403 862 3423 ‚
885 3379 933 3412 ut
953 3372 1045 3413 sine
1069 3370 1140 3413 of-
1222 3367 1389 3411 manni.
1412 3367 1507 3422 Ego
1521 3370 1627 3409 visit
1645 3363 1953 3421 reponendum
1972 3377 2077 3405 cen—

285 3434 514 3479 sensas-sitae
526 3433 717 3478 stadium
727 3433 1040 3487 deeurrens,ad
1054 3450 1140 3477 me·
1222 3450 1307 3477 seo.
1333 3433 1501 3477 HmNs.

322 3524 341 3562 ο
1156 3539 1179 3585 1,.

1141 3587 1183 3644 ⁹1!
