2268 3848
416 350 864 409 TRISTIUM
903 352 1066 409 LIB.
1111 354 1199 410 11.
1243 355 1365 410 ΕΙ..
1410 353 1700 413 UNICA.

1879 358 1950 413 65

166 469 351 553 Atque
379 493 440 532 ea
465 471 543 532 sic
571 468 725 555 lapsa
752 484 867 542 est,
898 484 963 531 ut
992 494 1241 551 surgere,
1274 472 1319 534 si
1347 472 1516 534 modo
1548 471 1661 534 laesi

251 565 628 628 Ematuruerit
656 566 889 631 Caesaris
915 566 993 627 ira
1011 613 1026 639 ‚
1059 582 1240 650 queat.

172 664 346 747 Cujus
376 664 433 725 in
461 679 655 726 eventu
682 687 859 748 poenae
890 662 1177 726 clementia
1210 678 1361 725 tanta
1389 677 1507 738 est,

1881 682 1957 725 125

251 762 332 821 Ut
358 759 524 823 fuerit
549 774 745 822 nostro
771 759 951 821 lenior
978 759 1070 820 illa
1100 775 1266 822 metu.

170 858 302 920 Vita
331 858 458 935 data
490 874 605 933 est,
636 859 884 943 citraque
910 882 1099 921 necem
1130 874 1220 920 tua
1256 858 1506 920 constitit
1531 859 1646 934 ira,

254 956 308 1017 O
339 957 603 1041 princeps
632 980 793 1041 parce
821 955 1034 1017 viribus
1055 980 1152 1017 use
1184 955 1310 1017 tuis.

168 1055 407 1136 Insuper
434 1053 732 1126 accedunt,
766 1069 818 1115 te
846 1077 961 1114 non
992 1052 1264 1115 adimente
1281 1098 1297 1124 ‚
1325 1065 1593 1135 patemae,

254 1149 542 1232 Tanquam
574 1149 686 1209 vita
713 1173 908 1233 pamm
933 1147 1175 1209 muneris
1200 1160 1375 1218 esset,
1406 1170 1558 1230 opes·

1886 1168 1964 1208 130

171 1246 286 1307 Nec
315 1268 433 1306 mea
463 1244 683 1306 decreto
710 1244 982 1305 damnasti
1010 1245 1149 1305 facta
1183 1256 1404 1304 senatus
1428 1266 1441 1301 :

253 1340 368 1401 Nec
398 1363 518 1401 mea
547 1338 750 1400 selecto
775 1339 960 1422 judice
985 1339 1132 1421 jussa
1165 1336 1300 1416 suga
1329 1351 1431 1398 est.

172 1433 457 1497 Tristibus
482 1434 730 1496 invectus
760 1434 972 1507 verbis,
1005 1434 1078 1496 ita
1111 1431 1363 1517 principe
1391 1431 1647 1512 dignum,

256 1530 427 1593 Ultus
459 1554 515 1592 es
547 1530 790 1593 offensas
816 1578 831 1603 ‚
855 1546 922 1592 ut
950 1531 1135 1602 decet,
1168 1531 1286 1614 ipse
1318 1544 1454 1590 tuas.

175 1627 367 1701 Adde,
399 1628 549 1713 quod
580 1628 848 1702 edictum,
882 1628 1131 1711 quamvis
1162 1628 1396 1688 immane
1425 1626 1755 1712 minaxque,

1886 1646 1964 1690 135

258 1727 521 1788 Attamen
548 1726 607 1787 in
634 1749 809 1811 poenae
838 1726 1059 1787 nomine
1090 1724 1210 1787 lene
1246 1724 1368 1785 fuit.

178 1822 407 1907 Quippe
438 1822 739 1901 relegatuS‚
768 1846 884 1883 non
914 1820 1067 1884 exsul
1098 1822 1253 1883 dicor
1278 1821 1339 1881 in
1366 1819 1495 1895 illo;

219 1979 222 1982 ,
259 1921 540 2004 Parcaque
567 1920 803 1981 sortunae
829 1934 962 1980 sunt
987 1919 1112 1981 data
1141 1919 1306 1981 verba
1332 1944 1481 1981 meae.

237 2065 328 2119 ¹²4·
365 2064 662 2108 Emolumerit.
704 2063 883 2108 Matura
918 2063 1034 2109 facta

179 2126 340 2184 fuerit,
362 2136 407 2172 et
424 2128 571 2174 lenita.
595 2129 654 2173 Et
669 2127 941 2183 Columella,
962 2128 1034 2174 lib.

182 2191 305 2238 Vll:
327 2209 350 2232 κ
380 2194 438 2238 Et
465 2208 603 2251 quum
625 2195 838 2239 maturuit
862 2209 1035 2251 suppu-

182 2259 294 2304 ratio
303 2291 316 2314 ‚
334 2259 598 2304 rescinditur
608 2258 731 2304 ferro
744 2275 756 2312 3
775 2278 797 2299 »ι
813 2259 912 2304 vide
922 2258 1034 2304 Gell.

186 2322 258 2368 lib.
275 2325 342 2380 X,
369 2340 460 2382 cap.
486 2342 549 2368 ιι.

235 2407 251 2434 1
260 2391 324 2435 26.
339 2392 536 2448 Utfuen‘t
544 2399 686 2436 nostro
696 2396 831 2437 lenior
839 2398 904 2436 ira
915 2400 1036 2436 metu.

190 2456 347 2501 Lenior
360 2460 439 2500 illa
459 2457 661 2502 meliores
681 2475 692 2503 t
712 2468 854 2511 recte;
875 2475 978 2502 nam
996 2463 1039 2503 τὶ

188 2523 255 2562 ira
282 2531 556 2578 precesserat
576 2554 588 2577 ,
619 2531 663 2566 et
689 2524 886 2580 proximo
911 2540 1038 2566 versu

190 2584 337 2630 denuo
356 2587 551 2630 iteratur.
569 2587 792 2631 Leidensis
808 2590 938 2630 etiam
961 2590 1045 2631 Ve-

191 2655 300 2694 nerit
312 2656 363 2694 at
377 2657 518 2695 nostm
531 2685 543 2702 ,
565 2661 762 2696 venuste.
774 2652 942 2696 Hzms.

249 2731 340 2773 127.
379 2718 574 2773 citraque
606 2733 757 2761 necem.
788 2716 914 2761 Citra
940 2718 1045 2761 ani—

191 2779 545 2824 madversionem
559 2781 606 2824 in
619 2782 752 2826 vitam
773 2790 818 2825 et
833 2782 1047 2826 fortunas.

251 2848 342 2891 130.
373 2849 591 2904 Tanquam
606 2853 698 2892 vita
701 2865 851 2904 parum
866 2854 1047 2892 muneris

167 2926 169 2928 ·
190 2921 315 2956 esset.
333 2911 504 2956 Laudat
531 2911 715 2957 Caesaris
734 2914 1014 2958 clementiam
1032 2948 1044 2970 ,

193 2975 262 3020 cui
274 2976 362 3020 vita
375 2975 541 3021 ovidio
553 2994 753 3022 concessa
768 2995 950 3036 parvum
964 2981 1045 3022 be-

195 3039 406 3084 neficium
431 3042 662 3087 videbatur
678 3075 689 3096 ,
723 3043 805 3086 nisi
826 3043 959 3087 etiam
985 3043 1046 3087 illi

194 3105 394 3150 fortunas
413 3122 511 3151 suas
530 3108 820 3152 concessisset.

255 3171 347 3214 131.
382 3173 473 3215 Nec
509 3188 602 3216 mea
636 3177 797 3216 decreto
833 3176 1053 3218 damnasti

185 3235 319 3292 facta
327 3245 524 3292 sennem,-
534 3237 641 3292 fata
659 3238 822 3282 habent
838 3240 1018 3296 quidam
1033 3257 1046 3293 ;

187 3301 355 3358 findam
370 3304 584 3347 damnasti
596 3303 781 3357 Morem
799 3305 868 3348 alii
882 3309 1049 3349 decreto

196 3368 422 3409 damnatur
436 3369 527 3410 vita
544 3377 703 3412 senatu.

256 3431 346 3474 132.
368 3433 542 3477 selecto.
567 3434 769 3478 Fuerunt
789 3435 907 3478 enim
930 3452 1048 3493 qua-

199 3504 301 3540 tuor
317 3495 507 3541 decuriae
527 3498 721 3555 judicum
745 3502 916 3558 primo,
950 3503 1049 3558 plu-

356 3581 507 3640 VII.

1114 2064 1233 2109 ribus
1254 2063 1449 2110 discreta
1469 2065 1734 2111 nominibus.
1764 2066 1969 2125 Namque

1115 2130 1207 2173 alie
1223 2130 1503 2174 tribunorum
1518 2131 1612 2174 aeris
1624 2164 1635 2185 ‚
1651 2130 1743 2174 alie
1758 2131 1968 2188 judicum.

1118 2193 1314 2251 Quidam
1342 2196 1581 2253 nongenti,
1613 2195 1791 2252 quidam
1822 2197 1971 2242 selecti

1116 2259 1410 2311 vocabantur3
1433 2259 1546 2303 Plin.
1565 2260 1636 2303 lib.
1659 2261 1877 2304 xxxlu.

1176 2325 1266 2367 133.
1292 2326 1364 2367 Ita
1374 2329 1565 2380 principe
1583 2328 1764 2379 dignum.
1786 2327 1971 2381 Dignum

1114 2396 1182 2431 es!
1200 2388 1395 2445 plerique
1411 2405 1422 2439 ;
1446 2388 1723 2433 Buslidianus
1741 2407 1771 2432 a
1783 2395 1975 2447 principe

1116 2457 1281 2510 dtynas.
1300 2453 1418 2496 Puto
1435 2470 1490 2496 ac
1498 2458 1691 2511 μήνη-ἡκ
1707 2457 1861 2512 de'5ne'5.
1884 2457 1945 2500 H.

1176 2519 1266 2562 135.
1306 2520 1509 2572 Quamvis
1542 2523 1703 2563 immite
1734 2525 1972 2579 minaxque.

1124 2583 1311 2626 Immone
1330 2582 1455 2639 prim.
1478 2582 1608 2628 Polit.
1624 2593 1669 2628 et
1682 2593 1772 2642 opt.
1787 2586 1974 2631 Palatin.

1124 2646 1261 2691 Bene.
1284 2647 1451 2692 Hms.

1185 2715 1275 2771 137.
1310 2715 1471 2769 Quippe
1502 2719 1722 2771 relegatus.
1762 2716 1974 2774 Relegare

1125 2784 1191 2820 est
1206 2809 1218 2831 ‚
1240 2777 1285 2820 in
1312 2778 1500 2822 insulam
1530 2779 1718 2838 aliquem
1733 2813 1746 2836 ‚
1769 2781 1839 2825 vel
1859 2782 1905 2825 in
1927 2798 1975 2825 a·

1125 2840 1233 2884 lium
1253 2840 1397 2885 locum
1414 2844 1589 2888 mittere
1606 2863 1617 2897 ς
1635 2845 1878 2903 differtque
1894 2863 1977 2889 ex-

1126 2906 1270 2950 silium
1299 2910 1315 2963 (
1338 2917 1388 2952 ut
1411 2910 1727 2966 jurisconsultis
1752 2912 1925 2968 placet)
1952 2929 1976 2955 a

1127 2972 1392 3030 relegatione
1408 3007 1420 3028 ‚
1437 2975 1554 3031 quod
1573 2980 1770 3019 exsilium
1788 2986 1856 3020 est
1876 2994 1977 3034 per·

1129 3047 1312 3095 petuum
1325 3072 1338 3093 ‚
1357 3044 1557 3097 relegatio
1577 3042 1627 3085 fit
1649 3043 1701 3085 ad
1726 3052 1979 3099 tempus.—

1128 3107 1222 3149 Non
1238 3108 1367 3148 essu!
1376 3109 1495 3149 diem
1507 3109 1563 3149 ab
1581 3111 1679 3149 urbe
1693 3124 1757 3165 pr.
1774 3108 1910 3151 Palat.

1190 3189 1204 3214 1
1214 3173 1280 3215 38.
1302 3173 1700 3228 Parcaquesortuna
1714 3183 1815 3217 sant
1823 3179 1982 3218 ibive»

1130 3240 1186 3280 ba
1203 3254 1313 3281 mea.
1333 3241 1557 3293 Paucaque
1570 3239 1764 3296 quinque
1786 3250 1979 3293 veteres;

1129 3306 1349 3359 Parvaque
1357 3301 1630 3359 primNacic.
1641 3313 1686 3347 et
1695 3305 1784 3347 duo
1794 3305 1864 3348 alii
1876 3323 1887 3357 3
1903 3322 1984 3362 pro

1129 3373 1191 3412 ibi
1213 3369 1410 3425 plerique
1433 3371 1541 3418 t1·bi‚·
1568 3369 1763 3426 quinque
1784 3380 1885 3413 sunt
1900 3375 1982 3413 da-

1100 3450 1103 3453 ·
1129 3442 1197 3482 ta,
1222 3442 1269 3476 ut
1285 3434 1414 3476 Pont.
1431 3432 1503 3488 11,
1532 3434 1597 3476 El.
1612 3447 1705 3489 vu,
1723 3450 1799 3477 20:
1816 3453 1838 3472 «
1860 3435 1983 3477 Ver-

1128 3502 1270 3558 baque
1284 3500 1476 3545 fortunae
1491 3501 1556 3543 vix
1569 3509 1677 3558 puto
1693 3517 1814 3557 posse
1828 3500 1944 3550 ὀπὴ
1961 3519 1981 3535 ¹·

1690 3587 1720 3637 5
