2268 3848
479 335 917 414 arms-mum
965 357 1127 414 LIB.
1174 356 1264 410 11.
1321 356 1441 410 EL.
1492 355 1783 412 UMCA.
1941 360 2009 412 85

334 473 535 536 Pulsus
563 470 832 533 Aristides
851 473 958 531 'nec
990 485 1168 532 tamen
1199 469 1337 532 urbe
1365 494 1477 532 sua.

257 571 400 642 Nec,
435 569 529 653 qui
557 567 844 651 descripsit
872 567 1151 651 corrumpi
1183 568 1387 629 semina
1411 581 1641 628 matrum
1658 613 1675 640 ‚

1934 582 2014 637 ω,

337 667 579 739 Eubius,
611 666 837 748 impurae
865 664 1121 726 conditor
1141 665 1413 738 historiae3

257 765 371 825 Nec
389 810 404 835 ,
434 762 531 845 qui
557 761 868 845 composuit
894 782 1071 844 nuper
1097 761 1430 845 Sybaritida‚
1462 760 1637 841 fugit;

334 860 447 919 Nec
478 881 597 941 quae
625 856 954 917 concubitus
983 881 1095 917 non
1122 872 1332 919 tacuere
1361 882 1521 919 suos:

256 956 504 1039 Suntque
532 979 591 1017 ea
623 955 911 1016 doctorum
939 955 1308 1017 monumentis
1335 955 1497 1017 mista
1523 955 1797 1028 virorum,

335 1050 776 1134 Muneribusque
803 1050 1004 1111 ducum
1030 1049 1253 1134 publica
1281 1049 1420 1109 facta
1450 1063 1655 1132 patent.

1934 1063 2015 1119 [ρο

252 1145 398 1206 Neve
428 1145 731 1227 peregrinis
761 1159 972 1206 tantum
1003 1144 1262 1206 defendar
1287 1143 1355 1204 ab
1384 1144 1575 1218 armis),

335 1241 411 1300 Et
438 1242 723 1302 Romanus
751 1241 919 1303 habet
948 1238 1117 1301 multa
1147 1240 1331 1321 jocosa
1355 1238 1513 1300 liber.

256 1337 443 1420 thue
471 1359 573 1397 suo
599 1336 837 1397 Martem
866 1334 1062 1396 cecinit
1091 1335 1266 1414 gravis
1294 1334 1509 1396 Ennius
1540 1357 1659 1407 ore,

302 1483 396 1537 414.
409 1481 636 1526 Aristides.
649 1479 844 1525 Milesius
855 1488 981 1539 poeta
993 1479 1094 1535 fuit,

254 1545 330 1603 qui
350 1545 569 1591 Milesiaca
586 1554 784 1604 poemata
799 1578 811 1601 ,
833 1554 878 1590 et
895 1545 947 1589 de
968 1546 1097 1590 rebus

253 1609 482 1668 impudicis
506 1610 700 1668 scripsit,
734 1613 856 1666 cujus
876 1610 1095 1655 Plutarch.

254 1673 301 1718 in
333 1672 517 1729 Crasso,
548 1674 764 1718 Lucianus
791 1675 836 1717 in
863 1673 1099 1718 Amor-ibus

256 1737 559 1782 meminerunt
569 1770 581 1793 ‚
594 1747 639 1783 et
650 1738 870 1782 adnotavit
879 1738 932 1782 de
942 1738 1098 1783 eodem

256 1803 371 1862 Ang.
386 1803 626 1849 Politianus
641 1805 820 1849 Miscell.
843 1807 929 1850 XV
938 1806 969 1850 1.
984 1805 1097 1850 M1c.

309 1868 402 1923 416.
423 1870 586 1912 Eubius
596 1902 607 1921 ‚
630 1874 801 1925 impura>
814 1872 1005 1914 conditor
1020 1873 1096 1913 he·-

253 1937 403 1978 storia.
421 1931 706 1978 Credendum
727 1944 815 1989 est,
832 1935 1023 1979 Euhium
1034 1934 1099 1978 hi-

253 1997 459 2042 storicum
471 1998 517 2042 in
530 2013 609 2043 suo
621 2014 751 2056 opere
763 1999 992 2055 scripsisse,
1004 2016 1098 2042 mu·

251 2062 407 2107 lierem
427 2061 613 2120 aliquam
625 2063 802 2120 potione
821 2071 866 2107 et
879 2062 1102 2107 veneficiis

254 2126 494 2184 corrupisse
512 2135 686 2184 partum
703 2146 713 2181 ;
735 2127 852 2184 quod
875 2143 1011 2185 quum
1029 2127 1099 2171 se-

253 2192 363 2237 cerit
375 2225 387 2248 ,
408 2191 581 2237 videtur
591 2192 692 2237 alias
703 2193 916 2250 ejusmodi
931 2192 1098 2238 crimen

254 2256 460 2303 docuisse.
475 2257 604 2302 Mn.
619 2281 675 2292 -
689 2257 817 2302 Eubii
827 2290 839 2313 ,
858 2257 1099 2316 philosophi

253 2321 391 2377 stoici,
401 2321 607 2367 meminit
621 2321 829 2380 Stephan.
842 2323 887 2367 in
901 2313 1105 2372 Α’σκαλων.

256 2384 520 2431 Buttmann.

310 2451 404 2506 4¹7·
419 2453 527 2502 Nec,
541 2457 853 2509 quicomposm‘t
873 2469 1000 2508 nuper
1019 2456 1100 2512 Sy-

255 2517 458 2575 barite'da,
468 2515 600 2572 sugit.
616 2518 732 2561 Puto
755 2517 988 2573 legendum
1010 2526 1102 2559 tur-

252 2594 347 2634 pem
359 2579 609 2636 Syban'eida.
619 2580 889 2624 Hemitheon
898 2581 1101 2640 cynaedus

259 2643 460 2704 Sybarita
484 2645 781 2703 turpissimum
805 2646 964 2690 librum
986 2646 1101 2690 scri-

260 2708 343 2766 psit
363 2709 415 2753 de
437 2726 484 2754 re
506 2711 697 2755 Veneria
723 2711 837 2768 apud
860 2711 1109 2755 Lucianum—

259 2777 346 2848 «fei,-
371 2775 608 2821 ἀπαίδευτον.
633 2775 756 2819 Idem
783 2776 830 2818 in
855 2775 1102 2820 Pseudolo-

260 2846 366 2896 gista
394 2839 633 2884 Misthonis
659 2840 872 2899 Sybaritae
901 2842 1109 2886 meminit·

261 2903 494 2960 turpissimi
511 2903 753 2961 scriptoris:
767 2904 869 2961 hinc
883 2906 1111 2962 Syban'tici

262 2969 397 3010 libelli
423 2967 535 3024 apud
570 2966 821 3011 Martialem
840 3000 853 3022 ,
885 2967 955 3011 lib.
975 2970 1066 3012 XII
1088 3001 1102 3022 ,

265 3027 346 3085 Ep.
365 3042 486 3074 xcvl.
507 3031 565 3074 H.
579 3054 633 3064 —
650 3032 751 3075 Fuit
769 3040 916 3082 autem
936 3033 1104 3091 Sybaris

264 3094 473 3151 oppidum
496 3094 706 3140 Calabria
720 3128 733 3151 ,
764 3097 882 3140 inter
902 3095 1104 3141 Crathim

263 3169 309 3204 et
323 3160 524 3219 Sybarim
543 3156 709 3206 flurios.

317 3226 411 3280 418.
428 3227 489 3269 Et
499 3229 826 3282 quiconcubaus
844 3243 925 3270 non
943 3235 1113 3271 tacuere

264 3305 373 3334 suos.
409 3289 562 3333 Malim
596 3307 683 3346 quoe
702 3323 712 3342 ,
749 3299 799 3334 ut
831 3290 1032 3335 Philaenis
1060 3300 1106 3336 et

266 3345 520 3409 Elephantis
554 3353 850 3412 intelligantur
872 3387 884 3410 ,
921 3370 1106 3411 quarum

265 3416 499 3461 foedissima
519 3418 675 3475 scripta
697 3418 853 3475 passim
874 3420 1106 3464 circumfe-

267 3484 499 3539 rebantur;
519 3485 577 3530 sic
595 3493 710 3530 certe
731 3484 864 3531 codex
880 3486 1107 3531 Hambur—

1177 1481 1315 1540 gensis
1328 1514 1340 1537 ,
1357 1489 1400 1525 et
1417 1488 1502 1525 tres
1517 1479 1584 1524 alii
1601 1479 1726 1524 :hinc
1741 1478 1784 1523 in
1801 1479 2019 1536 Priapeis:

1179 1563 1201 1583 ιι
1237 1546 1343 1602 Quo
1371 1554 1435 1590 tot
1470 1545 1626 1602 figuras
1639 1577 1651 1598 ,
1684 1552 1788 1600 quot
1817 1543 2020 1588 Philaeni,

1178 1620 1378 1666 enarrat,
1400 1612 1502 1655 Non
1523 1609 1803 1663 admovente,
1826 1610 2018 1665 pruriosa

1177 1676 1369 1720 discedit.
1396 1695 1416 1713 ²»
1443 1676 1509 1719 Ita
1532 1691 1678 1719 versus
1704 1673 2020 1717 mendosissimi

1179 1757 1229 1786 ex
1254 1739 1439 1798 vestigiis
1463 1740 1674 1783 librorum
1698 1748 1894 1783 veterum
1918 1748 2021 1782 sunt

1176 1803 1432 1849 restituendi
1445 1822 1456 1856 ;
1467 1820 1569 1847 nam
1577 1804 1709 1848 codex
1720 1812 1909 1848 vetustus
1919 1804 1954 1847 F
1957 1819 2019 1846 re·

1178 1869 1308 1913 derici
1330 1869 1562 1923 Ubaldini,
1585 1886 1663 1926 quo
1684 1872 1916 1926 tolfiguras
1939 1885 2022 1911 non

1175 1936 1417 1978 admove-1125.
1435 1933 1637 1978 Philaenis
1651 1933 1863 1978 Leucadia
1875 1966 1887 1987 ,
1898 1933 2023 1988 cuju·

1176 1998 1556 2056 Veoe.spurcissimi
1571 2006 1654 2061 erpi
1667 2005 1841 2043 ποικίλων
1856 2000 2021 2054 σχημά-

1180 2084 1252 2110 των
1268 2065 1515 2127 ἀφροδισίων,
1532 2079 1554 2106 a
1571 2063 1794 2122 Polycrate
1807 2095 1818 2117 ,
1833 2062 2021 2120 sophista

1179 2129 1456 2183 Atheniensi,
1470 2128 1724 2172 dicebantur
1735 2144 1824 2171 esse
1837 2127 2024 2171 conscri-

1179 2194 1268 2251 pti;
1299 2202 1406 2238 teste
1428 2193 1683 2237 AEsehrione
1706 2193 1748 2235 in
1775 2191 2022 2236 Philaenidis

1180 2258 1388 2315 Epicedio
1408 2257 1521 2314 apud
1541 2256 1802 2300 Athenaeum
1818 2289 1831 2309 ,
1850 2256 1876 2299 l.
1894 2255 2022 2298 vm.

1180 2321 1297 2366 Huic
1310 2321 1602 2378 adjungitur-a
1617 2320 1862 2376 Xenophon
1870 2328 1910 2362 te
1926 2351 1938 2373 ,
1953 2318 2022 2361 lib.

1181 2387 1226 2430 11
1247 2376 1666 2441 Ᾰτομνημονευμοέτων,
1686 2385 1795 2428 Nico
1810 2384 1958 2428 Samia
1977 2393 2023 2428 et

1183 2449 1423 2494 Callisti-ate
1444 2450 1594 2492 Lesbia
1614 2482 1626 2503 ,
1659 2449 1849 2493 versibus
1869 2449 2023 2492 itidem

1182 2514 1388 2557 obscoenis
1406 2513 1617 2557 infames:
1635 2514 1737 2558 citat
1756 2514 1897 2557 locum
1920 2516 2022 2557 Xe—

1181 2579 1359 2636 nophon
1366 2580 1417 2623 tis
1427 2580 1760 2634 Athenaeus,‚lib.
1773 2582 1834 2622 V.
1850 2580 2030 2637 Quibus

1183 2646 1702 2702 omnibusantiquiorem,
1721 2646 2024 2706 Astyanassam

1181 2709 1328 2754 laudat
1347 2711 1591 2770 Hesychius
1611 2720 1655 2754 et
1674 2711 1827 2754 suidas
1842 2711 2026 2754 Helenae

1183 2775 1381 2819 ancillam
1397 2790 1407 2817 :
1427 2776 1594 2819 mentio
1608 2776 1738 2819 etiam
1751 2785 1814 2820 est
1829 2775 2027 2836 Cyrenes

1184 2839 1299 2896 apud
1313 2840 1511 2896 antiquos
1525 2873 1540 2896 ,
1554 2857 1685 2897 quam
1707 2846 2028 2898 &fumigat-122

1184 2906 1394 2950 dicebant.
1416 2907 1475 2950 H.

1238 2973 1331 3030 4¹9·
1358 2973 1494 3015 Mis-ta
1513 2976 1690 3017 virorum
1710 2988 1726 3026 ,·
1758 2982 1867 3018 tecta
1889 2974 2028 3019 palat.

1185 3034 1325 3078 Vatic.
1344 3043 1388 3077 et
1409 3034 1790 3092 Combiizscr120ta.
1809 3036 1930 3080 Leid‘.

1238 3100 1331 3152 421.
1353 3099 1422 3141 Ab
1439 3105 1568 3143 armis
1579 3105 1820 3156 peregrinis.
1849 3101 1918 3144 Ab
1945 3118 2030 3146 ex.—

1185 3172 1415 3207 ternorum
1440 3166 1699 3222 scriptorum
1725 3166 2031 3211 voluminibus.

1241 3229 1332 3282 423.
1358 3230 1492 3285 thue
1504 3247 1581 3273 suo
1594 3232 1784 3273 Martem.
1807 3231 2030 3287 Quemad-

1186 3292 1369 3335 modum
1390 3324 1404 3345 ,
1437 3292 1608 3350 inquit,
1636 3303 1737 3338 sunt
1768 3304 1931 3351 poetae,
1957 3296 2031 3351 qui

1188 3360 1329 3416 gravia
1348 3360 1552 3417 scripsere
1569 3393 1582 3415 ,
1607 3370 1657 3405 ut
1675 3359 1844 3406 Ennius
1866 3372 1910 3405 et
1931 3363 2030 3404 Lu·-

1187 3425 1344 3468 cretius
1372 3441 1383 3468 z
1416 3425 1476 3469 sic
1510 3426 1687 3483 quidam
1720 3427 1871 3471 lasci'va
1900 3441 2037 3482 opera.

1189 3488 1381 3546 edidere,
1394 3498 1442 3535 ut
1458 3489 1615 3536 Catull.
1634 3491 2039 3538 etalii-ffitrlem
