2280 3776
222 347 330 416 460
691 351 756 403 P.
812 349 1117 404 ovlnu
1160 349 1544 409 NASONIS

223 465 521 525 Absuimus
551 465 717 525 solito
736 513 750 538 ‚
784 466 912 525 dum
942 467 1232 529 scribimus
1260 468 1394 541 ista,
1429 469 1645 543 dolore,

306 562 369 619 In
398 560 589 620 mediis
619 584 718 620 nec
745 585 849 620 nos
880 562 1149 623 sensimus
1176 587 1292 623 esse
1321 564 1492 624 Getis.
1938 599 1990 643 7⁰

224 655 301 714 At
330 670 417 725 tu,
450 680 563 715 non
597 656 794 717 dubito
813 704 827 728 ‚
863 682 1031 740 quum
1061 660 1295 721 carmine
1323 659 1534 722 Thesea
1561 661 1775 737 laudeS‚

308 753 551 812 Materiae
581 753 777 814 titulos
809 754 942 836 quin
974 770 1157 816 tueare
1186 772 1323 829 tuae3

228 848 520 930 Quemque
549 848 714 909 refers
732 897 746 921 ‚
779 850 989 910 imitere
1016 851 1191 911 virum
1223 878 1235 911 :
1262 868 1408 912 vetat
1433 852 1525 913 ille
1553 855 1798 936 profecto

306 944 614 1026 Tranquilli
646 946 899 1006 comitem
927 949 1192 1030 temporis
1220 972 1334 1009 esse
1360 947 1538 1008 fldem.

228 1039 343 1118 Qui
376 1064 687 1123 quanquam
717 1058 798 1102 est
830 1042 986 1102 factis
1018 1045 1239 1122 ingens,
1273 1060 1327 1103 et
1353 1044 1609 1105 conditur
1636 1069 1668 1106 a
1698 1062 1748 1108 te
1944 1066 1994 1124 75

311 1137 412 1195 Vir
442 1151 629 1212 tantu,
662 1155 868 1222 quanto
899 1140 1089 1201 debuit
1118 1165 1210 1200 ore
1234 1142 1384 1213 cani;

231 1235 334 1292 Est
362 1248 543 1294 tamen
571 1260 636 1296 ex
665 1236 763 1295 illo
791 1237 955 1297 nobis
984 1237 1251 1298 imitabile
1284 1237 1542 1320 quiddam
1561 1286 1576 1312 ‚

310 1329 485 1410 Inque
512 1329 618 1390 fide
646 1331 892 1391 Theseus
925 1332 1157 1414 quilibet
1187 1356 1301 1392 esse
1329 1348 1528 1416 potest.

230 1425 358 1483 Non
389 1424 491 1483 tibi
519 1442 649 1486 sunt
678 1427 867 1488 hostes
895 1429 1039 1489 ferro
1069 1429 1325 1513 clavaque
1353 1430 1638 1503 domandi,

310 1521 416 1580 Per
447 1546 586 1609 quos
610 1524 699 1583 vix
727 1523 830 1584 ulli
853 1527 1072 1608 pervius
1100 1528 1343 1587 Isthmos
1372 1543 1484 1588 erat
1508 1553 1521 1589 :
1943 1548 1999 1590 80

229 1615 336 1676 Sed
365 1620 708 1700 praestandus
737 1645 920 1695 amor,
950 1647 1035 1683 res
1066 1648 1180 1684 non
1210 1649 1441 1708 operosa
1471 1624 1694 1686 volenti.

232 1777 532 1836 Mulcebitque
561 1798 670 1825 sono
698 1784 948 1840 Bacchum,
984 1801 1077 1828 no-

230 1851 404 1899 ctesque
437 1847 605 1889 tenebit
628 1880 638 1902 ,
676 1867 697 1886 »
734 1865 814 1905 pro
849 1850 1076 1893 detinebit.

232 1908 412 1951 Frustra
449 1926 634 1967 magnus
672 1913 864 1970 Scaliger
901 1918 1080 1958 tenebris

233 1973 434 2029 reponit;
453 1975 512 2019 sic
527 1980 635 2019 diem
655 1982 869 2022 extrahere
889 1997 955 2037 ap.
977 1979 1080 2023 Cae-

232 2054 391 2093 sarem,
406 2039 477 2082 lib.
492 2042 510 2083 1
524 2041 578 2084 de
593 2042 718 2086 Bello
730 2044 857 2098 civili,
875 2054 920 2087 et
934 2045 1079 2087 Valer.

235 2104 481 2147 Maximum
498 2139 509 2159 ‚
536 2107 595 2149 lib
630 2109 699 2161 ΙΙ,
722 2125 812 2164 cap.
836 2126 858 2151 2
875 2126 885 2160 ;
905 2113 1082 2153 eximere

235 2172 410 2213 dicendo
428 2173 537 2214 diem
557 2173 610 2215 A.
630 2172 783 2216 Gellio.
803 2174 969 2218 HEINs.

290 2236 355 2294 69.
367 2237 481 2278 Dum
489 2241 744 2292 scripsimus.
759 2240 983 2281 Scribimus
994 2254 1082 2282 me-

235 2302 376 2346 liores.
402 2304 571 2348 HEINS.

294 2385 314 2425 7
324 2385 357 2410 1.
372 2369 508 2420 Atta,
529 2386 613 2412 non
625 2371 780 2414 dubito.
798 2370 930 2414 Nunc
943 2369 996 2412 ad
1004 2369 1083 2413 Pe-

237 2431 401 2476 donem
412 2434 541 2477 vertit
551 2451 804 2478 sermonem
816 2467 827 2490 ,
838 2435 911 2491 qui
922 2434 1081 2493 Thesei

238 2508 355 2554 gesta
371 2499 564 2544 carmine
585 2501 964 2559 complectebatur.

294 2580 356 2619 72.
383 2566 544 2607 Titulos
564 2574 644 2608 tuoe
667 2570 864 2608 materiae.
886 2565 1082 2609 Virtutes

238 2637 282 2672 et
299 2628 435 2672 fidem
453 2646 555 2686 erga
575 2631 732 2674 amicos
746 2631 809 2674 tui
825 2630 1008 2685 Thesei,
1027 2630 1082 2674 de

241 2708 328 2749 quo
350 2702 515 2738 tractat.
543 2695 583 2737 Is
604 2696 721 2738 enim
744 2694 995 2738 Pirithoum
1015 2694 1084 2736 di·-

238 2757 351 2799 citur
376 2759 487 2801 mira
507 2759 812 2803 benevolentia
836 2758 1083 2816 complexus

236 2821 383 2865 fuisse.
404 2846 459 2856 ·-·
483 2827 593 2878 Quia
610 2831 751 2867 tueare
765 2832 856 2867 tuae.
878 2824 972 2868 Cur
990 2840 1083 2867 non

238 2885 438 2931 defendis
452 2888 573 2931 illum
586 2889 800 2931 imitando
811 2923 822 2944 ,
840 2889 1083 2932 exhibendo

239 2964 282 2998 te
303 2957 409 2999 mihi
431 2957 570 3001 amico
592 2958 744 3002 fidum.

297 3026 360 3079 75.
390 3025 451 3066 Et
475 3027 670 3068 conditus
699 3043 728 3068 a
758 3033 798 3068 te
833 3027 916 3068 Vix
943 3031 1085 3072 tantus

240 3094 394 3140 quanto
408 3091 554 3131 debuit
561 3106 629 3132 ore
639 3090 750 3139 cani.
765 3092 965 3133 Conditur
971 3090 1084 3132 bene

242 3152 371 3194 Polit.
390 3154 546 3210 aliique
567 3155 794 3210 nonnulli,
815 3168 916 3198 cum
936 3154 1085 3212 primis

242 3216 503 3263 editionibus
517 3237 526 3263 :
540 3220 697 3264 deinde
721 3223 797 3264 Vir
810 3228 952 3264 tantus
962 3237 1087 3276 quan-

242 3289 311 3323 tas
325 3281 450 3324 multi
464 3300 474 3334 ;
496 3300 522 3325 n
530 3286 698 3329 onnulli
715 3289 792 3328 Vir
800 3292 943 3329 taulus
953 3301 1090 3341 quan-

241 3353 299 3397 to,
314 3347 381 3390 vel
404 3351 480 3391 Vir
491 3357 608 3392 tanto
619 3360 808 3406 quantus.
821 3351 972 3396 Scribe
986 3366 1089 3395 cum

244 3411 477 3469 Gottorph.
489 3421 532 3457 et
545 3430 634 3456 uno
647 3414 882 3458 Vaticano:
899 3434 920 3454 «
936 3424 979 3458 et
991 3431 1090 3459 con-

246 3478 363 3522 ditur
383 3496 406 3523 a
427 3489 468 3523 te
488 3481 569 3523 Vir
586 3489 710 3524 tanto
727 3513 739 3534 ‚
758 3490 923 3537 quanto
940 3481 1090 3524 debuit

1160 1806 1234 1833 ore
1261 1790 1357 1834 cani
1375 1807 1386 1842 ;
1405 1807 1427 1828 »
1449 1788 1671 1846 quomodo
1695 1792 1786 1847 jam
1811 1788 1999 1846 Scaliger

1161 1871 1211 1898 ex
1230 1863 1348 1911 parte
1369 1856 1615 1912 conjecerat
1630 1871 1639 1898 :
1653 1864 1769 1899 recte
1782 1857 1995 1907 conditum·

1159 1937 1252 1963 non
1271 1921 1390 1964 enim
1408 1921 1582 1965 videtur
1598 1920 1833 1964 absolvisse.
1859 1921 1919 1963 H.

1219 2004 1282 2043 77.
1312 1988 1396 2028 Est
1413 1995 1550 2029 tamea
1573 1989 1768 2042 quiddam
1786 1987 2002 2028 imitabile.

1163 2051 1240 2093 Est
1260 2060 1408 2093 tamen
1429 2050 1591 2107 aliquid
1612 2051 1658 2092 in
1679 2065 1766 2106 quo
1781 2049 2001 2093 Theseum

1161 2114 1321 2158 imitari
1344 2131 1583 2171 possumus.

1220 2182 1282 2237 78.
1302 2183 1430 2235 Inque
1426 2182 1519 2236 fide
1540 2181 1719 2222 Theseus
1731 2181 1906 2235 quilibet
1914 2195 2006 2221 esse

1156 2252 1307 2299 potest.
1326 2244 1385 2286 Et
1398 2244 1695 2299 unusquisque
1709 2242 1755 2285 in
1771 2259 1919 2286 amore
1933 2276 1945 2297 ‚
1962 2251 2005 2286 et

1162 2308 1250 2351 fide
1272 2308 1418 2351 amicis
1435 2308 1677 2364 praestanda
1693 2339 1705 2363 ,
1728 2317 1870 2365 potest
1886 2308 2009 2350 The-

1163 2390 1289 2418 seum
1318 2373 1508 2428 imitari,
1539 2383 1584 2418 et
1616 2390 1706 2418 esse
1740 2373 1860 2418 idem
1889 2372 2004 2429 quod

1162 2443 1251 2499 ipse
1269 2442 1352 2485 fuit
1370 2442 1569 2486 Pirithoo
1584 2474 1596 2496 ,
1615 2457 1695 2499 pro
1714 2458 1798 2497 quo
1814 2440 2009 2484 Theseus

1165 2507 1374 2565 pugnavit
1394 2516 1545 2551 contra
1570 2506 1829 2550 Centauros.

1222 2589 1287 2632 79.
1320 2574 1416 2615 Non
1446 2576 1531 2616 tibi
1556 2580 1655 2615 sunt
1684 2573 1837 2614 hostes.
1866 2570 1980 2614 Nolo
1995 2603 2007 2625 ,

1163 2636 1309 2693 inquit
1321 2670 1332 2689 ,
1351 2653 1432 2693 pro
1445 2652 1516 2679 me
1533 2651 1716 2693 pugnes,
1733 2633 2009 2691 quemadmo-

1166 2701 1275 2744 dum
1288 2701 1484 2744 Theseus
1503 2716 1584 2757 pro
1602 2699 1814 2744 Pirithoo.

1220 2768 1288 2809 80.
1325 2769 1412 2810 Vix
1438 2769 1512 2809 illi
1522 2770 1702 2822 pervius.
1731 2766 1908 2810 Rectius
1933 2768 2016 2808 ulli

1164 2834 1211 2876 in
1234 2832 1470 2876 nonnullis.
1491 2832 1552 2874 H.
1568 2855 1621 2864 --
1644 2834 1728 2874 Vix
1751 2835 1836 2875 ulli
1847 2835 2009 2885 pervius

1166 2899 1347 2940 Isthmos
1369 2905 1470 2940 erat.
1502 2895 1587 2938 Vix
1613 2896 1812 2939 Isthmon
1835 2895 2009 2939 Corin-

1167 2963 1358 3006 thiacum
1400 2961 1627 3017 quisquam
1670 2960 1788 3004 adire
1827 2970 2011 3017 poterat.

1166 3026 1379 3082 Designat
1399 3033 1546 3068 autem
1567 3024 1747 3084 Scynim
1769 3024 1870 3078 (vel
1891 3024 2010 3083 Scy-

1167 3091 1349 3143 ronem)
1364 3090 1580 3132 latronem
1597 3090 1893 3145 saevissimum.
1911 3089 2012 3132 Duo

1168 3163 1330 3202 autem,
1349 3154 1506 3199 Isthmi
1538 3155 1727 3198 celebres
1757 3170 2009 3198 memoran-

1169 3229 1242 3262 tur
1270 3236 1280 3262 :
1310 3235 1424 3262 unus
1450 3219 1698 3271 Achaicus,
1737 3220 1784 3263 in
1814 3234 1900 3275 quo
1931 3217 2012 3261 fuit

1172 3283 1414 3328 Corinthus
1428 3317 1440 3339 ‚
1458 3300 1590 3340 quem
1607 3284 1678 3327 hic
1693 3283 1878 3327 Ovidius
1893 3282 2010 3339 prius

1170 3349 1353 3406 minime
1372 3349 1571 3405 pervium
1590 3348 1720 3392 fuisse
1741 3347 1845 3391 dicit
1867 3364 1877 3390 z
1904 3346 2011 3388 alter

1169 3430 1274 3457 vero
1291 3413 1480 3457 Isthmus
1499 3422 1563 3457 est
1583 3415 1796 3457 Thracius.

1227 3483 1292 3523 81.
1316 3481 1511 3534 Operose.
1536 3480 1722 3522 Onerosa
1738 3474 1927 3533 quidam.
