2280 3776
314 307 414 377 140

771 309 834 362 P.
884 308 1173 365 OVIDII
1221 303 1639 365 NASONIS*

311 421 464 502 Quid
488 422 623 482 mihi
650 446 771 482 cum
807 421 1003 483 Siculis
1034 423 1178 484 inter
1207 426 1592 508 Scythiamque
1621 425 1931 509 Getasque?
2009 445 2066 487 55

390 518 480 577 Ad
510 532 587 588 te,
622 516 873 599 quisquis
900 518 949 578 is
978 542 1062 591 eS‚
1093 536 1281 582 nostra
1313 522 1529 603 querela
1554 521 1731 581 redit:

308 614 496 694 thue
527 611 672 671 sitim
702 626 894 670 nostro
922 613 1103 694 possis
1133 615 1348 697 explere
1376 639 1599 686 cruore,

391 710 720 790 Quantaque
750 709 860 781 viS‚
892 711 1047 769 avido
1075 713 1269 788 gaudia
1299 713 1458 773 corde
1485 713 1658 784 feras3

308 806 418 864 Tot
444 804 583 864 mala
614 829 732 864 sum
760 804 975 883 fugiens
1004 805 1222 877 tellure,
1257 818 1341 867 tot
1369 832 1588 891 aequore
1609 819 1860 891 pas'sus,>

386 902 466 960 Te
497 926 718 983 quoque
744 917 808 962 ut
836 903 1035 963 auditis
1064 927 1228 986 posse
1257 903 1438 963 dolere
1467 919 1672 985 putem.
1911 962 1913 964 ,
2014 922 2071 963 60

313 997 486 1068 Crede
515 997 683 1070 mihi,
716 998 763 1057 si
786 997 857 1058 sit
879 999 1043 1058 nobis
1075 998 1306 1059 collatus
1333 997 1589 1079 UlysseS‚

391 1092 637 1174 Neptuni
664 1093 844 1153 minor
874 1109 985 1167 est,
1017 1118 1180 1177 quam
1208 1096 1245 1154 J
1248 1094 1363 1154 ovis
1388 1094 1469 1154 ira
1495 1094 1618 1154 fuit.
1666 1128 1668 1131 v

309 1188 462 1263 Ergo
496 1186 824 1270 quicumque
854 1211 910 1248 es
930 1236 944 1262 ‚
971 1189 1274 1249 rescindere
1301 1187 1525 1249 vulnera
1553 1187 1699 1262 noli,

387 1281 583 1362 Deque
615 1282 762 1358 gravi
791 1282 952 1344 duras
982 1283 1161 1344 ulcere
1188 1281 1318 1343 tolle
1349 1306 1544 1343 manus
1569 1308 1582 1343 :
1629 1315 1633 1319 -

310 1379 498 1458 thue
526 1400 657 1440 meae
684 1377 878 1439 famam
905 1395 1129 1440 tenuent
1158 1379 1362 1439 oblivia
1389 1378 1564 1462 culpae
1582 1424 1598 1451 ‚
2017 1394 2077 1437 65

388 1474 522 1532 Fata
551 1473 853 1534 cicatricem
880 1475 1072 1537 ducere
1102 1492 1292 1537 nostra
1314 1476 1430 1536 sine
1455 1499 1468 1534 :

308 1610 435 1654 Polit.
465 1627 535 1654 ore
552 1613 780 1667 fremente;
803 1615 929 1658 multi
960 1615 1027 1658 alii
1060 1625 1150 1659 tre-

309 1682 440 1719 mente
458 1693 469 1719 .·
486 1677 561 1720 sed
584 1679 783 1735 Propert.
799 1697 820 1717 «
838 1681 896 1723 Et
909 1696 1083 1735 gemere
1104 1681 1151 1723 in

308 1750 451 1793 tauro,
469 1758 576 1785 saeve
594 1743 769 1797 Perille,
791 1753 878 1787 tuo.
897 1764 917 1781 »
932 1744 1075 1799 Silius,
1099 1746 1152 1787 li—

309 1805 390 1847 bro
404 1806 531 1861 XIV,
549 1808 626 1849 213
639 1825 733 1864 sqq,
751 1809 803 1851 de
821 1810 981 1852 Perillo
996 1827 1005 1854 :
1022 1829 1042 1847 (ι
1058 1811 1152 1866 Ille,

308 1869 385 1912 ubi
402 1879 589 1914 torreret
604 1873 805 1927 subjectis
826 1890 1005 1931 corpora
1026 1875 1156 1918 flam-—

309 1929 417 1987 rnis,
447 1935 649 1978 Mutabat
674 1937 863 1992 gemitus
893 1939 1153 1995 mugitibus;

307 2007 485 2054 actaque
517 2016 641 2043 veras
660 2000 853 2045 Credere
869 2012 962 2046 erat
980 2005 1155 2048 stabulis

312 2072 508 2106 armenta
529 2063 758 2108 effundere
781 2083 918 2110 voces.
940 2086 961 2106 υ
988 2070 1155 2114 ΗΕΙΝε.

366 2130 432 2170 55.
462 2130 577 2182 Quid
594 2132 701 2172 mibi
715 2147 819 2174 cum.
845 2131 965 2188 Quid
989 2134 1155 2176 crude—

313 2193 478 2236 litatem
510 2192 748 2238 Phalaridis
779 2204 822 2238 et
848 2197 996 2239 Perilli
1024 2197 1156 2241 Siculi

314 2257 454 2300 refero
471 2259 490 2301 ?
511 2260 626 2300 Inter
641 2260 911 2316 Scythiasque
935 2265 1157 2318 Getasque.

314 2325 606 2380 Scythicosque
633 2323 851 2380 plerique;
886 2326 954 2368 alii
982 2329 1157 2384 Scythi—

311 2403 480 2443 casque,
506 2382 577 2431 vel
598 2389 863 2445 Scythasque.
887 2389 976 2433 Sed
1003 2407 1157 2433 verum

313 2461 400 2506 est,
417 2453 533 2508 quod
549 2452 739 2497 melioris
754 2463 869 2498 notae
879 2455 1018 2499 Vatic.
1030 2456 1157 2499 Polit.

319 2517 548 2562 Combian.
575 2527 618 2561 et
645 2519 872 2563 Mediceus
895 2530 1155 2576 agnoscunt,

315 2585 611 2642 Scythiamque.
647 2585 911 2629 Passeratius
937 2586 1000 2628 ad,
1019 2585 1094 2629 li-b.
1113 2588 1159 2632 II

316 2650 534 2708 Propertii
554 2684 568 2706 ,
597 2652 665 2694 El.
686 2666 765 2694 xvl
782 2685 798 2706 ,v
814 2653 1083 2710 Scythe'asque
1095 2653 1161 2696 le-

318 2715 379 2770 git
399 2731 450 2758 ex
472 2716 608 2759 veteri
625 2716 734 2758 libro
752 2715 848 2758 :sed
867 2733 956 2759 non
981 2734 1161 2774 persua-

314 2779 402 2822 det.
415 2781 545 2835 Naso,
563 2780 633 2824 lib.
647 2781 692 2823 II
707 2780 861 2823 Amor.
877 2781 944 2823 El.
959 2796 1038 2824 XVI
1052 2815 1064 2836 ,
1084 2787 1158 2842 59,

319 2860 340 2880 «
360 2844 448 2887 Sed
472 2844 694 2903 Scythiam
711 2877 722 2898 ,
758 2844 998 2902 Cilicasque
1018 2846 1131 2891 feros
1145 2881 1158 2902 ‚

318 2908 559 2965 viridesque
573 2910 803 2953 Britannos
815 2944 826 2961 ‚
845 2929 866 2949 »ι
880 2927 965 2968 pro
971 2913 1160 2970 Scythas.

374 2977 440 3018 56.
457 2979 614 3021 Nostra
637 2982 798 3033 querela
825 2982 943 3021 redit.
965 2979 1161 3035 Quidam

317 3046 454 3094 vem't,·
487 3042 563 3085 sed
593 3053 792 3086 nostrum
828 3045 984 3089 melius
1000 3078 1012 3100 ,
1048 3061 1161 3103 pro—

320 3109 450 3152 bante
471 3108 674 3153 Ciofano.

376 3177 440 3229 57.
469 3172 603 3230 thue
621 3180 735 3219 sitim
754 3183 894 3220 nostro
910 3182 1055 3232 possis
1077 3193 1162 3220 ez·-

312 3238 429 3290 plere
445 3253 594 3281 cruore.
607 3240 843 3294 Hierocles,
862 3257 999 3296 quum
1015 3241 1162 3283 Bizan-

322 3299 370 3341 tii
390 3308 500 3342 esset
519 3302 680 3358 judicio
702 3304 932 3355 damnatus
945 3337 956 3358 ,
981 3313 1024 3348 et
1036 3299 1164 3360 virgis

322 3364 538 3419 concisus,
561 3378 766 3410 manante
788 3385 839 3411 ex
856 3385 1038 3424 corpore
1056 3369 1164 3412 lace-

326 3436 422 3470 rato
453 3429 662 3486 sanguine
701 3431 892 3487 judicem
926 3432 1131 3489 adspersit
1149 3463 1162 3488 ‚

1231 1614 1460 1670 subjiciens
1475 1612 1581 1656 illud
1596 1611 1761 1671 Ulyssis
1775 1611 1887 1669 apud
1903 1613 2077 1656 Home-

1232 1696 1331 1723 rum
1346 1712 1358 1734 ,
1372 1679 1587 1738 Odyss.1,
1611 1678 1706 1736 347:
1720 1682 1882 1735 Κύκλωψ
1896 1711 1907 1734 ,
1922 1689 1967 1731 τῆ
1986 1711 1999 1734 ,
2016 1689 2078 1724 «ze

1238 1752 1346 1795 οἶνον,
1367 1747 1445 1787 ἔτι-εἰ
1464 1745 1574 1800 φάγες
1602 1742 1788 1798 ἂνθρὲμεοε
1804 1746 1903 1804 κρέα.

1289 1812 1356 1853 62.
1373 1812 1557 1864 Neptuni
1565 1811 1700 1850 minor
1712 1815 1779 1850 est
1793 1811 1871 1850 ira.
1891 1807 2076 1852 Homer.

1207 1906 1210 1908 -
1238 1873 1393 1932 Odyss.
1414 1882 1445 1916 E
1460 1905 1471 1925 ,
1503 1880 1549 1914 et
1570 1871 1774 1934 Odyss.N
1790 1887 1839 1914 τι(
1858 1871 2078 1927 Perpetuo

1236 1939 1365 1981 rebus
1382 1946 1502 1994 pater
1513 1937 1794 1992 Ennosigaeus
1808 1936 1973 1994 Ulyssis
1986 1936 2080 1979 Ad-

1238 2002 1364 2046 ditus.
1386 2021 1408 2040 »
1423 2025 1478 2036 —-
1501 2005 1633 2056 Quam
1649 2003 1781 2045 lovis.
1803 2001 1951 2056 Quam
1973 2000 2078 2043 Au-

1237 2068 1370 2124 gusti..
1393 2090 1447 2101 -
1485 2069 1746 2110 Resciudere.
1780 2065 1879 2109 Noli
1916 2065 2078 2108 iterum

1237 2132 1420 2175 crimina
1441 2148 1538 2174 mea
1563 2129 1794 2174 lacerando
1814 2144 2084 2173 commemo-

1238 2211 1334 2239 rare
1354 2229 1367 2250 ,
1398 2206 1443 2240 et
1465 2204 1711 2239 retractare.

1292 2261 1359 2304 63.
1382 2264 1634 2305 Besa-indere
1653 2263 1829 2302 crimina
1845 2261 1951 2309 noli,
1980 2260 2080 2301 De·-

1238 2341 1315 2383 que
1332 2329 1454 2381 gravi
1468 2329 1593 2368 duras
1611 2327 1776 2367 ‘vulnere
1804 2327 1903 2367 tolle
1922 2338 2081 2366 manus.

1239 2396 1494 2435 Bescindere
1504 2395 1675 2434 vulnera
1693 2384 1856 2447 repone
1869 2405 1969 2434 cum
1981 2405 2079 2432 me-

1236 2455 1414 2501 lioribus
1426 2455 1682 2500 duodecim:
1695 2471 1798 2498 nam
1814 2454 1998 2498 alterum
2011 2455 2080 2497 vix

1240 2523 1447 2567 Latinum
1458 2517 1534 2566 est.
1543 2521 1631 2565 Sed
1645 2521 1836 2564 offendit
1843 2522 2080 2564 bonoscen-

1239 2603 1382 2641 sores,
1403 2586 1520 2643 quod
1541 2591 1584 2630 τὸ
1599 2590 1766 2628 vulnen-
1775 2586 1971 2641 sequenti
1982 2601 2081 2626 ver-

1240 2670 1291 2697 su
1315 2653 1461 2696 denuo
1481 2650 1844 2695 obcurrebatzubi
1858 2681 1870 2703 ,
1893 2647 2082 2691 velzinvi-

1240 2717 1292 2761 tis
1307 2717 1422 2761 libris
1434 2750 1446 2771 ,
1467 2719 1602 2759 ulcere
1619 2713 1938 2768 retingendum.
1952 2713 2080 2755 Rem.

1243 2784 1345 2826 Am.
1368 2800 1468 2842 729,
1496 2784 1722 2836 vulnusque
1740 2786 1928 2821 novatum
1950 2780 2080 2821 Scin·-

1242 2851 1366 2891 ditur:
1378 2847 1487 2889 Met.
1507 2845 1614 2896 XII,
1638 2845 1713 2896 542
1731 2876 1743 2896 ,
1762 2861 1782 2879 «
1797 2843 1900 2898 quid
1912 2859 1982 2885 me
1994 2859 2085 2886 meo

1242 2910 1421 2954 minisse
1437 2908 1656 2951 malorum
1682 2906 1838 2963 Cogis,
1861 2916 1904 2950 et
1939 2907 2080 2950 obdu-

1242 2984 1360 3018 ctum
1395 2973 1547 3016 leviter
1578 2971 1823 3015 rescindere
1856 2970 2025 3013 vulnus.
2056 2989 2079 3009 n
2101 2982 2105 2985 ·

1245 3041 1359 3095 Quae
1371 3055 1471 3082 vera
1484 3047 1547 3082 est
1558 3038 1782 3094 scriptura.
1796 3036 2082 3095 H.·-—Symm.

1237 3104 1311 3147 lib.
1332 3106 1370 3158 I,
1391 3104 1470 3160 Ep.
1489 3116 1513 3146 c
1530 3118 1575 3145 t«
1594 3103 1661 3145 Ne
1677 3102 1868 3145 fortunae
1883 3101 2078 3155 vulnera,

1243 3184 1338 3225 quae
1362 3167 1604 3211 cicatricem
1639 3175 1840 3223 processu
1873 3165 2080 3221 temporis

1241 3233 1423 3286 ducunt,
1435 3232 1737 3288 intempestive
1753 3238 1973 3274 contracta
1987 3245 2081 3272 cru-

1245 3297 1433 3340 descant.
1456 3315 1477 3334 >›
1819 3315 1821 3317 ·

1287 3365 1352 3407 66.
1375 3366 1512 3407 Facta
1519 3366 1752 3407 cicatricem
1763 3364 1918 3406 ducere.
1936 3363 2080 3406 Immo

1245 3431 1354 3475 Fata
1375 3445 1475 3474 cum
1497 3430 1639 3487 primo
1656 3429 1793 3477 Vatic.
1810 3427 2053 3472 Combiano
2065 3458 2078 3480 ,
