2268 3848
302 321 376 373 68
757 320 825 373 P.
878 318 1178 374 OVIDII
1226 315 1614 373 NASONIS

303 433 394 493 Sic
422 432 648 494 adsueta
677 434 788 494 tuis
815 456 1030 516 semper
1058 433 1287 495 victoria
1319 433 1541 505 castriS,

383 534 547 602 Nunc
573 555 795 614 quoque
823 555 882 591 se
909 546 1137 614 praestet
1155 578 1171 602 ,
1203 547 1450 614 notaque
1476 530 1635 608 signa
1663 543 1845 612 petat;

2019 563 2096 605 ¹7⁰

305 627 729 709 Ausoniumque
756 626 953 687 ducem
982 626 1163 687 solitis
1194 626 1550 686 circumvolet
1575 623 1708 699 alis,

389 725 570 784 Ponat
603 738 657 782 et
683 723 741 782 in
769 722 947 783 nitida
976 722 1160 784 laurea
1188 738 1331 784 serta
1364 746 1515 784 coma
1538 745 1553 794 ;

303 822 410 883 Per
438 842 606 902 quem
635 818 782 879 bella
812 820 957 898 geris
978 866 993 892 ,
1025 820 1182 900 cujus
1212 843 1358 880 nunc
1384 842 1619 902 corpore
1643 843 1893 903 pugnas;

382 918 714 1001 Auspicium
744 918 833 978 cui
864 918 962 980 das
993 918 1228 997 grande,
1259 918 1522 999 Deosque
1551 932 1714 990 tuos;

306 1012 667 1096 Dimidioque
697 1014 780 1073 tui
808 1035 1049 1097 praesens
1080 1036 1166 1084 eS,
1199 1027 1256 1073 et
1283 1012 1522 1094 adspicis
1548 1012 1778 1086 urbem;
2020 1031 2093 1090 175

384 1110 635 1172 Dimidio
663 1109 860 1194 procul
890 1133 977 1183 eS,
1009 1133 1257 1193 saevaque
1285 1107 1429 1170 bella
1464 1110 1624 1188 geris.

303 1207 413 1269 Hic
446 1207 551 1268 tibi
581 1208 658 1268 sic
685 1208 872 1269 redeat
899 1221 1161 1290 superato
1192 1206 1371 1266 victor
1393 1205 1464 1266 ab
1495 1206 1690 1279 hoste;

383 1308 560 1390 Inque
589 1306 873 1366 coronatis
902 1305 1114 1383 fulgeat
1143 1303 1288 1366 altus
1311 1305 1500 1387 equis;

304 1404 503 1475 Parce,
529 1427 763 1486 precor;
788 1402 1111 1485 fulmenque
1138 1416 1324 1474 tuum,
1352 1402 1466 1463 sera
1494 1400 1626 1474 tela,
1654 1400 1917 1477 reconde,

387 1499 513 1558 Heu
542 1498 776 1558 nimium
805 1498 1008 1558 misero
1039 1497 1260 1576 cognita
1293 1497 1398 1559 tela
1429 1497 1605 1560 mihi!

2020 1518 2096 1560 180

305 1599 472 1658 Parce
493 1643 508 1668 ,
539 1611 698 1680 pater
727 1596 918 1678 patriae
945 1620 957 1656 :
984 1619 1086 1657 nec
1111 1597 1357 1657 nominis
1387 1596 1677 1658 immemor
1703 1595 1874 1679 hujus

385 1693 539 1755 Olim
568 1691 824 1775 placandi
858 1715 1012 1775 spem
1040 1693 1181 1754 mihi
1211 1693 1347 1754 tolle
1375 1695 1475 1755 tui.

304 1791 419 1852 Nec
449 1811 677 1872 precor,
707 1802 772 1847 ut
797 1787 1017 1848 redeam
1046 1813 1058 1848 :
1091 1790 1342 1872 quamvis
1371 1789 1580 1871 majora
1607 1789 1798 1873 petitis

385 1885 668 1948 Credibile
696 1900 780 1946 est
804 1908 1036 1965 magnos
1068 1910 1211 1971 saepe
1242 1888 1457 1950 dedisse
1482 1889 1653 1949 Deos,

358 2010 448 2069 159.
468 2010 538 2053 Sic
553 2011 732 2052 adsueta
749 2014 837 2052 tuis
849 2024 1012 2065 semper
1021 2013 1161 2053 victo-

302 2079 367 2118 ria
378 2079 546 2118 casinis.
567 2073 765 2117 Victoria
782 2072 881 2117 Dea
895 2072 983 2117 fuit
994 2106 1006 2127 ,
1025 2090 1160 2130 quam

305 2139 516 2198 Apuleius
530 2172 544 2194 ,
565 2137 637 2182 lib.
657 2138 716 2183 II.
738 2138 1159 2197 Metamorph.pal-

300 2221 453 2248 marem
469 2205 606 2247 Deam
622 2200 823 2260 appellat.

363 2287 379 2312 1
389 2285 455 2326 70.
471 2271 598 2312 Nunc
608 2282 767 2324 quoque
786 2282 834 2309 se
840 2270 1022 2323 prestet.
1039 2264 1158 2310 Scri-

303 2335 358 2379 be
381 2336 499 2378 Huic
530 2350 701 2391 quoque.
735 2333 916 2377 Tiberio
942 2334 1158 2377 nimirum

302 2400 553 2455 blanditur,
588 2409 637 2444 ut
662 2416 714 2444 ex
744 2401 1027 2457 sequentibus
1056 2401 1160 2444 satis

306 2467 500 2524 adparet.
523 2467 694 2512 Hmns.

363 2548 452 2590 171.
486 2534 797 2589 Ausoniumque
827 2535 986 2576 ducem.
1021 2530 1161 2576 Tibe-

304 2595 422 2639 rium
436 2596 650 2653 designat,
667 2598 760 2652 qui,
777 2598 983 2641 nunciata
998 2594 1161 2655 Illyrici

307 2659 555 2704 defectione
568 2693 581 2715 ‚
615 2661 787 2704 transiit
807 2661 860 2704 ad
882 2677 1035 2705 curam
1055 2659 1162 2704 novi

305 2725 406 2768 belli
424 2758 436 2779 ,
474 2725 593 2781 quod
619 2726 925 2783 gravissimum
957 2728 1161 2769 omnium

308 2790 524 2833 bellorum
542 2800 639 2847 post
656 2792 823 2835 Punica
836 2824 848 2846 ,
870 2808 952 2849 per
971 2792 1163 2849 quinde—

309 2857 394 2901 cim
413 2855 627 2911 legiones,
646 2871 884 2913 paremque
900 2856 1162 2900 auxiliorum

309 2922 481 2978 copiam
503 2920 696 2964 triennio
711 2923 860 2979 gessit:
883 2938 973 2979 quo
987 2932 1164 2980 tempo-

310 2988 369 3031 ris
391 2988 529 3045 spatio
549 2988 720 3031 domuit
740 2998 884 3032 totum
905 2990 1131 3047 Illyricum
1148 3005 1160 3033 t

313 3069 419 3110 quas
442 3054 497 3095 ob
522 3069 591 3096 res
620 3053 869 3110 triumphus
891 3054 934 3096 ei
962 3054 1162 3098 decretus

313 3127 399 3166 est,
429 3133 563 3173 quem
591 3117 779 3172 distulit,
810 3128 962 3162 moesta
989 3120 1162 3162 civitate

313 3182 433 3226 clade
458 3183 661 3226 Variana.
684 3181 981 3227 Nihilominus
1005 3185 1162 3227 urbem

313 3256 611 3305 praetextatus,
633 3258 676 3292 et
690 3249 836 3292 laurea
851 3260 1085 3294 coronatus
1099 3250 1162 3293 in-

317 3314 458 3358 travit.
470 3315 598 3358 Potes
613 3316 744 3358 etiam
759 3316 1002 3374 intelligere
1017 3316 1163 3373 (quod

317 3379 453 3436 magis
471 3378 637 3436 placet)
658 3378 969 3424 Germanicam
990 3382 1166 3438 expedi-

316 3444 484 3488 tionem
501 3477 513 3499 ,
535 3459 666 3500 quam
679 3443 848 3488 Drusus
860 3477 872 3499 ,
887 3445 1056 3490 Tiberii
1070 3446 1165 3498 ¹fra-

1241 2020 1311 2056 ter
1336 2020 1380 2056 et
1415 2011 1602 2069 Augusti
1632 2010 1856 2069 privignus
1872 2044 1884 2065 ‚
1909 2013 2096 2068 suscepit

1243 2078 1432 2135 Augusti
1454 2076 1654 2135 auspiciis
1665 2108 1678 2131 ,
1703 2086 1753 2121 ut
1765 2077 1922 2121 Florus
1935 2078 2096 2121 scribit.

1301 2143 1392 2199 174.
1403 2144 1599 2199 Deosque
1611 2149 1717 2186 tuos.
1735 2135 2003 2198 Apollinem,
2019 2143 2047 2185 J
2054 2158 2098 2195 u-

1240 2207 1351 2251 lium
1374 2205 1625 2260 Caesarem,
1661 2215 1706 2251 et
1736 2216 1916 2252 caeteros
1945 2207 2065 2251 Deos
2083 2240 2095 2261 ,

1240 2270 1429 2326 Augusti
1441 2269 1690 2314 familiares.
1706 2271 1792 2314 Vel
1811 2275 1848 2315 ἔκ
1863 2278 2096 2327 παραλλήλου

1242 2334 1410 2378 dictum
1425 2366 1438 2389 ‚
1465 2343 1515 2378 ut
1535 2334 1656 2378 idem
1677 2336 1892 2393 significet
1908 2369 1920 2392 ,
1943 2337 2098 2393 auspi-

1241 2399 1359 2442 cium
1379 2409 1422 2443 et
1446 2399 1568 2443 Deos
1587 2409 1699 2444 tuos.
1719 2400 1851 2443 Men.

1305 2481 1321 2507 1
1331 2481 1350 2520 7
1357 2468 1395 2508 5.
1405 2466 1679 2521 Dbm‘dtbque
1688 2469 1762 2509 tui.
1775 2466 1964 2522 Propter
1977 2482 2096 2524 egre-

1245 2528 1366 2586 gium
1396 2545 1620 2585 amorem,
1654 2546 1742 2588 quo
1773 2530 1931 2576 ducem
1965 2548 2096 2576 suum

1243 2594 1365 2638 hunc
1377 2595 1602 2653 Augustus
1619 2596 1822 2654 diligebat
1833 2631 1845 2653 ,
1858 2607 1982 2641 vocat
1998 2599 2094 2654 ejus

1244 2660 1478 2703 dimidium
1500 2676 1511 2704 z
1533 2669 1582 2704 ut
1607 2661 1764 2705 Horat.
1784 2680 1807 2700 «ι
1829 2663 2064 2719 Virgilium
2080 2695 2092 2717 ,

1249 2725 1484 2768 dimidium
1506 2725 1664 2770 animae
1681 2741 1784 2770 suae.
1806 2745 1828 2765 υ
1842 2729 2033 2771 Proesens
2054 2736 2098 2772 et

1241 2797 1415 2848 oespt'ctlr
1430 2795 1579 2836 urbem.
1599 2795 1662 2835 Et
1672 2797 1843 2848 resptkc‘s
1868 2794 2062 2851 quinque
2081 2814 2095 2848 ;

1242 2859 1433 2901 Proesens
1449 2864 1493 2898 et
1505 2860 1695 2911 adspekzs
1706 2874 1778 2900 sex
1789 2875 1800 2909 ς
1816 2857 1842 2900 d
1849 2874 1904 2901 uo
1909 2876 2097 2915 presen-

1242 2931 1323 2965 tem
1353 2925 1528 2976 respicis
1566 2925 1732 2975 orbem,·
1769 2939 1828 2966 un
1835 2940 1883 2968 us
1910 2941 2096 2981 pra-sem

1245 2989 1358 3030 banc
1378 2989 1566 3041 resptktlc.
1589 2988 1757 3033 Hnms.

1302 3053 1393 3095 182.
1413 3053 1527 3094 Olim
1534 3056 1749 3108 placandi
1757 3071 1869 3111 spem
1888 3063 1968 3100 etc.
1985 3054 2093 3100 Sen-

1242 3132 1315 3160 sus
1330 3125 1420 3170 est;
1443 3133 1526 3161 nec
1544 3120 1782 3163 immemor
1803 3121 1935 3178 hujus
1954 3123 2093 3165 nomi-

1245 3184 1338 3238 nis,
1370 3200 1454 3228 nee
1485 3184 1584 3227 tolle
1617 3201 1740 3242 spem
1762 3186 1869 3229 mihi
1897 3188 2000 3231 olim
2029 3188 2093 3231 tui

1245 3249 1469 3304 placandi;
1501 3259 1550 3294 ut
1578 3252 1785 3307 particula
1818 3252 2005 3309 negandi
2028 3253 2092 3297 bis

1245 3324 1482 3371 repetatur.
1507 3317 1645 3366 olim,
1673 3316 1921 3373 aliquando.
1955 3316 2088 3362 Cloe.

1301 3381 1391 3424 183.
1413 3384 1510 3426 Non
1535 3397 1703 3435 precor.
1727 3389 1774 3426 ut
1803 3386 1978 3427 redeam.
1999 3386 2087 3427 Nec

1246 3447 1462 3491 meliores.
1485 3448 1652 3493 limus.
