2268 3848
315 341 386 410 54
797 345 859 397 Ρ.
907 345 1205 399 ov1D11
1253 347 1624 403 NASONIS

400 459 741 519 Scribentem
771 461 961 521 mediis
993 461 1195 523 Hadria
1226 463 1361 524 vidit
1390 465 1547 547 aquis
1572 490 1585 524 z

318 554 456 625 Aut,
489 570 781 638 postquam
812 557 1076 618 bimarem
1103 582 1265 619 cursu
1298 562 1669 644 superavimus
1698 562 1982 636 Isthmon,
2053 582 2077 621 5

391 650 690 733 Alteraque
722 665 804 711 est
827 667 1026 714 nostrae
1054 671 1231 715 sumta
1262 658 1440 717 carina
1472 657 1629 738 fugae.
1825 734 1829 740 ⁴

314 747 481 824 Quod
511 749 744 808 facerem
773 774 960 812 versus
987 752 1128 811 inter
1154 752 1265 812 fera
1294 778 1571 814 murmura
1597 755 1756 837 ponti
1780 803 1794 828 ‚

396 841 654 924 Cycladas
680 846 892 923 AEgaeas
923 847 1271 931 obstupuisse
1298 865 1436 933 puto
1462 875 1475 910 :

312 944 437 1025 Ipse
468 967 567 1021 ego
600 968 745 1004 nunc
775 946 972 1018 miror,
1002 947 1167 1007 tantis
1197 947 1473 1029 animique
1501 948 1775 1031 marisque

388 1038 675 1101 Fluctibus
701 1042 982 1120 ingenium
1011 1067 1124 1103 non
1152 1044 1407 1105 cecidisse
1439 1068 1638 1105 meum.
2030 1076 2076 1105 ιο

311 1135 417 1195 Seu
447 1152 640 1220 stupor
665 1138 794 1199 huic
824 1141 1007 1200 studio
1028 1187 1043 1214 ‚
1074 1141 1185 1201 sive
1209 1141 1339 1201 huic
1367 1140 1578 1204 insania
1602 1165 1803 1203 nomen
1825 1189 1839 1214 ‚

392 1233 588 1294 Omnis
617 1235 686 1299 ab
717 1236 816 1296 hac
847 1261 975 1297 cura
1001 1261 1153 1297 mens
1183 1238 1414 1299 relevata
1443 1262 1559 1299 mea
1587 1254 1684 1302 est.

310 1326 463 1409 Saepe
492 1351 594 1406 ego
622 1330 892 1391 nimbosis
921 1331 1130 1392 dubius
1150 1333 1392 1413 jactabar
1416 1332 1484 1392 ab
1519 1333 1732 1405 Haedis3

390 1424 541 1506 Saepe
572 1425 749 1486 minax
783 1427 1039 1510 Steropes
1066 1428 1240 1488 sidere
1270 1444 1475 1512 pontus
1511 1444 1660 1490 erat:

308 1519 686 1604 Fuscabatque
713 1522 854 1583 diem
884 1539 1070 1584 custos
1100 1526 1524 1608 Erymanthidos
1550 1529 1707 1586 Ursae
1730 1550 1743 1598 ;
2030 1540 2075 1581 1⁵

387 1617 503 1676 Aut
533 1619 751 1701 Hyadas
782 1619 915 1680 seris
944 1637 1165 1682 auxerat
1193 1623 1397 1683 Auster
1422 1622 1581 1706 aquis
1604 1649 1616 1683 ε

305 1793 641 1842 lididecembriu
654 1790 800 1834 «siclib.
818 1792 885 1844 ΙΙ,
906 1807 1013 1834 vers.
1033 1793 1109 1850 491
1135 1824 1149 1845 ,

306 1856 417 1898 bene
434 1855 567 1898 codex
585 1864 705 1899 vetus
731 1873 740 1899 ε
763 1874 783 1892 «
803 1855 924 1898 Talia
937 1855 1150 1899 luduntur

306 1922 463 1964 fumosi
486 1936 630 1962 mense
650 1920 918 1971 decembri-33
942 1938 962 1957 »
986 1921 1152 1975 ubifu-

305 2003 418 2028 moso
432 1989 635 2029 decembri
647 2002 765 2028 nunc
782 1985 1100 2029 circumfertur.

360 2054 397 2105 4.
413 2053 590 2094 Hadria.
607 2051 730 2093 Mare
748 2050 1049 2094 Hadriaticum
1066 2083 1076 2105 ‚
1094 2051 1153 2094 ita

308 2117 567 2173 appellatum
589 2116 641 2158 ab
665 2115 832 2160 Hadria
854 2115 959 2158 urbe
979 2116 1152 2174 Illyrico

307 2183 634 2237 mari-proxima
665 2198 674 2225 :
702 2182 799 2225 vide
832 2182 1054 2237 Plinium,
1079 2183 1150 2226 lib.

308 2250 400 2303 III,
425 2265 514 2304 cap.
542 2248 602 2290 16.

363 2319 398 2357 5.
430 2315 614 2355 Isthmon
634 2315 839 2354 bimarem.
859 2311 1148 2367 Peloponnesi

307 2379 523 2423 Isthmum
537 2411 547 2429 ,
564 2377 636 2433 qui
660 2376 849 2421 adluitur
868 2377 976 2419 mari
999 2377 1149 2431 AEgaeo

306 2455 350 2489 et
371 2444 509 2487 Ionio.
536 2446 717 2486 Isthmus
746 2445 891 2485 autem
921 2439 1078 2485 dicitur
1101 2459 1151 2486 ea

307 2519 433 2553 terrae
452 2508 644 2564 angustia
661 2541 676 2560 ,
698 2522 792 2563 quae
813 2507 929 2550 inter
950 2507 1037 2550 duo
1053 2523 1152 2550 ma·-

305 2573 367 2615 ria
392 2573 474 2614 iter
505 2571 684 2627 porrigit
715 2570 768 2612 ad
798 2569 1145 2626 Chersonesum,

306 2646 355 2680 ut
376 2636 572 2679 diximus·
650 2675 652 2677 ,

306 2715 310 2717 ’
356 2703 397 2744 6,
421 2704 580 2744 Nostra·
585 2700 715 2755 fugae.
743 2698 858 2741 Mihi
881 2699 927 2741 in
954 2698 1146 2742 exsilium

297 2765 604 2825 proficiscenti.
633 2763 826 2807 CIOFAN.

349 2833 386 2875 8.
401 2834 608 2889 Cycladas
621 2833 789 2886 AEgoeus
806 2833 1066 2885 obstupuisse
1072 2847 1148 2885 pu-

303 2907 357 2941 to.
394 2897 602 2956 Cyclades
641 2896 789 2938 insulae
822 2904 924 2938 sunt
959 2895 1003 2938 in
1036 2896 1147 2938 mari

303 2962 454 3018 AEgaeo
469 2994 479 3014 ‚
496 2977 600 3017 quas
612 2959 839 3003 duodecim
862 2968 1031 3002 tantum
1046 2960 1146 3002 fuis-

300 3043 343 3069 se
359 3025 504 3068 scribit
519 3025 688 3068 Strabo.
703 3023 841 3067 Dictae
859 3033 1003 3067 autem
1018 3032 1143 3076 sunt,

302 3092 417 3148 quod
440 3093 548 3134 circa
566 3090 727 3133 Delum
747 3094 790 3132 in
807 3093 953 3147 cyclon
967 3123 977 3139 ‚
999 3090 1043 3131 id
1058 3099 1144 3142 est,

301 3156 346 3198 in
368 3157 518 3198 orbem
531 3188 542 3210 ,
556 3156 645 3199 sitae
657 3164 759 3199 sunt
774 3171 783 3198 :
803 3163 851 3197 ut
865 3154 1036 3198 Plinius*
1046 3154 1146 3198 scri-

300 3218 375 3261 bit.
392 3219 521 3261 Mna.

359 3300 419 3326 10.
439 3284 650 3337 Ingenium
670 3300 751 3325 non
768 3277 979 3327 cectdztcsel
1002 3283 1140 3340 Inge-

297 3346 373 3389 nio
396 3345 503 3387 nihil
525 3346 802 3402 perniciosius
820 3347 1078 3391 moeroribus
1098 3356 1142 3390 et

295 3410 524 3468 angoribus
544 3442 556 3464 ,
592 3409 744 3466 quibus
771 3411 881 3454 illius
905 3410 968 3454 vis
999 3412 1145 3455 omnis

293 3474 503 3517 exeditur.
528 3474 672 3518 PONT.
724 3505 728 3516 f

1291 1807 1352 1834 ιι.
1373 1793 1451 1835 Seu
1467 1797 1616 1847 stupor
1632 1799 1715 1835 etc.
1737 1789 1829 1835 Hic·
1843 1806 1990 1833 versus
2011 1790 2075 1832 le-

1233 1857 1346 1913 gitur
1363 1857 1407 1900 in
1424 1859 1604 1913 antiquo
1619 1857 1758 1914 lapide
1778 1856 1892 1913 apud
1909 1856 2076 1900 Grute—

1232 1938 1333 1965 rum
1348 1955 1360 1975 ‚
1382 1939 1475 1979 pag.
1496 1922 1579 1966 636
1594 1955 1605 1975 ,
1627 1922 1710 1966 hoc
1731 1922 1864 1965 modo
1893 1938 1904 1965 ε
1933 1939 1955 1959 1<
1985 1922 2074 1966 Seu

1231 1994 1382 2042 stupor
1409 1987 1508 2032 huic
1534 1987 1676 2031 studio
1703 1996 1792 2041 esv,
1816 1986 1903 2030 sive
1925 1994 1990 2029 est
2010 1986 2077 2028 in-

1230 2050 1348 2093 sania
1370 2067 1536 2096 nomen
1556 2084 1568 2106 ,
1605 2052 1766 2096 Omnis
1794 2052 1846 2095 ab
1872 2051 1951 2095 hac
1972 2066 2075 2094 eura

1199 2113 1202 2116 ’
1231 2130 1333 2158 cura
1353 2115 1489 2160 levata
1508 2133 1605 2160 mea
1623 2125 1698 2162 est.
1714 2134 1737 2155 »
1759 2117 1813 2160 In
1827 2116 1990 2160 Moreti
2005 2114 2074 2158 lib.

1230 2189 1316 2234 est,
1337 2185 1425 2225 sive
1444 2185 1540 2226 huic
1560 2186 1732 2225 insania
1755 2199 1904 2225 nomen
1918 2216 1928 2232 ‚
1957 2181 2073 2237 quod

1230 2245 1386 2301 placuit
1402 2247 1608 2299 Heinsi03
1623 2263 1712 2290 non
1729 2248 1836 2290 mihi
1852 2263 1862 2290 ε
1881 2263 1994 2290 mens
2012 2264 2075 2289 re-

1226 2310 1466 2366 levatasuit
1481 2312 1518 2354 F
1519 2312 1675 2356 rancof
1675 2346 1683 2354 .
1703 2312 1866 2358 BURM.

1289 2377 1348 2418 13.
1367 2378 1437 2419 Ab
1450 2379 1596 2420 Haedis
1612 2380 1825 2419 nimbosis.
1842 2377 1910 2419 Ab
1924 2374 2073 2419 Haedis

1229 2440 1429 2484 nimbum
1449 2450 1494 2484 et
1511 2450 1809 2498 tempestatem
1825 2440 2073 2484 inducenti-

1227 2506 1308 2549 bus
1322 2506 1388 2549 :hi
1407 2515 1553 2549 autem
1567 2506 1612 2549 in
1634 2514 1733 2549 ortu
1748 2515 1791 2549 et
1803 2522 1953 2549 occasu
1966 2514 2071 2549 tem-

1228 2579 1437 2627 pestatem
1455 2603 1466 2625 ,
1490 2571 1764 2627 pluviamque
1784 2570 1962 2614 faciunt.

1287 2638 1348 2690 ¹4·
1369 2637 1483 2691 Soepe
1501 2640 1646 2679 minax
1663 2638 1859 2691 Steropes.
1876 2635 2068 2679 Pleiades

1226 2701 1436 2757 intelligit.
1468 2701 1571 2744 Fuit
1596 2710 1743 2744 autem
1772 2700 1954 2757 Sterope
1984 2717 2068 2744 una

1227 2782 1277 2808 ex
1305 2775 1472 2822 septem
1502 2764 1747 2810 pleiadibus
1769 2797 1781 2819 ,
1815 2782 1911 2822 quae
1943 2766 2067 2809 fuere

1226 2830 1324 2874 filiae
1347 2831 1546 2874 Pleiones
1566 2838 1609 2873 et
1631 2830 1827 2874 Atlantis.
1846 2831 1930 2875 Hae
1956 2834 2066 2874 Ver—-

1221 2900 1333 2954 giliae
1351 2913 1374 2939 a
1390 2896 1547 2939 nostris
1568 2895 1838 2952 appellantur
1851 2929 1863 2951 ‚
1886 2897 2001 2953 quod
2022 2898 2066 2940 in

1225 2976 1325 3003 vere
1349 2961 1563 3004 oriuntur.

1283 3043 1298 3068 1
1308 3031 1343 3069 5.
1357 3027 1506 3068 Custos
1515 3028 1837 3084 Erymanthidos
1844 3027 1972 3068 Ursoe.
1988 3027 2067 3070 Ar·

1223 3091 1473 3149 ctophylaca
1496 3090 1695 3147 intelligit
1717 3125 1731 3146 ,
1755 3091 1800 3133 in
1814 3092 1935 3146 cujus
1958 3108 2065 3134 zona

1223 3163 1286 3197 est
1297 3155 1416 3198 stella
1432 3156 1640 3199 Arcturus
1655 3188 1667 3209 ,
1681 3156 1802 3210 cujus
1814 3164 1987 3200 ortuset
2000 3173 2065 3199 oc-

1221 3235 1340 3262 casus
1355 3228 1628 3276 tempestates
1639 3220 1902 3276 gravissimas
1914 3220 2028 3264 facit.

1280 3301 1296 3326 1
1303 3284 1341 3326 6.
1358 3284 1450 3326 Aut
1461 3287 1641 3341 Hyadas
1653 3289 1758 3328 seris
1769 3288 1967 3328 hauserat
1971 3286 2018 3327 A
2018 3303 2061 3326 u-

1219 3356 1306 3390 ster
1327 3345 1457 3404 uquis.
1480 3350 1674 3391 Auxerat
1704 3349 1799 3392 libri
1830 3349 2028 3392 nonnulli
2051 3367 2059 3397 ;

1219 3412 1292 3455 sed
1313 3412 1497 3458 frustra:
1512 3413 1685 3457 videtur
1703 3412 1820 3457 enim
1833 3413 1886 3456 ad
1898 3429 2060 3457 nomen

1219 3476 1366 3523 Austri
1389 3475 1592 3520 alludere.
1629 3477 1789 3521 Statius
1813 3477 1866 3519 de
1889 3485 2060 3533 tempe-
