2268 3848
347 325 416 379 58
814 329 878 382 P.
930 329 1227 386 OVIDII
1267 332 1646 391 NASONIS

341 441 511 501 Deme
539 441 674 502 mihi
705 443 984 517 studium3
1016 445 1137 506 vitae
1171 471 1390 531 quoque
1418 451 1646 510 crimina
1673 450 1851 512 demes
1881 477 1894 512 z

421 540 726 622 Acceptum
753 540 928 599 refero
962 542 1236 617 versibuS‚
1270 569 1384 606 esse
1406 570 1623 607 nocenS.
2063 583 2110 610 ιο

340 634 461 694 Hoc
487 633 725 716 pretium
757 659 897 696 curae
925 637 1380 724 vigilatorumque
1407 641 1661 704 laborum

421 731 677 814 Cepimus
706 757 717 791 :
751 733 972 812 ingenio
1002 760 1163 818 poena
1190 754 1403 822 reperta
1430 763 1569 800 meo.

337 828 396 888 Si
426 851 696 911 saperem,
730 829 919 891 doctas
951 833 1189 894 odissem
1215 836 1334 916 jure
1367 859 1611 910 sororeS‚

419 927 656 984 Numina
684 925 883 987 cultori
912 929 1220 1010 perniciosa
1248 955 1369 991 suo.

336 1022 412 1082 At
440 1046 611 1094 nunc,
646 1037 796 1085 tanta
826 1049 948 1085 meo
981 1050 1161 1088 comes
1192 1043 1274 1089 est
1299 1029 1510 1091 insania
1536 1031 1766 1104 morb0‚
2058 1054 2103 1094 15

415 1117 552 1178 Saxa
579 1119 781 1180 malum
806 1122 979 1182 refero
1009 1148 1199 1185 rursus
1229 1124 1297 1183 ad
1326 1124 1431 1203 ista
1457 1126 1671 1208 pedem.

332 1215 550 1277 Scilicet
582 1234 636 1278 et
661 1219 835 1279 victus
863 1221 1063 1302 repetit
1092 1220 1364 1298 gladiator
1389 1247 1641 1296 arenam3

414 1313 487 1371 Et
511 1312 652 1372 redit
682 1314 739 1372 in
769 1314 1004 1374 tumidas
1031 1315 1292 1393 naufraga
1322 1317 1530 1400 puppis
1557 1342 1741 1401 aquas.

331 1406 582 1467 Forsitan
603 1457 617 1480 ‚
647 1425 709 1469 ut
741 1410 1020 1492 quondam
1050 1413 1412 1473 Teuthrantia
1440 1438 1603 1493 regna
1638 1417 1872 1488 tenenti,

412 1502 501 1561 Sic
533 1504 666 1563 mihi
695 1529 782 1566 res
813 1506 999 1566 eadem
1027 1507 1224 1568 vulnus
1253 1533 1522 1593 opemque
1550 1510 1718 1572 feret:
2056 1545 2107 1572 ιω

330 1599 605 1682 Musaque
627 1647 641 1673 ‚
677 1626 839 1684 quam
868 1603 1067 1675 movit,
1099 1619 1305 1665 motam
1342 1630 1569 1689 quoque·
1591 1605 1762 1669 leniet
1787 1608 1922 1668 iram
1949 1633 1961 1680 ;

409 1698 655 1758 Exorant
687 1723 917 1778 magnos
949 1701 1185 1761 carmina
1214 1725 1354 1785 saepe
1384 1704 1554 1763 Deos,

329 1794 454 1874 Ipse
484 1818 735 1877 quoque,
765 1797 1038 1857 Ausonias
1064 1798 1243 1859 Caesar
1270 1814 1470 1860 matres
1500 1823 1889 1884 quenurusque

408 1889 664 1951 Carmina
694 1891 977 1970 turrigerae
1010 1891 1187 1954 dicere
1211 1895 1383 1976 jussit
1410 1896 1528 1979 Opi
1553 1921 1566 1957 ε

384 2042 447 2070 ιο.
484 2029 593 2071 Esse
630 2045 784 2072 nocens
820 2038 884 2073 est
924 2031 1168 2087 graecismus
1250 2033 1502 2091 poeticum:
1526 2050 1604 2091 pro
1637 2034 1769 2089 refi’ra
1797 2034 1946 2076 malim
1973 2034 2102 2078 etiam

325 2109 406 2150 pro
436 2110 527 2138 esse
558 2103 793 2149 nocentem,
824 2096 966 2154 inquit
1001 2097 1170 2158 Micyl-

324 2159 403 2204 lus.
423 2160 584 2204 Bmm.

384 2242 397 2267 1
412 2241 446 2266 1.
468 2227 743 2280 Hocprett'utn
760 2230 866 2269 wffltoe
892 2229 1003 2270 Curoe
1016 2228 1173 2273 rectius

325 2306 439 2333 unus
470 2292 759 2335 Bononiensis
776 2325 787 2347 ,
823 2293 1144 2337 Arondelianus
1159 2325 1171 2348 ,

326 2363 371 2397 et
384 2364 470 2398 tres
485 2356 552 2398 alii
568 2372 647 2412 pro
661 2356 827 2400 diversa
840 2358 1021 2401 lectione
1041 2377 1051 2410 3
1070 2375 1176 2402 nam

324 2422 421 2461 vita·
437 2431 709 2476 praecesserat
730 2422 857 2478 paulo
877 2431 976 2465 ante
997 2440 1006 2474 ;
1029 2439 1173 2480 neque

325 2482 448 2527 aliter
463 2485 629 2528 Bersm.
651 2485 771 2529 liber.
786 2488 913 2530 Pont.
931 2488 991 2542 11,
1008 2502 1071 2542 w,
1094 2488 1167 2530 16:

324 2566 346 2585 «
375 2548 475 2593 Hoc
492 2550 680 2606 pretium
700 2567 813 2595 curae
844 2551 968 2596 dulce
990 2552 1173 2596 recentis

322 2622 438 2667 erat3
465 2632 486 2653 »
509 2624 636 2673 atque
658 2616 716 2660 ita
737 2618 825 2672 jam
859 2618 904 2661 iu
940 2619 1054 2662 notis
1083 2618 1170 2662 suis

321 2695 445 2723 meus
457 2697 625 2738 parens.
636 2683 695 2726 H.
706 2706 760 2715 -
769 2685 865 2726 Hoc
875 2689 1051 2738 pretium
1066 2688 1172 2726 vitae.

323 2745 422 2788 Hoc
440 2747 670 2802 praemium
691 2747 788 2791 vitae
808 2757 1011 2791 anteactae
1029 2764 1038 2791 z
1056 2748 1169 2804 quod

321 2808 478 2853 scilicet
498 2827 670 2867 poenam
687 2811 862 2868 ingenio
875 2812 1030 2869 reperi.
1042 2813 1169 2856 MER.

382 2878 442 2931 14.
467 2879 630 2921 Cultort'
645 2894 732 2921 suo.
752 2869 864 2921 Mihi
881 2878 1043 2922 ovidio
1060 2912 1072 2933 ,
1096 2880 1171 2936 qui

326 2958 396 2986 eas
415 2941 526 2985 colui
552 2958 600 2985 ac
620 2951 803 2987 sectatus
822 2960 934 2987 sum.
958 2942 1088 2987 CIOF.

382 3007 444 3049 15.
477 3008 593 3049 Saxa
622 3023 772 3050 memor
799 3008 932 3062 refero
953 3025 1093 3051 rursus
1112 3011 1176 3050 ad

320 3076 407 3114 icta
423 3074 579 3125 pedem.
609 3073 771 3114 Illalum
792 3076 941 3127 pedem
970 3073 1168 3117 meliores

321 3152 481 3193 magno
492 3131 693 3187 niimerm
709 3137 775 3180 alii
787 3153 876 3181 non
889 3140 1010 3195 pauci
1022 3152 1167 3182 meum:

314 3216 392 3256 pes
411 3204 545 3243 malus
567 3218 645 3258 pro
667 3202 767 3245 laeso
784 3203 892 3259 pede
911 3221 920 3255 ;
947 3204 1040 3247 Art.
1066 3205 1165 3247 Am.

323 3267 417 3319 111,
442 3284 489 3323 27
500 3284 512 3308 1
524 3300 535 3320 ,
552 3283 815 3324 quamquam
827 3268 997 3313 diverso
1009 3285 1163 3314 sensu:

322 3348 345 3368 «
366 3331 449 3374 Pes
468 3331 603 3374 malus
618 3332 661 3374 in
679 3333 803 3376 nivea
819 3350 990 3390 semper
1003 3335 1166 3379 celetur

321 3396 434 3438 aluta
454 3413 463 3447 ;
492 3414 512 3434 ›>
530 3412 609 3448 pro
628 3401 714 3440 icta
736 3398 828 3440 vd'uo
848 3409 1014 3442 veteres
1034 3407 1164 3453 acta,-

320 3459 412 3517 lege
441 3462 559 3504 Saxa
590 3467 674 3505 ista
694 3478 706 3504 s
746 3462 940 3520 designat
973 3464 1163 3508 studium

1251 2095 1425 2152 referor,
1453 2105 1502 2141 ut
1529 2097 1583 2142 sit
1606 2098 1874 2154 graecismus:
1895 2107 2103 2155 praeterea

1253 2162 1605 2206 unusvaticanus
1616 2177 1695 2219 pro
1710 2161 1876 2205 diversa
1896 2162 2102 2206 lectione:

1258 2227 1476 2270 «Laesum
1493 2243 1589 2270 saxa
1605 2226 1762 2284 pedem
1783 2243 1930 2270 rursus
1946 2226 2000 2269 ad
2020 2227 2102 2270 icta

1255 2290 1392 2334 fero»
1381 2309 1418 2343 »3
1447 2299 1495 2334 ut
1513 2291 1703 2335 fortassis
1724 2292 1779 2334 sit
1798 2291 2101 2334 scribendum:

1258 2355 1412 2398 ‹Saxa
1434 2354 1596 2398 malum
1618 2354 1790 2399 referor
1809 2356 1931 2400 laesus
1952 2356 2004 2399 ad
2023 2357 2101 2400 ista

1255 2420 1461 2478 pedem.»
1441 2421 1648 2466 »Hans-

1316 2505 1360 2529 1
1343 2516 1376 2545 s.
1403 2488 1576 2531 Scilicet
1603 2496 1650 2530 ut
1678 2491 1823 2532 victus.
1860 2487 2036 2531 Rectius
2062 2496 2104 2530 et

1255 2568 1354 2596 cum
1385 2569 1475 2596 uno
1498 2551 1798 2606 Bononiensi,
1834 2560 1877 2596 et
1905 2561 2000 2595 tum
2023 2553 2099 2595 di-

1228 2628 1231 2631 *
1252 2619 1427 2663 stinctio
1447 2618 1671 2662 mutanda.
1691 2619 1859 2662 Hnms.

1313 2702 1373 2746 ¹9·
1402 2687 1672 2729 Teuthrantia
1692 2700 1830 2739 regna.
1850 2683 2005 2742 Mysiae
2027 2699 2099 2725 re-

1253 2766 1336 2806 gna
1353 2782 1365 2804 ,
1397 2765 1492 2806 quae
1517 2748 1658 2793 tenuit
1678 2764 1752 2790 rex
1775 2747 2096 2791 Teuthrantus:

1253 2815 1330 2871 qui
1359 2813 1469 2856 virili
1502 2813 1633 2870 stiipe
1664 2828 1834 2861 carens,
1874 2813 2095 2869 Argiopen

1252 2879 1385 2922 filiam
1406 2879 1603 2935 Telepho
1624 2877 1882 2935 despondit,
1906 2894 2094 2934 eumque

1251 2944 1424 3001 reliquit
1445 2945 1568 3000 regni
1592 2959 1894 2989 successorem.

1306 3026 1369 3052 20.
1389 3010 1517 3052 Feret.
1537 3010 1671 3052 Ferat
1683 3008 1772 3050 duo
1790 3016 1956 3051 veteres
1975 3016 2018 3051 et
2038 3011 2096 3050 le-

1248 3078 1350 3117 nial.
1372 3074 1539 3117 Hmns.

1304 3155 1368 3181 21.
1386 3140 1595 3194 Musaque
1604 3153 1693 3194 qna·
1704 3142 1838 3181 mom't.
1858 3140 1992 3192 Quam
2006 3153 2094 3179 me-

1246 3204 1388 3248 liores.
1411 3204 1576 3246 HEINS.

1302 3272 1366 3323 24.
1390 3271 1586 3312 Carmina
1596 3272 1810 3324 turriger-e.
1826 3269 1895 3312 De
1906 3268 2005 3325 Ope
2018 3267 2093 3310 Sa-

1247 3335 1365 3377 turni
1386 3335 1569 3391 conjuge
1591 3333 1799 3391 intelligas
1815 3368 1826 3387 ‚
1849 3334 1902 3376 de
1928 3349 2010 3389 qua
2033 3331 2090 3374 ita

1244 3399 1592 3443 scribitMacrob.
1603 3417 1623 3436 «
1641 3399 1786 3455 Opem
1800 3399 1976 3444 Saturni
1991 3413 2090 3441 con·

1245 3466 1391 3522 jugem
1414 3465 1692 3510 crediderunt
1708 3499 1719 3521 ‚
1750 3475 1793 3510 et
1815 3466 1911 3510 ideo
1932 3465 2088 3508 eodem
