2280 3776
312 236 420 291 286
781 238 841 291 Ρ,
884 237 1176 293 OVIDII
1215 239 1597 296 NASONIS

396 354 449 412 N
457 375 557 411 unc
587 373 805 433 quoque
834 350 898 410 de
928 366 1114 413 nostra
1141 369 1317 416 morte
1350 370 1523 416 tacere
1547 378 1682 415 reor.

317 508 452 551 quum
473 492 702 538 damnatus
719 493 806 537 fui:
825 509 878 536 eo
899 493 1017 537 enim
1038 503 1153 539 tem—
1237 491 1392 543 scilicet
1408 533 1419 554 ,
1446 509 1493 543 ut
1515 498 1693 542 adversis
1713 498 1839 542 rebus
1858 499 2066 544 laboran-

315 577 421 618 pore
452 560 567 603 fama
599 575 696 603 mea
723 559 861 616 periit.
886 582 939 592 —
966 563 1128 616 Vosque
1142 595 1152 612 ,
1239 573 1328 606 tem
1365 566 1492 607 etiam
1531 563 1649 607 amici
1689 562 1899 606 deserant.
1932 565 2067 609 Fama

318 631 590 684 qut’busperiz'.
607 627 707 669 Non
720 624 926 680 carmina,
944 635 1015 669 aut
1029 625 1157 672 libros
1239 629 1356 671 enirn
1367 663 1378 682 ,
1394 629 1555 686 inquit,
1575 644 1671 672 mea
1684 644 1784 671 cum
1797 629 1976 671 domino
1987 646 2067 672 suo

315 706 412 735 suos
451 690 696 746 adloquitur
726 698 850 746 poeta
870 721 881 744 ‚
928 690 1002 733 sed
1038 692 1157 734 ami-
1240 695 1290 737 ab
1307 693 1412 736 urbe
1427 693 1646 750 fugit,sive
1657 693 1773 747 abiit,
1787 709 1923 749 eoque
1937 693 2069 737 etiam

322 773 404 799 cos.
430 757 580 812 Neque
601 756 692 803 illos
715 765 853 800 tacere
877 756 930 800 de
951 774 994 800 se
1015 758 1157 815 jubet:
1239 774 1313 800 vos
1334 758 1491 801 amicos
1515 758 1695 800 arbitror
1718 757 1804 813 jam
1828 758 1913 801 mei
1939 757 2071 802 exsilii
2132 786 2133 789 =

316 821 391 864 sed
400 821 538 863 vereri
552 837 596 863 se
613 821 669 864 ait
679 854 690 875 ,
708 837 763 864 ne
779 821 822 864 id
835 821 1011 876 faciant,
1028 837 1159 879 quan·
1239 841 1287 867 ac
1299 825 1411 881 fugae
1422 858 1433 878 ‚
1449 840 1540 879 quae
1554 819 1702 868 mortis
1716 825 1850 868 instar
1862 825 1971 868 mihi
1984 834 2068 879 est,

320 886 554 944 doquidem
574 887 655 932 hoc
671 888 845 945 vulgare
865 906 912 933 ac
928 889 1080 933 tritum
1096 899 1160 933 est
1240 906 1329 932 non
1346 890 1524 948 amplius
1541 891 1802 934 meminisse.

855 1138 1550 1209 EPISTOLA·VI.

1109 1279 1294 1295 m

962 1415 1436 1477 GRAECINO.

902 1655 1496 1710 ARGUMENTUM.

324 1772 390 1817 Ad
408 1772 660 1816 Graecinum
685 1772 878 1816 scribens
895 1805 907 1826 ,
934 1772 1053 1816 dolet
1074 1782 1201 1831 poeta
1224 1782 1326 1817 eum
1357 1789 1441 1818 non
1465 1771 1650 1818 adfuisse
1671 1772 1743 1818 illo
1764 1783 1959 1835 tempore
1991 1790 2079 1835 quo

376 1844 428 1886 ab
452 1843 650 1900 Augusto
671 1843 884 1900 relegatus
911 1852 974 1886 est
1003 1857 1013 1884 t
1036 1859 1167 1900 quem
1196 1844 1424 1887 arbitratur
1450 1858 1659 1900 magnum
1678 1845 1835 1900 cepisse
1858 1847 2078 1903 dolorem,

378 1930 515 1971 quum
540 1915 732 1971 primum
750 1917 852 1956 rem‘
869 1931 1047 1958 omnem
1069 1915 1292 1972 acceperit.
1314 1914 1512 1959 Secundo
1530 1930 1632 1957 eum
1650 1923 1796 1972 rogat,
1815 1922 1863 1958 ut
1881 1917 2082 1976 adloquio

378 1998 458 2025 suo
491 1991 534 2025 et
565 1982 698 2026 literis
729 1981 882 2026 saltem
914 1983 1162 2027 consoletur
1188 2001 1199 2034 ;
1241 1999 1322 2026 nec
1356 1983 1458 2026 scire
1489 1983 1632 2039 cupiat
1666 1999 1796 2039 quam
1824 1983 1878 2026 ob
1910 1999 2085 2029 causam

378 2051 599 2106 exsularit,
626 2068 683 2094 ne
706 2051 1010 2095 recrudescant
1026 2051 1206 2095 vulnera
1224 2051 1313 2108 jam
1335 2053 1509 2097 occlusa.
1530 2052 1818 2096 Postmodum
1845 2053 1970 2097 docet
1990 2070 2083 2098 non

382 2137 557 2178 prorsus
576 2121 656 2165 sibi
676 2120 894 2168 ademtam
911 2138 1000 2165 esse
1017 2137 1138 2178 spem
1160 2122 1323 2166 reditus
1347 2139 1356 2166 ε
1380 2122 1626 2179 fateturque
1648 2121 1775 2167 simul
1793 2156 1806 2177 ,
1830 2122 1875 2166 in
1904 2121 2085 2167 Caesaris

382 2191 612 2236 clementia
643 2191 880 2248 plurimum
913 2207 1085 2247 sperare
1111 2208 1121 2234 ;
1150 2207 1281 2247 quem
1317 2200 1364 2235 ut
1397 2191 1475 2235 sibi
1507 2192 1833 2247 reconcilietur,
1871 2202 2084 2249 precatur.

379 2261 574 2304 Demum
595 2260 697 2304 dicit
717 2260 866 2303 omnia
891 2260 1164 2317 impossibilia
1185 2261 1326 2318 potius
1346 2261 1441 2307 fieri
1465 2278 1586 2320 posse
1607 2296 1619 2319 ,
1649 2278 1781 2320 quam
1800 2262 1976 2307 credere
1994 2278 2038 2307 se
2059 2278 2084 2305 a

380 2330 581 2374 Graecino
602 2329 692 2373 fido
711 2339 756 2374 et
772 2330 908 2374 veteri
930 2330 1069 2374 amico
1088 2347 1207 2388 posse
1234 2331 1417 2375 destitui.

330 2459 661 2554 ECQUID‚
691 2497 756 2542 ut
784 2482 1012 2554 audisti,
1044 2507 1169 2542 nam
1200 2497 1252 2543 te
1278 2482 1485 2543 diversa
1510 2483 1732 2544 tenebat

407 2582 605 2651 Terra,
635 2602 782 2639 meos
810 2602 992 2649 casus,
1027 2602 1120 2638 cor
1148 2579 1249 2638 tibi
1282 2579 1434 2639 triste
1463 2577 1610 2640 fuit?

327 2675 683 2746 Dissimules‚
713 2688 1030 2756 metuasque
1057 2674 1213 2745 licet,
1248 2675 1487 2735 Graecine
1506 2721 1521 2747 ‚
1551 2674 1742 2746 fateri;

412 2772 472 2832 Si
503 2773 653 2831 bene*
673 2786 725 2831 te
752 2772 918 2841 novi,
951 2771 1104 2830 triste
1134 2771 1299 2832 fuisse
1334 2771 1521 2853 liquet.

330 2873 458 2931 Non
487 2870 629 2930 cadit
656 2870 714 2928 in
739 2893 918 2929 mores
946 2868 1130 2929 feritas
1153 2868 1460 2928 inamabilis
1490 2867 1661 2939 istos;

407 2969 522 3026 Nec
552 2965 732 3025 minus
761 2989 791 3024 a
820 2964 1016 3025 studiis
1047 2963 1275 3025 dissidet
1300 2954 1390 3022 illa
1422 2955 1571 3023 tuis.-

2058 2886 2083 2928 C!

387 3125 421 3151 ι.
452 3110 620 3165 Ecquid
642 3117 699 3151 ut.
738 3110 950 3163 Numquid
976 3115 1024 3151 ut
1057 3123 1167 3150 unus
1247 3110 1341 3149 tuis.
1366 3107 1432 3150 Ita
1453 3115 1495 3149 et
1515 3104 1660 3163 scripti
1682 3115 1931 3151 constanter
1950 3123 1960 3151 :
1978 3124 2084 3151 cen-

334 3172 502 3215 Heinsii
520 3190 530 3224 ς
553 3176 720 3228 Ecquid
735 3176 811 3216 ubi
827 3173 1005 3216 Moreti.
1247 3186 1320 3214 seo
1330 3170 1610 3215 nihilominus
1622 3171 1922 3228 reponendum
1935 3188 1976 3215 2«
1992 3173 2083 3216 Nec

388 3237 425 3278 3.
453 3238 695 3292 Metuasque
715 3240 821 3280 licet.
851 3239 1021 3280 Metuas
1041 3239 1159 3285 licen
1247 3253 1421 3281 mensa
1452 3236 1600 3280 studiis
1633 3235 1807 3280 dissidet
1836 3236 1905 3279 illa
1928 3236 2038 3287 suis;
2059 3253 2082 3275 »ι

332 3303 360 3342 ὁ
380 3302 584 3350 Gra-cine,
610 3301 709 3344 MS.
729 3301 973 3344 Bersman.x
1247 3299 1469 3357 sequentia
1499 3300 1759 3344 confirmant
1785 3299 1896 3343 hanc
1925 3299 2082 3354 conje-

387 3366 425 3407 6.
445 3367 533 3408 Nec
545 3369 720 3408 minusa
734 3369 885 3409 studiis
900 3368 1078 3410 dissidet
1090 3368 1168 3408 illa
1247 3374 1413 3410 cturam
1429 3398 1442 3422 ,
1468 3382 1599 3423 quam
1628 3375 1673 3410 et
1695 3375 1840 3422 postea
1865 3366 1912 3408 in
1936 3364 2081 3408 codice
