2280 3776
312 333 418 403 342

761 338 825 390 P.
883 337 1182 392 OVIDII
1226 338 1602 396 NASONIS

850 568 1370 691 ErlsTo'LA
1420 589 1545 692 v1.

1104 759 1290 775 m

958 937 1434 1000 GRAECINO.

903 1242 1502 1296 ARGUMENTUM.

317 1379 388 1423 Ad
412 1379 664 1423 Graecinum
690 1380 880 1424 scribens
905 1390 1032 1438 poeta
1051 1414 1062 1436 ,
1089 1398 1192 1425 eum
1218 1391 1371 1426 monet
1388 1391 1439 1426 ut
1457 1399 1480 1426 a
1500 1399 1596 1428 sera
1620 1392 1898 1440 peccatorum
1924 1402 2084 1441 repre—

370 1451 579 1496 hensione
603 1462 818 1509 temperet
841 1453 920 1496 sibi
957 1453 1146 1508 amicus,
1188 1462 1232 1497 et
1263 1454 1404 1511 potius
1441 1455 1646 1499 auxilium
1685 1466 1887 1514 praestare
1918 1457 2085 1501 nitatur

373 1520 519 1564 sodali.

328 1644 391 1730 C
410 1687 693 1732 ARMINE
726 1671 1064 1742 Graecinum,
1100 1672 1195 1754 qui
1223 1694 1462 1754 praesens
1490 1696 1620 1732 voce
1647 1673 1891 1748 solebat,

398 1767 599 1828 Tristis
628 1768 697 1828 ab
727 1769 959 1827 Euxinis
982 1769 1130 1828 Naso
1163 1767 1364 1828 salutat
1390 1767 1564 1850 aquis,

320 1861 542 1921 Exsulis
568 1863 683 1922 haec
709 1887 818 1922 vox
851 1877 934 1923 est
955 1890 968 1922 :
995 1862 1203 1943 praebet
1226 1861 1363 1921 mihi
1392 1861 1548 1923 litera
1568 1863 1844 1943 linguam3

401 1961 504 2030 Et,
539 1961 585 2019 si
610 1982 726 2017 non
749 1959 908 2019 liceat
935 1959 1198 2030 scribere,
1228 1974 1415 2020 mutus
1446 1983 1556 2020 ero.

325 2055 605 2136 Corripis,
637 2069 700 2114 ut
727 2054 894 2115 debes
911 2101 925 2126 ,
958 2053 1114 2114 stulti
1141 2070 1361 2137 peccata
1388 2055 1621 2131 sodalis,
2063 2076 2087 2117 5

403 2155 479 2212 Et
506 2151 647 2212 mala
674 2176 760 2213 me
788 2151 994 2213 meritis
1022 2152 1161 2212 ferre
1189 2152 1400 2213 minora
1430 2154 1608 2216 doces.

324 2254 467 2311 Vera
492 2251 625 2311 facis
645 2298 659 2323 ‚
691 2251 786 2311 sed
814 2274 930 2311 sera
949 2299 964 2324 ‚
991 2275 1124 2311 meae
1151 2252 1391 2312 convicia
1419 2253 1591 2337 culpae
1614 2277 1628 2314 :

403 2349 615 2430 Aspera
641 2346 893 2407 confesso
920 2346 1084 2407 verba
1116 2347 1332 2407 remitte
1355 2371 1467 2408 re0.

328 2444 519 2522 Quum
548 2458 796 2526 poteram
822 2457 972 2503 recto
1004 2443 1235 2503 transire
1265 2445 1531 2505 Ceraunia
1558 2443 1678 2505 velo
1698 2492 1713 2518 ‚

410 2542 490 2599 Ut
518 2540 630 2600 fera
655 2539 880 2601 vitarem
909 2563 1035 2600 saxa
1052 2586 1067 2612 ‚
1100 2539 1405 2601 monendus
1431 2564 1592 2600 eram.
2041 2572 2090 2601 ιι»

384 2701 419 2726 1.
445 2685 575 2738 Quem
592 2699 791 2737 pra-sens.
818 2686 905 2737 Qui
925 2682 1096 2726 Sat-rav.
1124 2691 1169 2727 et

326 2747 522 2793 Patavin.
541 2747 600 2789 H.

296 2822 299 2827 ’
379 2813 418 2855 3.
430 2815 591 2856 Proebet
606 2813 713 2853 mihi
720 2814 840 2854 litera
847 2814 1046 2866 linguam.
1063 2809 1169 2853 Car-

327 2886 431 2924 m'en
446 2896 597 2923 meum
610 2888 674 2922 est
688 2879 795 2922 mihi
808 2879 901 2923 loco
918 2878 1096 2935 linguae‚
1113 2878 1167 2922 ad

326 2946 603 2989 salutandum
625 2945 793 2988 amicos.

379 3010 418 3052 6.
437 3012 496 3052 Et
512 3012 626 3051 mala
639 3025 701 3051 me
714 3012 871 3052 merim·
878 3007 994 3064 firre
1010 3011 1167 3051 minora

328 3077 454 3117 doles.
476 3075 541 3117 Ita
561 3074 705 3130 scripti
726 3082 975 3117 constanter
991 3105 1002 3127 ,
1025 3086 1165 3127 neque

327 3149 471 3182 tamen
484 3139 747 3183 conveniens
755 3138 923 3182 homini
934 3138 1070 3181 amico
1078 3145 1140 3180 est
1151 3170 1162 3188 ,

328 3204 406 3246 ista
437 3213 526 3247 tam
556 3203 757 3247 immanis
778 3203 1009 3260 adsperitas
1035 3218 1164 3245 men·-

328 3267 380 3311 tis
395 3302 404 3318 ‚
429 3276 477 3310 ut
491 3268 632 3311 doleat
646 3286 816 3325 poenam
829 3269 990 3314 Nasoni
1011 3267 1062 3310 ab
1076 3267 1165 3309 Au-

327 3341 451 3389 gusto
469 3332 698 3389 irrogatam
720 3351 809 3377 esse
828 3334 940 3377 infra
959 3333 1053 3388 ejus
1070 3347 1167 3374 me-

327 3397 472 3441 ritum.
501 3398 650 3453 Quare
669 3398 889 3441 adsentior
910 3394 1165 3453 Tanaquillo

329 3463 365 3508 F
368 3463 469 3505 abro
486 3462 714 3518 reponenti
729 3466 866 3514 doces,
881 3479 959 3519 pro
968 3465 1093 3506 doles.
1107 3461 1165 3504 H.

1304 2699 1338 2738 7.
1358 2684 1467 2725 Vera
1472 2682 1612 2737 sacis,
1639 2685 1816 2726 sedsera
1833 2698 1941 2725 meoe.
1961 2682 2087 2727 Ordo

1249 2750 1483 2792 verborum
1495 2748 1554 2792 sic
1565 2748 1694 2792 habet
1705 2763 1714 2791 :
1724 2748 1823 2792 sacis
1843 2757 1891 2791 tu
1909 2748 2088 2804 quidem

1248 2814 1438 2858 convicia
1464 2829 1565 2856 vera
1587 2813 1721 2869 culpae
1741 2828 1850 2857 meae
1864 2846 1876 2866 ‚
1901 2813 1975 2856 sed
1993 2830 2088 2858 sera

1250 2885 1411 2920 tamen.
1427 2877 1578 2933 Quare
1597 2876 1770 2919 remitte
1790 2877 1968 2933 adspera
1985 2894 2085 2919 ver—

1247 2943 1301 2984 ba
1315 2975 1326 2994 ‚
1347 2942 1428 2984 hoc
1447 2949 1511 2984 est
1526 2974 1539 2995 ‚
1555 2941 1702 2985 desine
1717 2942 1883 2985 crimen
1901 2942 2087 2998 objicere

1247 3006 1355 3049 mihi
1371 3006 1567 3049 confesso
1581 3039 1593 3060 ,
1620 3015 1700 3051 etc.
1721 3006 2088 3050 M1cn.—Justa

1235 3071 1359 3126 facis
1381 3071 1468 3114 duo
1496 3071 1592 3115 libri
1610 3091 1621 3124 3
1652 3075 1732 3115 sed
1745 3089 1856 3115 sava
1876 3073 2088 3128 Excerpta

1247 3136 1415 3190 Vossii;
1437 3137 1525 3180 duo
1546 3142 1735 3182 convicia
1756 3142 1925 3193 lingua.

1308 3219 1347 3259 9.
1392 3203 1611 3245 Ceraunia.
1657 3201 1878 3246 Ceraunia
1915 3210 2086 3245 montes

1246 3276 1348 3311 sunt
1367 3267 1558 3311 altissimi
1579 3269 1715 3326 Epiri.
1743 3269 1962 3313 Dicuntur
1976 3283 2087 3323 quo-

1247 3348 1331 3388 que
1362 3332 1686 3376 Acroceraunia.
1715 3333 1940 3387 Lucanus,
1974 3332 2085 3374 libro

1248 3405 1401 3452 quarto
1432 3413 1442 3440 z
1462 3400 1687 3452 scopulosa
1720 3402 1925 3443 Ceraunia
1950 3406 2087 3441 nauta·

1246 3464 1413 3505 Summa
1429 3467 1583 3507 timent.
