2280 3776
250 326 360 397 354

723 324 787 377 P.
845 319 1135 376 OVIDII
1190 318 1562 374 NASONIS

333 445 540 502 Intrata
573 453 651 498 est
682 436 907 519 Superis
940 435 1091 518 quod
1120 435 1313 495 domus
1344 459 1448 495 una
1475 435 1670 497 tribus.

253 536 458 598 Felices
487 533 592 604 illi,
627 531 720 614 qui
750 554 858 590 non
887 530 1168 591 simulacra
1188 577 1202 602 ‚
1232 531 1325 591 sed
1357 531 1537 614 ipso8‚

336 633 560 712 Quique
591 629 767 686 Deum
800 650 980 686 coram
1011 650 1238 709 corpora
1273 652 1390 687 vera
1419 627 1619 686 vident.

255 727 423 808 Quod
453 723 708 807 quoniam
731 721 900 802 ‘nobis
932 722 1126 782 invidit
1154 722 1346 782 inutile
1375 723 1578 794 fatum,

337 824 495 902 Quos
525 819 672 879 dedit
701 842 787 878 ars
817 819 955 878 votis
975 865 988 890 ,
1022 817 1362 901 effigiemque
1393 818 1530 878 colo.
1962 837 2015 876 60

252 921 341 982 Sic
375 919 625 979 homines
651 939 849 976 novere
878 916 1025 974 Deos
1044 962 1057 986 ‚
1091 939 1231 998 quos
1262 915 1463 974 arduus
1491 915 1656 975 aether

333 1014 552 1076 Occulit
583 1039 594 1073 :
627 1028 681 1074 et
713 1012 912 1072 colitur
939 1036 1045 1094 pro
1074 1014 1210 1072 Jove
1238 1011 1413 1071 forma
1440 1013 1475 1071 J
1480 1011 1612 1072 ovis.

249 1112 531 1194 Denique,
567 1135 685 1193 quae
715 1132 927 1170 mecum
958 1123 1062 1178 est,
1095 1123 1150 1168 et
1175 1108 1278 1168 erit
1307 1108 1422 1170 sine
1453 1107 1590 1182 fine,
1620 1122 1831 1179 cavete,

330 1213 410 1270 Ne
441 1211 514 1270 sit
541 1210 599 1268 in
628 1208 804 1267 inviso
824 1221 1012 1283 *vestra
1043 1206 1219 1284 figura
1248 1205 1389 1266 loco.

248 1310 387 1367 Nam
420 1322 582 1389 caput
610 1330 637 1365 e
666 1319 852 1364 nostra
885 1304 1047 1364 citius
1078 1303 1280 1363 cervice
1309 1302 1547 1376 recedet,
1963 1318 2017 1360 65

329 1405 402 1462 Et
430 1402 605 1484 patiar
634 1400 795 1461 fossis
826 1399 1016 1460 lumen
1041 1400 1191 1459 abire
1221 1399 1372 1477 genis
1398 1447 1412 1471 ‚

249 1501 431 1579 Quam
457 1521 663 1557 caream
693 1497 895 1579 raptiS‚
928 1521 961 1556 o
989 1496 1208 1578 publica
1239 1499 1463 1557 numina
1482 1543 1497 1568 ‚
1518 1496 1714 1569 -vobis;

329 1596 447 1653 Vos
478 1592 629 1653 eritis
659 1605 860 1651 nostrae
889 1604 1086 1672 portus
1117 1604 1170 1650 et
1200 1613 1288 1650 ara
1319 1590 1496 1668 fugae:

251 1695 369 1752 Vos
399 1715 502 1767 ego
530 1687 899 1770 complectar,
939 1686 1148 1746 Geticis
1173 1685 1219 1746 si
1250 1687 1436 1764 cingar
1461 1686 1529 1747 ab
1552 1687 1746 1759 armis;

327 1792 548 1871 Vosque
578 1809 725 1847 meas
754 1784 965 1868 aquilas
983 1831 998 1857 ‚
1027 1808 1124 1844 vos
1152 1809 1272 1846 mea
1302 1785 1455 1864 signa
1487 1808 1696 1868 sequar.
1964 1818 2016 1860 70

250 1889 367 1948 Aut
394 1909 496 1962 ego
526 1908 611 1944 me
642 1882 803 1954 fallo,
833 1882 1109 1963 nimiaque
1136 1881 1392 1964 cupidine
1421 1880 1620 1954 ludor3

327 1983 445 2041 Aut
473 2004 599 2063 spes
631 1978 806 2039 exsilii
839 1977 1229 2051 commodioris
1258 1978 1424 2038 adest.

247 2081 388 2138 Nam
419 2075 600 2136 minus
629 2088 686 2134 et
708 2072 890 2133 minus
921 2071 1193 2157 est'facies
1223 2073 1281 2133 in
1310 2074 1545 2152 imagine
1568 2072 1772 2143 tristis;

299 2216 364 2258 56.
396 2216 560 2256 Intrate
587 2219 651 2254 est
675 2211 839 2266 Superis
869 2211 981 2265 qaod
1003 2212 1090 2252 do-

242 2296 347 2323 mus.
368 2279 503 2321 Facta
522 2280 634 2332 quod
650 2284 716 2317 est
726 2275 891 2329 Superis
898 2275 994 2328 jam
1014 2275 1092 2318 do-

245 2360 334 2387 mus
355 2343 401 2385 in
429 2343 575 2398 Regio.
594 2340 744 2383 Scribe
777 2341 817 2381 T
811 2347 910 2382 acta
923 2355 940 2382 -.·
964 2354 1092 2380 versu

246 2408 444 2466 proximo
462 2440 474 2461 ‚
509 2404 657 2448 malim
686 2405 847 2447 Felices
874 2403 1064 2449 illos-..H

302 2476 368 2517 60.
397 2476 511 2528 Quos
530 2475 648 2515 dedit
676 2487 748 2514 ars
775 2473 927 2514 vultus.
962 2472 1092 2512 Votus

248 2541 418 2585 SarraV.
440 2539 620 2594 Argent.
643 2537 789 2580 Nostri
802 2540 927 2587 votis‚·
941 2535 1090 2592 placet.

299 2606 365 2647 61.
389 2605 458 2646 Sic
468 2605 652 2644 homines
675 2615 820 2643 novere
843 2602 970 2642 Deos.
995 2599 1093 2641 Hoc

249 2677 375 2725 pacto
394 2700 406 2722 ,
436 2668 595 2710 scilicet
626 2682 705 2721 per
727 2664 937 2720 imagines
967 2673 1011 2708 et
1033 2663 1093 2707 si·-

245 2735 439 2778 mulacra
455 2765 467 2786 ‚
497 2733 614 2775 Deos
636 2730 901 2774 immortales
929 2745 1094 2787 cogno-

248 2800 409 2844 scimus
432 2815 442 2842 :
463 2814 565 2841 nam
587 2798 805 2854 propriam
829 2812 984 2840 eorum
1006 2796 1095 2839 for·-

246 2879 365 2907 mam
390 2862 496 2906 nulli
517 2862 614 2904 licet
634 2856 795 2903 videre.

300 2929 368 2982 64.
396 2929 448 2968 In
467 2929 600 2970 inviw
621 2929 728 2967 loco.
757 2925 809 2967 In
845 2931 959 2966 terra
980 2922 1092 2967 hos-

244 2992 320 3037 tili.
338 3017 393 3025 —
416 2995 562 3036 Vestra
567 2995 724 3048 figura.
738 2990 948 3034 Vestrum
961 2991 1092 3035 simu·

245 3058 426 3100 lacrum.

265 3152 270 3157 -
298 3123 365 3166 65.
393 3125 497 3164 Nam
517 3129 648 3176 caput
662 3138 686 3164 e
701 3129 845 3163 nostra
861 3123 987 3164 cilius
1009 3136 1092 3163 cer·

241 3190 330 3229 eice
348 3188 517 3228 recedet.
550 3185 698 3228 Scribe
724 3189 880 3234 recidi,
912 3192 954 3226 el
976 3182 1091 3228 refer

245 3252 297 3295 ad
317 3256 516 3306 ro'patiar,
542 3252 657 3307 quod
673 3252 882 3308 sequitur.
898 3249 1088 3307 Epistola

244 3325 394 3361 tamen
428 3316 622 3370 Paridis,
650 3335 758 3361 vers.
791 3320 897 3361 153:
929 3337 949 3356 «
972 3317 1089 3360 Ante

243 3380 485 3423 recessisset
506 3389 635 3436 caput
652 3380 732 3424 hoc
746 3383 910 3425 cervice
929 3395 1092 3424 cruen-

245 3453 301 3489 ta.
320 3462 346 3483 »
363 3446 559 3500 Propert.
583 3444 654 3486 lib.
686 3444 730 3488 11
745 3476 756 3498 ,
782 3445 846 3487 El.
870 3458 944 3497 vt,
959 3460 1018 3487 vs.
1042 3460 1062 3499 7
1081 3459 1091 3485 :

1174 2229 1196 2249 «
1219 2211 1334 2254 Nam
1356 2210 1480 2254 citius
1499 2220 1672 2267 paterer
1692 2218 1820 2266 caput
1847 2210 1931 2255 hoc
1950 2210 2017 2253 dia

1172 2277 1346 2322 scedere
1367 2277 1491 2320 collo.
1507 2295 1528 2315 υ
1547 2277 1699 2334 Quare
1712 2309 1723 2330 ,
1750 2277 1783 2320 si
1802 2277 2018 2334 vulgatam

1172 2342 1428 2398 scripturam
1461 2351 1642 2385 tuemur
1655 2373 1667 2396 ,
1706 2343 1876 2384 recedat
1902 2341 2018 2384 malo

1173 2423 1303 2464 quam
1324 2409 1496 2451 recedet.
1517 2407 1578 2450 H.

1227 2472 1292 2516 68.
1328 2474 1480 2514 Portus
1501 2478 1546 2514 et
1570 2469 1813 2526 aurafitgoe.
1846 2470 2016 2514 SarraV.

1173 2536 1358 2592 Argent.
1386 2536 1512 2592 prim.
1544 2534 1706 2578 Medic.
1736 2544 1780 2577 et
1814 2551 1887 2577 sex
1919 2533 1987 2577 alii
2004 2567 2016 2588 ,

1173 2614 1276 2652 ara‚·
1293 2609 1407 2644 recte
1429 2616 1439 2644 ι
1459 2599 1575 2656 quod
1589 2608 1632 2642 et
1647 2598 1859 2642 Ciofanus
1872 2598 1918 2640 in
1930 2598 2016 2641 suis

1173 2665 1423 2719 invenerat,
1445 2674 1490 2708 et
1510 2680 1588 2707 nos
1609 2665 1654 2707 in
1672 2663 2017 2707 nostris.—Por-

1175 2738 1244 2773 tus
1260 2739 1305 2773 et
1319 2746 1436 2773 aura.
1468 2729 1592 2773 Salus
1610 2737 1654 2772 et
1673 2728 1810 2771 favor.

1232 2811 1296 2851 70·
1323 2795 1455 2850 thue
1469 2809 1584 2836 meas
1604 2796 1770 2848 aquilas
1787 2802 1926 2835 vestra
1942 2807 2018 2847 ego

1171 2863 1294 2916 signa
1303 2876 1463 2915 sequar.
1490 2861 1575 2902 Vos
1595 2868 1686 2901 mea‘
1697 2862 1821 2912 signa
1836 2858 2017 2913 Argent.

1174 2934 1217 2969 et
1246 2933 1414 2982 septem
1443 2923 1538 2975 alii;
1559 2922 1694 2966 codex
1717 2922 1878 2966 Moreti
1910 2925 2018 2965 Vos-

1172 2996 1247 3047 que
1260 3005 1375 3032 meas
1385 2992 1567 3045 aquilas,
1591 2995 1731 3031 vestra
1741 3004 1828 3043 ego.
1849 2987 2016 3042 Scribe,

1173 3073 1197 3092 «
1214 3056 1390 3110 Vosque
1411 3068 1529 3097 meas
1544 3053 1705 3110 aquilas
1723 3086 1733 3108 ,
1752 3068 1826 3097 vos
1844 3069 1943 3096 mea
1961 3053 2021 3096 si·

1175 3135 1262 3176 gna
1281 3135 1451 3175 sequar.
1465 3138 1486 3157 »
1510 3120 1694 3163 H.-[st
1708 3134 1823 3162 meas
1839 3123 2018 3175 aquilas.

1173 3183 1404 3240 Tanquam
1420 3200 1517 3227 mea
1526 3183 1906 3236 vexilla‘Romana‚
1923 3198 2017 3239 qua‘.

1172 3249 1334 3306 aquilas
1355 3249 1487 3306 pictas
1508 3249 1738 3292 habebant.
1759 3250 1874 3306 Lege
1896 3249 2016 3291 Alex.

1172 3315 1225 3356 ab
1248 3314 1368 3357 Alex.
1387 3314 1458 3358 lib.
1481 3314 1554 3368 II,
1590 3330 1680 3371 cap.
1714 3331 1752 3356 2.
1783 3337 1838 3346 —
1869 3316 2016 3357 Vestra

1171 3382 1306 3434 signa.
1330 3380 1510 3422 Vestras
1529 3380 1750 3435 imagines.

1229 3443 1291 3497 73.
1313 3445 1364 3485 In
1383 3447 1575 3497 senagine.
1598 3444 1652 3485 ln
1674 3444 1797 3498 signo
1817 3438 2011 3494 Augusti.
