2280 3776
470 295 584 350 EX
623 292 932 348 PONTO
969 292 1134 346 LIB.
1180 290 1290 345 IV.
1333 289 1612 345 EPIST.
1658 293 1730 347 V.
1886 294 1994 362 433

311 411 470 474 'Talia
497 435 596 473 vos
625 409 706 471 illi
731 408 958 470 reddere
986 408 1148 469 verba
1177 405 1355 467 velim.
1947 428 2002 469 30

237 509 391 570 Vivit
419 510 595 570 adhuc
613 555 627 580 ‚
654 507 926 588 vitamque
958 504 1060 564 tibi
1089 503 1285 564 debere
1316 505 1547 576 fatetur,

323 609 507 687 Quam
534 604 689 689 prius
715 626 745 662 a
772 601 892 663 miti
922 602 1131 662 Caesare
1163 623 1363 661 munus
1388 600 1572 661 habet.

236 704 319 766 Te
348 702 484 775 sibi,
517 724 686 785 quum
718 700 956 778 sugeret,
988 695 1217 758 memori
1245 695 1387 757 solet
1419 719 1511 757 ore
1539 695 1765 769 referre,

321 797 596 860 Barbariae
628 811 773 856 tutas
805 793 1118 855 exhibuisse
1143 793 1273 853 vias.

245 895 525 974 Sanguine
550 892 864 954 Bistonium
897 890 1046 974 quod
1074 914 1190 950 non
1222 888 1532 972 tepefecerit
1558 913 1740 950 ensem
1760 938 1774 959 ‚
1962 909 2015 951 35

324 991 600 1053 Effectum
629 1014 755 1051 cura
781 989 1020 1073 pectoris
1050 1011 1166 1049 esse
1188 986 1287 1048 tui.

244 1087 447 1149 Addita
475 1100 733 1170 praeterea
759 1087 881 1145 vitae
910 1108 1133 1168 quoque
1158 1082 1332 1144 multa
1359 1083 1573 1144 tuendae

327 1187 586 1258 Munera,
619 1207 690 1244 ne
715 1182 970 1266 proprias
996 1195 1304 1242 attenuaret
1331 1204 1482 1264 opes.

247 1283 360 1343 Pro
390 1281 598 1364 quibus
626 1294 691 1340 ut
717 1278 928 1340 meritis
955 1276 1221 1338 referatur
1249 1276 1419 1355 gratia
1436 1323 1452 1349 ‚
1480 1276 1654 1358 jurat,

333 1379 401 1440 Se
429 1378 546 1439 fore
574 1377 904 1459 mancipium
922 1422 937 1447 ‚
971 1390 1188 1458 tempus
1217 1374 1275 1433 in
1305 1397 1464 1435 omne
1489 1420 1503 1445 ‚
1535 1389 1705 1434 tuum.
1972 1393 2027 1447 4⁰

249 1477 389 1536 Nam
415 1471 571 1557 prius
600 1471 864 1533 umbrosa
894 1469 1162 1531 carituros
1193 1468 1389 1529 arbore
1418 1483 1661 1538 montes,

332 1572 408 1631 Et
429 1569 564 1630 freta
591 1567 847 1629 velivolas
873 1590 987 1628 non
1014 1566 1274 1627 habitura
1301 1580 1444 1627 rates
1463 1613 1478 1638 ‚

253 1667 615 1750 Fluminaque
643 1666 701 1725 in
727 1664 909 1725 fontes
940 1686 1105 1724 cursu
1136 1662 1378 1723 reditura
1408 1662 1607 1746 supino
1627 1708 1641 1732 ,

344 1763 530 1824 Gratia
560 1786 724 1846 quam
750 1762 931 1823 meriti
959 1761 1139 1844 possit
1167 1760 1319 1821 abire
1351 1760 1447 1820 tui.

258 1862 390 1922 Haec
418 1861 517 1921 ubi
547 1859 818 1932 dixerim,
848 1872 1025 1920 servet
1055 1882 1151 1919 sua
1179 1857 1346 1928 dona,
1376 1871 1597 1936 rogate:
1980 1873 2035 1926 45

341 1955 431 2016 Sic
457 1955 624 2016 fuerit
648 1970 839 2017 vestrae
865 1977 1027 2014 causa
1055 1966 1276 2036 peracta
1298 1952 1412 2011 viae.

313 2098 377 2141 32.
398 2099 657 2152 Quodprt'us.
684 2098 821 2151 Quam
845 2103 962 2140 recte
980 2104 1104 2140 vete-
1185 2094 1381 2153 quamvis
1418 2110 1509 2137 non
1550 2074 1803 2152 displiceant
1834 2130 1845 2150 ,
1882 2107 2035 2141 contra

260 2177 328 2205 res
347 2161 555 2219 plerique.
577 2161 748 2205 Hmus.
1185 2162 1317 2206 libros
1336 2170 1484 2205 tamen
1500 2163 1683 2219 scriptos
1703 2162 1929 2206 intrudere
1952 2180 2029 2220 pe-

317 2228 383 2283 34.
408 2230 514 2271 Vias
528 2233 642 2271 tutas
662 2229 876 2270 barbada.
905 2226 1009 2270 vias
1032 2243 1102 2270 se·
1186 2226 1420 2279 riculosum
1449 2225 1581 2269 eredo
1612 2241 1622 2267 :
1648 2231 1902 2282 mancipium
1929 2245 2038 2285 ergo

261 2307 387 2336 curas
407 2307 431 2334 a
445 2291 642 2335 barbarie
662 2323 673 2346 ,
696 2307 776 2348 per
804 2307 908 2347 quas
927 2291 1104 2335 Tomon
1186 2308 1267 2348 pro
1278 2307 1404 2335 servo
1418 2292 1610 2347 capimus
1622 2325 1633 2345 ,
1647 2301 1697 2335 ut
1707 2291 1822 2335 infra
1836 2291 1902 2336 El.
1918 2308 2008 2337 vul
2022 2327 2035 2347 ,

267 2355 628 2411 proficiscebatur.
728 2360 731 2362 ’
1035 2384 1039 2389 -
1186 2357 1242 2399 66
1257 2372 1267 2399 :
1283 2374 1303 2393 «
1323 2355 1371 2399 Si
1396 2355 1523 2412 quid.
1536 2387 1548 2397 .
1562 2390 1571 2400 .
1589 2356 1742 2400 Restat
1762 2358 1808 2400 iu
1829 2357 2007 2415 iugenio
2023 2394 2034 2412 ,

323 2420 388 2463 35.
407 2421 561 2463 Ensem
581 2421 819 2462 Bistonium
842 2426 922 2462 etc.
942 2417 1108 2462 Ensem
1188 2419 1346 2473 serviet
1366 2435 1498 2463 omne
1521 2420 1611 2463 tibi.
1636 2439 1658 2459 »

269 2483 506 2527 Thracum.
1091 2481 1103 2493 ⁸
1246 2482 1440 2537 41.'Nam
1455 2480 1575 2538 ¹prius
1593 2487 1788 2527 umbrosa
1807 2495 1887 2530 etc.
1906 2487 2040 2541 Haec,

326 2547 392 2590 36.
420 2550 530 2592 Cura
542 2552 724 2604 pectem
745 2563 838 2591 esse
854 2552 935 2591 sui.
962 2549 1048 2591 Tm·
1062 2564 1114 2591 ex
1194 2548 1349 2604 quibus
1369 2564 1489 2605 posse
1518 2565 1614 2592 rem
1642 2550 1736 2594 fieri
1761 2553 1927 2608 poetice
1949 2570 2041 2597 ne-

271 2611 449 2669 scriptis.
469 2612 638 2656 Hnms.
1197 2624 1267 2672 gat
1284 2648 1297 2671 ,
1329 2614 1517 2659 libenter
1543 2615 1768 2660 conferam
1800 2618 1855 2661 ad
1891 2618 2045 2677 virgil.

327 2679 395 2733 4ο.
413 2677 672 2732 Mancz‘pium
687 2685 814 2720 tuum.
829 2676 896 2720 Ita
911 2676 1014 2719 olim
1032 2675 1118 2718 edi·
1199 2678 1345 2736 Eelog.
1369 2680 1390 2723 Ι
1406 2713 1417 2730 ,
1443 2679 1499 2723 60
1517 2697 1595 2738 sqq
1611 2700 1622 2735 ;
1654 2681 1709 2738 V,
1739 2682 1790 2740 76
1807 2699 1885 2739 sqq
1900 2700 1912 2735 ;
1935 2684 2040 2727 AEn.

275 2743 320 2786 ti.
334 2742 542 2786 Heinsius
555 2741 707 2797 edidit,
718 2745 922 2796 manctjm‘ae'
931 2745 1018 2793 tu1‘‚·
1036 2757 1119 2784 nec
1200 2743 1222 2786 I
1239 2775 1250 2798 ‚
1276 2744 1354 2797 607
1381 2760 1470 2801 sqq.

276 2806 464 2861 monuit,
478 2806 596 2850 unde
609 2806 790 2850 haberet
806 2805 958 2850 :video
973 2814 1016 2849 et
1031 2805 1121 2848 Ex·
1256 2811 1321 2863 45.
1350 2810 1490 2852 servet
1505 2826 1585 2853 sua
1607 2813 1731 2854 dona.
1752 2811 1818 2855 Ut
1836 2823 1980 2857 servet
2002 2823 2049 2858 et

277 2873 1006 2932 cerptaScaligerihanclectionem
1018 2888 1123 2929 prae-
1182 2866 1382 2917 'reducat
1406 2874 1453 2916 in
1484 2874 1665 2931 patriam
1692 2892 1764 2919 me
1801 2876 2014 2921 Ovidium
2032 2913 2046 2933 ,

279 2935 394 2980 serre
409 2969 422 2993 ,
447 2938 521 2982 sed
542 2955 595 2982 ex
615 2939 737 2982 nullo
759 2938 931 2991 codice3
954 2939 1125 2983 Brisso-
1205 2938 1473 2995 mancipium
1491 2955 1621 2983 suum
1638 2974 1650 2995 ,
1674 2941 1743 2984 vel
1762 2958 1894 2998 quam
1917 2944 1958 2986 ei
1983 2945 2051 2986 vi-

284 2999 408 3056 nias,
429 3002 538 3046 libro
558 3003 628 3046 VI
649 3003 702 3047 de
724 3003 873 3047 Form.
902 3019 994 3060 pag.
1017 3009 1094 3061 517
1110 3037 1122 3059 ,
1206 3014 1297 3048 tam
1331 3013 1550 3061 acceptam
1579 3006 1726 3050 refero
1748 3041 1760 3062 ,
1794 3025 2050 3053 conservare

283 3063 438 3109 lubens
464 3066 671 3111 emendat
692 3086 703 3111 ε
733 3086 754 3106 «
783 3067 841 3112 Se
868 3067 964 3112 fore
989 3085 1126 3112 man-
1209 3086 1257 3114 ac
1275 3071 1388 3113 tueri
1408 3080 1587 3128 pergat,
1609 3087 1658 3115 ac
1685 3073 1771 3116 suis
1799 3090 1872 3117 me
1899 3074 2053 3118 officiis

286 3129 400 3186 cipio
418 3139 588 3188 tempus
604 3131 651 3175 in
665 3147 796 3176 omne
818 3142 959 3178 tuum.
973 3153 995 3172 ι»
1013 3135 1129 3191 Quae
1209 3135 1439 3193 complecti
1459 3151 1516 3180 ne
1542 3135 1729 3181 desistat.

972 3295 1366 3318 ———-ae-—-—-

453 3498 606 3558 VII.
1737 3507 1807 3558 28
