2280 3776
254 295 361 362 468

725 287 787 349 P.
841 298 1141 352 OVIDII
1185 294 1569 356 NASONIS

332 412 537 494 Adjuta
566 426 649 473 est
676 412 892 473 novitas
918 413 1143 473 numine
1173 429 1361 475 nostra
1393 416 1516 476 Dei.

257 510 395 568 Nam
426 510 597 592 patris
625 510 870 587 Augusti
902 510 1066 571 docui
1091 511 1321 572 mortale
1349 512 1518 573 fuisse

338 608 588 689 Corpus;
615 608 671 666 in
699 607 948 681 aetherias
975 603 1179 668 numen
1210 610 1388 678 abisse
1414 610 1642 670 domos:

252 703 387 761 Esse
420 724 605 782 parem
635 701 837 768 virtute
866 702 1045 785 patri,
1081 704 1176 785 qui
1203 704 1371 764 fraena
1401 720 1622 765 coactus

335 799 489 883 Saepe
520 801 753 860 recusati
784 800 989 886 ceperit
1015 800 1262 882 imperii:

252 897 388 956 Esse
415 898 739 979 pudicarum
773 913 824 958 te
852 900 1105 968 Vestam,
1138 897 1315 969 Livia,
1347 912 1615 975 matrum;

331 994 675 1073 Ambiguum
702 1010 832 1055 nato
865 994 1118 1072 dignior,
1151 1018 1291 1054 anne
1322 995 1467 1054 viro:

1983 1014 2006 1056 3
2011 1027 2036 1052 o

254 1093 391 1151 Esse
422 1091 560 1151 duos
585 1092 836 1172 juvenes,
867 1090 1023 1152 firma
1049 1090 1361 1173 adjumenta
1387 1091 1661 1174 parentiS‚

333 1188 451 1269 Qui
483 1187 733 1248 dederint
761 1188 928 1248 animi
955 1188 1187 1271 pignora
1220 1203 1364 1249 certa
1392 1189 1495 1250 sui.

251 1287 382 1346 Haee
412 1286 511 1345 ubi
539 1310 651 1346 non
680 1287 857 1368 patria
877 1285 1084 1370 perlegi
1108 1286 1312 1369 scripta
1344 1287 1628 1359 Camoem,

336 1381 501 1442 Venit
529 1396 583 1441 et
609 1380 679 1440 ad
709 1381 913 1459 digitos
942 1381 1135 1441 ultima
1165 1383 1351 1442 charta
1372 1406 1553 1456 meos;
1581 1394 1585 1399 “

251 1481 327 1539 Et
354 1491 542 1561 caput,
579 1493 635 1538 et
657 1478 848 1561 plenas
880 1501 1066 1539 omnes
1095 1501 1310 1538 movere
1339 1477 1651 1561 pharetraS,
1983 1498 2036 1539 35

331 1577 407 1635 Et
434 1574 664 1653 longum
698 1574 893 1635 Getico
918 1598 1168 1635 murmur
1194 1575 1251 1634 in
1277 1599 1372 1635 ore
1401 1574 1524 1635 fuit.

306 1737 369 1787 24.
394 1734 553 1775 Nostra
577 1737 755 1776 novitas.
775 1732 988 1776 Nostrum
1008 1748 1102 1775 no-

247 1815 353 1842 vum
374 1798 591 1842 scribendi
620 1811 757 1855 genus
785 1814 796 1841 :
829 1798 911 1842 hoc
940 1814 1100 1855 genere

249 1863 476 1908 sermonis.
497 1884 549 1896 --
571 1865 751 1907 Numine
774 1865 872 1907 Dei.
904 1863 1100 1906 Numine

253 1929 434 1974 Caesaris
470 1929 668 1986 Augusti.
701 1929 830 1971 MER.
851 1952 906 1962 —-
932 1931 1102 1984 Adjuta

251 2003 318 2037 est
333 2003 412 2038 etc.
436 1994 490 2036 In
505 1993 589 2037 hoc
604 2009 720 2035 novo
739 1993 886 2036 labore
903 2009 1004 2035 meo
1017 1993 1102 2035 fuit

251 2059 360 2103 mihi
382 2072 551 2101 numen
577 2055 758 2102 Caesaris
791 2073 871 2115 pro
895 2057 1100 2114 Apolline

252 2133 295 2167 et
319 2123 528 2179 Calliope.
552 2123 696 2166 PON'r.

309 2193 373 2233 25.
395 2190 541 2230 Patris
560 2187 756 2242 Augusti.
783 2185 968 2243 Augusti
991 2183 1102 2228 Cae—

252 2254 356 2297 saris
370 2285 381 2307 ,
404 2251 537 2310 patris
555 2251 718 2308 patriae.

306 2319 370 2363 26.
384 2320 555 2361 Numen.
572 2316 786 2360 Animam
800 2313 989 2372 Augusti
1005 2313 1102 2358 Cae-

249 2385 353 2428 saris
374 2383 584 2429 defuncti.

308 2469 329 2494 2
337 2468 371 2506 7.
385 2452 495 2493 Esse
499 2466 643 2505 parem
657 2453 806 2493 virtute
815 2452 944 2503 patri.
957 2447 1100 2490 Docui

252 2519 387 2562 etiam'
402 2550 413 2571 ,
435 2518 596 2560 virtute
619 2532 708 2559 non
731 2515 985 2558 inferiorem
1009 2530 1100 2558 esse

251 2582 482 2626 Tiberium
503 2580 614 2638 patri
642 2578 804 2624 Caesari
826 2580 1103 2636 Augusto,—

255 2648 484 2703 Qut'fraena
498 2657 679 2702 rogatus.
698 2645 792 2701 Qui
806 2645 1008 2689 Tiberius
1025 2644 1100 2687 diu

252 2727 472 2757 summam
491 2709 664 2767 imperii
689 2709 923 2763 recusavit,
947 2717 994 2751 ut
1018 2707 1102 2751 do-

252 2788 320 2822 cet
348 2775 642 2832 Tranquillus.
663 2797 718 2809 —-·
743 2776 890 2816 Froena
917 2779 1100 2828 rogatus.

254 2845 437 2886 Coactus
465 2849 638 2897 praestat
664 2854 766 2882 cum
790 2837 937 2881 codice
962 2837 1101 2881 Scali-

254 2907 344 2964 geri
362 2924 372 2958 ;
397 2905 635 2949 Suetonius
650 2904 703 2947 de
720 2903 923 2946 Tiberio:
941 2920 961 2939 «
978 2902 1099 2945 Tan-

252 2972 356 3016 dem
370 2971 490 3028 quasi
505 2979 681 3024 *coactus
702 2978 745 3012 et
762 2984 949 3024 querens
968 2968 1100 3010 mise-

251 3055 345 3082 ram
369 3047 413 3081 et
431 3053 663 3080 onerosam
679 3035 847 3092 imponi
865 3035 944 3078 sibi
963 3034 1101 3078 servi-

253 3114 394 3148 tutem
407 3137 418 3157 ,
431 3104 595 3161 recepit
606 3104 855 3159 imperium.
867 3120 889 3139 »
902 3101 1100 3148 Adeatur

253 3171 383 3214 etiam
408 3171 584 3214 Tacitus
610 3168 848 3212 Annalium
872 3169 905 3211 Ι.
931 3167 1098 3210 ΗΕιΝε.

306 3252 371 3294 29.
405 3238 514 3279 Esse
543 3239 790 3291 pudicarum
823 3243 864 3277 te
903 3236 1071 3275 Vestam
1084 3265 1096 3282 ‚

253 3302 396 3348 Livia,
423 3308 612 3341 matrum.
628 3300 729 3342 Hoc
746 3308 836 3352 est,
861 3313 992 3354 quam
1007 3313 1100 3339 ma-

253 3373 392 3412 tronae
413 3379 566 3406 omnes
596 3362 762 3419 pudicae
792 3363 926 3405 instar
955 3362 1099 3404 Vestae

253 3437 520 3473 venerentur
554 3445 563 3472 :
600 3427 659 3471 sic
692 3429 896 3471 Junonem
928 3427 1098 3474 Liviam

1181 1748 1355 1791 quoque
1375 1732 1571 1786 vocavit,
1604 1731 1677 1776 lib.
1703 1732 1773 1777 111
1796 1765 1807 1787 ,
1839 1731 1960 1791 Eleg.
1986 1747 2028 1788 1,

1180 1816 1240 1842 vs.
1262 1815 1351 1855 117.
1370 1797 1491 1842 Nihil
1510 1813 1615 1854 ergo
1633 1797 1717 1842 hoc
1737 1797 1832 1841 loco
1850 1806 1914 1842 est
1933 1813 2031 1840 mu-

1182 1861 1379 1906 tandum.
1408 1862 1469 1904 H.
1491 1885 1546 1895 ·--
1572 1863 1757 1905 Matrum
1770 1865 2032 1918 pudicarum.

1185 1924 1587 1980 Quemadmodum
1607 1925 1827 1982 virginum
1848 1926 1945 1970 Dea
1966 1936 2032 1970 est

1182 1991 1317 2034 Vesta
1329 2023 1340 2044 ,
1358 1991 1422 2035 sic
1433 2000 1738 2034 matronarum
1752 1991 1849 2034 Dea
1868 1999 1933 2034 est
1953 1990 2031 2034 Li-

1180 2058 1409 2100 via—Pro
1423 2065 1464 2101 te
1482 2060 1663 2109 Vestam,
1680 2065 1721 2100 te
1730 2064 1894 2100 castam
1908 2057 2030 2102 Leid.

1180 2129 1226 2163 te
1242 2124 1474 2175 exemplum
1495 2121 1582 2164 MS
1607 2122 1774 2165 Bersm.

1236 2186 1302 2229 31.
1324 2187 1434 2228 Esse
1453 2187 1559 2228 duos
1574 2183 1766 2241 seirenes.
1792 2185 2031 2230 Germani-

1179 2268 1279 2296 cum
1294 2251 1454 2295 scilicet
1473 2252 1501 2294 J
1507 2251 1725 2307 uniorem,
1740 2251 1880 2295 filium
1896 2253 2030 2297 Drusi

1180 2317 1367 2374 privigni
1388 2316 1577 2374 Augusti
1596 2317 1840 2361 naturalem
1857 2337 1867 2370 ;
1891 2328 1934 2362 et
1953 2335 2031 2375 per

1181 2381 1466 2439 adoptionem
1482 2381 1648 2425 Tiberii
1668 2397 1841 2439 quoque
1864 2399 1875 2425 :
1905 2390 1948 2426 et
1967 2381 2031 2425 al-

1180 2457 1325 2492 terum
1342 2481 1354 2503 ,
1379 2448 1575 2492 Drusum
1596 2447 1762 2492 Tiberii
1787 2447 1928 2491 filium
1948 2464 2031 2492 na—

1179 2513 1379 2556 turalem.
1394 2535 1449 2545 ·—
1464 2514 1604 2555 Imma
1620 2513 1863 2568 adjumenta
1873 2529 2028 2567 paren-

1179 2583 1249 2621 tis.
1270 2578 1419 2621 Firma
1438 2577 1634 2634 praesidia
1656 2577 1822 2621 Tiberii
1843 2579 1987 2634 patriS.

1236 2644 1302 2686 33.
1318 2644 1433 2686 Hoec.
1453 2642 1546 2686 Has
1561 2641 1709 2685 laudes
1720 2643 1996 2698 supradictas.

1235 2709 1300 2763 34.
1334 2710 1460 2751 Venit
1482 2710 1545 2749 ad
1570 2723 1683 2749 meos
1712 2710 1881 2762 digitos.
1909 2708 2024 2751 Meis

1178 2775 1379 2818 manibus
1394 2782 1572 2818 tractata
1591 2781 1655 2816 est
1673 2773 1900 2816 recitando
1924 2789 1934 2817 ε
1955 2772 2025 2817 vel

1182 2838 1256 2883 ubi
1276 2839 1456 2895 perveni
1481 2837 1534 2881 ad
1557 2846 1794 2883 extremam
1820 2839 2023 2895 paginam

1182 2912 1226 2947 et
1252 2903 1402 2955 finem.

1235 2971 1302 3014 35.
1313 2973 1375 3014 Et
1383 2978 1520 3025 caput.
1533 2968 1672 3024 Quasi
1686 2968 1903 3012 laudando
1917 2985 2026 3026 opus

1179 3035 1302 3087 illud,
1319 3043 1362 3077 et
1375 3034 1651 3077 adfirmando
1665 3033 1708 3076 id
1722 3034 1819 3077 fore
1833 3051 2022 3090 causam,

1180 3107 1230 3141 ut
1258 3098 1544 3142 reduceretur
1574 3098 1620 3140 in
1652 3099 1835 3154 patriam
1863 3108 1990 3154 poeta
2010 3131 2023 3152 ,

1181 3180 1356 3207 movere
1379 3173 1422 3208 et
1442 3173 1570 3220 caput
1585 3172 1629 3207 et
1644 3164 1891 3220 pharetras:
1905 3164 2024 3220 quasi

1181 3246 1260 3285 per
1280 3229 1504 3286 pharetras
1517 3238 1562 3272 et
1580 3229 1753 3285 sagittas
1766 3230 1967 3285 jurarent
1979 3237 2023 3272 et

1182 3294 1467 3337 adfirmarent
1485 3295 1544 3337 ita
1563 3293 1669 3336 fore.

1234 3361 1299 3403 35.
1319 3363 1381 3403 Et
1397 3364 1563 3415 longum
1579 3375 1773 3406 murmur„
1792 3357 1851 3402 Et
1870 3358 2020 3414 longus

1181 3425 1233 3469 de·
1252 3425 1331 3470 hac
1351 3442 1398 3469 re
1420 3441 1577 3470 sermo.
