<?xml version="1.0" encoding="UTF-8"?>
<!DOCTYPE html PUBLIC "-//W3C//DTD XHTML 1.0 Transitional//EN"
    "http://www.w3.org/TR/xhtml1/DTD/xhtml1-transitional.dtd">
<html xmlns="http://www.w3.org/1999/xhtml" xml:lang="en" lang="en">
 <head>
  <title>
</title>
<meta http-equiv="Content-Type" content="text/html;charset=utf-8" />
  <meta name='ocr-system' content='tesseract 3.04.00' />
  <meta name='ocr-capabilities' content='ocr_page ocr_carea ocr_par ocr_line ocrx_word'/>
</head>
<body>
  <div class='ocr_page' id='page_1' title='image "./quaeextantomniao07oviduoft_0460.png"; bbox 0 0 2280 3776; ppageno 0'>
   <div class='ocr_carea' id='block_1_1' title="bbox 252 260 1549 329">
    <p class='ocr_par' dir='ltr' id='par_1_1' title="bbox 252 260 1549 329">
     <span class='ocr_line' id='line_1_1' title="bbox 252 260 1549 329; baseline 0.005 -16"><span class='ocrx_word' id='word_1_1' title='bbox 252 260 363 329; x_wconf 64' lang='lat'><strong>440·</strong></span> <span class='ocrx_word' id='word_1_2' title='bbox 718 263 781 315; x_wconf 88' lang='lat' dir='ltr'><strong>P.</strong></span> <span class='ocrx_word' id='word_1_3' title='bbox 829 262 1128 317; x_wconf 82' lang='lat' dir='ltr'><strong>ov1D11</strong></span> <span class='ocrx_word' id='word_1_4' title='bbox 1178 263 1549 319; x_wconf 75' lang='lat' dir='ltr'><strong>NAsoMs</strong></span> 
     </span>
    </p>
   </div>
   <div class='ocr_carea' id='block_1_2' title="bbox 250 363 2022 845">
    <p class='ocr_par' dir='ltr' id='par_1_2' title="bbox 331 363 1571 460">
     <span class='ocr_line' id='line_1_2' title="bbox 331 363 1571 460; baseline 0.003 -24"><span class='ocrx_word' id='word_1_5' title='bbox 331 378 516 460; x_wconf 82' lang='lat' dir='ltr'><strong>Atque</strong></span> <span class='ocrx_word' id='word_1_6' title='bbox 548 377 721 438; x_wconf 74' lang='lat' dir='ltr'><strong>isdem</strong></span> <span class='ocrx_word' id='word_1_7' title='bbox 748 376 950 439; x_wconf 82' lang='lat' dir='ltr'><strong>studiis</strong></span> <span class='ocrx_word' id='word_1_8' title='bbox 978 363 1309 460; x_wconf 89' lang='lat' dir='ltr'><strong>imposuisse</strong></span> <span class='ocrx_word' id='word_1_9' title='bbox 1334 404 1571 441; x_wconf 88' lang='lat' dir='ltr'><strong>manum.</strong></span> 
     </span>
    </p>

    <p class='ocr_par' dir='ltr' id='par_1_3' title="bbox 250 472 1495 654">
     <span class='ocr_line' id='line_1_3' title="bbox 250 472 1495 556; baseline 0.002 -22"><span class='ocrx_word' id='word_1_10' title='bbox 250 475 438 534; x_wconf 81' lang='lat' dir='ltr'>Litora</span> <span class='ocrx_word' id='word_1_11' title='bbox 465 472 668 556; x_wconf 82' lang='lat' dir='ltr'><strong>pellitis</strong></span> <span class='ocrx_word' id='word_1_12' title='bbox 698 472 928 547; x_wconf 80' lang='lat' dir='ltr'><strong>nimium</strong></span> <span class='ocrx_word' id='word_1_13' title='bbox 958 473 1204 555; x_wconf 87' lang='lat' dir='ltr'><strong>subjecta</strong></span> <span class='ocrx_word' id='word_1_14' title='bbox 1235 475 1495 547; x_wconf 79' lang='lat' dir='ltr'>Corallis,</span> 
     </span>
     <span class='ocr_line' id='line_1_4' title="bbox 333 569 1480 654; baseline 0.002 -23"><span class='ocrx_word' id='word_1_15' title='bbox 333 575 411 631; x_wconf 87' lang='lat' dir='ltr'><strong>Ut</strong></span> <span class='ocrx_word' id='word_1_16' title='bbox 439 570 653 631; x_wconf 85' lang='lat' dir='ltr'><strong>tandem</strong></span> <span class='ocrx_word' id='word_1_17' title='bbox 684 593 852 630; x_wconf 80' lang='lat' dir='ltr'><strong>saevos</strong></span> <span class='ocrx_word' id='word_1_18' title='bbox 885 569 1253 654; x_wconf 81' lang='lat' dir='ltr'>effugiamque</span> <span class='ocrx_word' id='word_1_19' title='bbox 1286 572 1480 645; x_wconf 58' lang='lat' dir='ltr'><strong>Getam,</strong></span> 
     </span>
    </p>

    <p class='ocr_par' dir='ltr' id='par_1_4' title="bbox 254 666 2022 845">
     <span class='ocr_line' id='line_1_5' title="bbox 254 666 2022 750; baseline 0.001 -23"><span class='ocrx_word' id='word_1_20' title='bbox 254 667 558 749; x_wconf 79' lang='lat' dir='ltr'><strong>Clausaque</strong></span> <span class='ocrx_word' id='word_1_21' title='bbox 587 666 633 726; x_wconf 90' lang='lat' dir='ltr'><strong>si</strong></span> <span class='ocrx_word' id='word_1_22' title='bbox 662 666 860 726; x_wconf 89' lang='lat' dir='ltr'><strong>misero</strong></span> <span class='ocrx_word' id='word_1_23' title='bbox 891 667 1066 750; x_wconf 88' lang='lat' dir='ltr'><strong>patria</strong></span> <span class='ocrx_word' id='word_1_24' title='bbox 1095 682 1178 729; x_wconf 87' lang='lat' dir='ltr'><strong>est</strong></span> <span class='ocrx_word' id='word_1_25' title='bbox 1195 715 1208 739; x_wconf 90' lang='lat'>‚</span> <span class='ocrx_word' id='word_1_26' title='bbox 1239 683 1303 728; x_wconf 89' lang='lat' dir='ltr'><strong>ut</strong></span> <span class='ocrx_word' id='word_1_27' title='bbox 1330 692 1506 750; x_wconf 90' lang='lat' dir='ltr'><strong>ponar</strong></span> <span class='ocrx_word' id='word_1_28' title='bbox 1532 668 1590 728; x_wconf 90' lang='lat' dir='ltr'><strong>in</strong></span> <span class='ocrx_word' id='word_1_29' title='bbox 1617 668 1733 730; x_wconf 90' lang='lat' dir='ltr'><strong>ullo</strong></span> <span class='ocrx_word' id='word_1_30' title='bbox 1753 718 1767 744; x_wconf 88' lang='lat'><strong><em>,</em></strong></span> <span class='ocrx_word' id='word_1_31' title='bbox 1967 690 2022 733; x_wconf 77' lang='lat'><strong>85</strong></span> 
     </span>
     <span class='ocr_line' id='line_1_6' title="bbox 333 765 1604 845; baseline 0.001 -20"><span class='ocrx_word' id='word_1_32' title='bbox 333 765 447 845; x_wconf 80' lang='lat' dir='ltr'><strong>Qui</strong></span> <span class='ocrx_word' id='word_1_33' title='bbox 471 766 651 826; x_wconf 90' lang='lat' dir='ltr'><strong>minus</strong></span> <span class='ocrx_word' id='word_1_34' title='bbox 682 765 927 831; x_wconf 84' lang='lat' dir='ltr'><strong>Ausonia</strong></span> <span class='ocrx_word' id='word_1_35' title='bbox 956 765 1120 830; x_wconf 85' lang='lat' dir='ltr'><strong>distet</strong></span> <span class='ocrx_word' id='word_1_36' title='bbox 1147 767 1216 826; x_wconf 88' lang='lat' dir='ltr'><strong>ab</strong></span> <span class='ocrx_word' id='word_1_37' title='bbox 1247 767 1413 838; x_wconf 87' lang='lat' dir='ltr'><strong>urbe,</strong></span> <span class='ocrx_word' id='word_1_38' title='bbox 1443 766 1567 827; x_wconf 91' lang='lat' dir='ltr'><strong>loco</strong></span> <span class='ocrx_word' id='word_1_39' title='bbox 1591 793 1604 839; x_wconf 89' lang='grc'>;</span> 
     </span>
    </p>
   </div>
   <div class='ocr_carea' id='block_1_3' title="bbox 254 862 1693 1038">
    <p class='ocr_par' dir='ltr' id='par_1_5' title="bbox 254 862 1693 1038">
     <span class='ocr_line' id='line_1_7' title="bbox 254 862 1624 945; baseline 0.003 -24"><span class='ocrx_word' id='word_1_40' title='bbox 254 864 414 924; x_wconf 88' lang='lat' dir='ltr'><strong>Unde</strong></span> <span class='ocrx_word' id='word_1_41' title='bbox 448 878 569 924; x_wconf 84' lang='lat' dir='ltr'><strong>tuas</strong></span> <span class='ocrx_word' id='word_1_42' title='bbox 596 864 803 945; x_wconf 90' lang='lat' dir='ltr'><strong>possim</strong></span> <span class='ocrx_word' id='word_1_43' title='bbox 833 862 1022 924; x_wconf 85' lang='lat' dir='ltr'><strong>laudes</strong></span> <span class='ocrx_word' id='word_1_44' title='bbox 1052 862 1321 924; x_wconf 87' lang='lat' dir='ltr'><strong>celebrare</strong></span> <span class='ocrx_word' id='word_1_45' title='bbox 1349 880 1624 938; x_wconf 79' lang='lat' dir='ltr'><strong>recenteS‚</strong></span> 
     </span>
     <span class='ocr_line' id='line_1_8' title="bbox 333 956 1693 1038; baseline 0.002 -23"><span class='ocrx_word' id='word_1_46' title='bbox 333 958 647 1038; x_wconf 85' lang='lat' dir='ltr'><strong>Magnaque</strong></span> <span class='ocrx_word' id='word_1_47' title='bbox 681 981 841 1038; x_wconf 88' lang='lat' dir='ltr'><strong>quam</strong></span> <span class='ocrx_word' id='word_1_48' title='bbox 872 957 1098 1016; x_wconf 88' lang='lat' dir='ltr'><strong>minima</strong></span> <span class='ocrx_word' id='word_1_49' title='bbox 1126 956 1269 1016; x_wconf 82' lang='lat' dir='ltr'><strong>facta</strong></span> <span class='ocrx_word' id='word_1_50' title='bbox 1298 956 1496 1018; x_wconf 85' lang='lat' dir='ltr'><strong>referre</strong></span> <span class='ocrx_word' id='word_1_51' title='bbox 1524 981 1693 1018; x_wconf 87' lang='lat' dir='ltr'><strong>mora.</strong></span> 
     </span>
    </p>
   </div>
   <div class='ocr_carea' id='block_1_4' title="bbox 255 1053 1577 1132">
    <p class='ocr_par' dir='ltr' id='par_1_6' title="bbox 255 1053 1577 1132">
     <span class='ocr_line' id='line_1_9' title="bbox 255 1053 1577 1132; baseline 0.001 -19"><span class='ocrx_word' id='word_1_52' title='bbox 255 1056 469 1132; x_wconf 83' lang='lat' dir='ltr'>Tangat</span> <span class='ocrx_word' id='word_1_53' title='bbox 494 1068 558 1114; x_wconf 89' lang='lat' dir='ltr'><strong>ut</strong></span> <span class='ocrx_word' id='word_1_54' title='bbox 585 1054 693 1113; x_wconf 87' lang='lat' dir='ltr'><strong>hoc</strong></span> <span class='ocrx_word' id='word_1_55' title='bbox 725 1068 915 1114; x_wconf 87' lang='lat' dir='ltr'><strong>votum</strong></span> <span class='ocrx_word' id='word_1_56' title='bbox 945 1053 1203 1125; x_wconf 83' lang='lat' dir='ltr'><strong>caelestia,</strong></span> <span class='ocrx_word' id='word_1_57' title='bbox 1236 1078 1355 1115; x_wconf 89' lang='lat' dir='ltr'><strong>care</strong></span> <span class='ocrx_word' id='word_1_58' title='bbox 1385 1054 1577 1128; x_wconf 75' lang='lat' dir='ltr'><strong>Suilli,</strong></span> 
     </span>
    </p>
   </div>
   <div class='ocr_carea' id='block_1_5' title="bbox 254 1151 2028 1429">
    <p class='ocr_par' dir='ltr' id='par_1_7' title="bbox 254 1151 2028 1429">
     <span class='ocr_line' id='line_1_10' title="bbox 335 1151 2028 1235; baseline -0.001 -24"><span class='ocrx_word' id='word_1_59' title='bbox 335 1151 606 1223; x_wconf 85' lang='lat' dir='ltr'><strong>Numina,</strong></span> <span class='ocrx_word' id='word_1_60' title='bbox 638 1175 742 1234; x_wconf 92' lang='lat' dir='ltr'><strong>pro</strong></span> <span class='ocrx_word' id='word_1_61' title='bbox 776 1174 965 1212; x_wconf 88' lang='lat' dir='ltr'><strong>socero</strong></span> <span class='ocrx_word' id='word_1_62' title='bbox 991 1175 1143 1234; x_wconf 84' lang='lat' dir='ltr'><strong>paene</strong></span> <span class='ocrx_word' id='word_1_63' title='bbox 1174 1175 1396 1235; x_wconf 84' lang='lat' dir='ltr'><strong>precare</strong></span> <span class='ocrx_word' id='word_1_64' title='bbox 1425 1166 1541 1212; x_wconf 88' lang='lat' dir='ltr'><strong>tuo.</strong></span> <span class='ocrx_word' id='word_1_65' title='bbox 1972 1186 2028 1229; x_wconf 77' lang='lat'><strong>90</strong></span> 
     </span>
     <span class='ocr_line' id='line_1_11' title="bbox 309 1305 2022 1362; baseline -0.001 -12"><span class='ocrx_word' id='word_1_66' title='bbox 309 1310 376 1350; x_wconf 84' lang='lat'><strong>85.</strong></span> <span class='ocrx_word' id='word_1_67' title='bbox 393 1308 444 1349; x_wconf 82' lang='lat' dir='ltr'><strong>In</strong></span> <span class='ocrx_word' id='word_1_68' title='bbox 465 1309 552 1348; x_wconf 83' lang='lat' dir='ltr'><strong>illo.</strong></span> <span class='ocrx_word' id='word_1_69' title='bbox 573 1307 671 1348; x_wconf 78' lang='lat' dir='ltr'><strong>Ulla</strong></span> <span class='ocrx_word' id='word_1_70' title='bbox 686 1305 880 1362; x_wconf 83' lang='lat' dir='ltr'><strong>reposuit</strong></span> <span class='ocrx_word' id='word_1_71' title='bbox 892 1305 1099 1348; x_wconf 84' lang='lat' dir='ltr'><strong>Heinsius</strong></span> <span class='ocrx_word' id='word_1_72' title='bbox 1236 1306 1300 1361; x_wconf 90' lang='lat'><strong>87.</strong></span> <span class='ocrx_word' id='word_1_73' title='bbox 1322 1307 1537 1354; x_wconf 73' lang='lat' dir='ltr'><strong>Recenfes.</strong></span> <span class='ocrx_word' id='word_1_74' title='bbox 1564 1305 1722 1351; x_wconf 82' lang='lat' dir='ltr'><strong>Malim</strong></span> <span class='ocrx_word' id='word_1_75' title='bbox 1745 1314 1935 1350; x_wconf 82' lang='lat' dir='ltr'><strong>recenter.</strong></span> <span class='ocrx_word' id='word_1_76' title='bbox 1961 1307 2022 1349; x_wconf 90' lang='lat' dir='ltr'><strong>H.</strong></span> 
     </span>
     <span class='ocr_line' id='line_1_12' title="bbox 254 1370 1849 1429; baseline 0.001 -15"><span class='ocrx_word' id='word_1_77' title='bbox 254 1388 304 1414; x_wconf 86' lang='lat' dir='ltr'><strong>ex</strong></span> <span class='ocrx_word' id='word_1_78' title='bbox 323 1371 468 1415; x_wconf 87' lang='lat' dir='ltr'><strong>codice</strong></span> <span class='ocrx_word' id='word_1_79' title='bbox 487 1371 651 1413; x_wconf 87' lang='lat' dir='ltr'><strong>Moreti</strong></span> <span class='ocrx_word' id='word_1_80' title='bbox 669 1405 679 1422; x_wconf 85' lang='lat'>‚</span> <span class='ocrx_word' id='word_1_81' title='bbox 701 1386 832 1427; x_wconf 90' lang='lat' dir='ltr'><strong>quem</strong></span> <span class='ocrx_word' id='word_1_82' title='bbox 853 1386 1025 1427; x_wconf 88' lang='lat' dir='ltr'><strong>sequor.</strong></span> <span class='ocrx_word' id='word_1_83' title='bbox 1181 1370 1271 1414; x_wconf 88' lang='lat' dir='ltr'><strong>Sed</strong></span> <span class='ocrx_word' id='word_1_84' title='bbox 1296 1372 1413 1428; x_wconf 84' lang='lat' dir='ltr'><strong>prius</strong></span> <span class='ocrx_word' id='word_1_85' title='bbox 1431 1371 1755 1429; x_wconf 69' lang='lat' dir='ltr'><strong>praeferendum</strong></span> <span class='ocrx_word' id='word_1_86' title='bbox 1775 1382 1849 1416; x_wconf 91' lang='lat' dir='ltr'><strong>est.</strong></span> 
     </span>
    </p>
   </div>
   <div class='ocr_carea' id='block_1_6' title="bbox 783 1627 1494 1698">
    <p class='ocr_par' dir='ltr' id='par_1_8' title="bbox 783 1627 1494 1698">
     <span class='ocr_line' id='line_1_13' title="bbox 783 1627 1494 1698; baseline 0.003 -2"><span class='ocrx_word' id='word_1_87' title='bbox 783 1627 1299 1698; x_wconf 87' lang='lat' dir='ltr'>EPISTOLA</span> <span class='ocrx_word' id='word_1_88' title='bbox 1361 1630 1494 1698; x_wconf 90' lang='lat' dir='ltr'><strong>IX.</strong></span> 
     </span>
    </p>
   </div>
   <div class='ocr_carea' id='block_1_7' title="bbox 1016 1769 1265 1783">
    <p class='ocr_par' dir='ltr' id='par_1_9' title="bbox 1016 1769 1265 1783">
     <span class='ocr_line' id='line_1_14' title="bbox 1016 1769 1265 1783; baseline 0.004 -1"><span class='ocrx_word' id='word_1_89' title='bbox 1016 1769 1265 1783; x_wconf 58' lang='lat' dir='ltr'><strong>mmm</strong></span> 
     </span>
    </p>
   </div>
   <div class='ocr_carea' id='block_1_8' title="bbox 924 1933 1368 1999">
    <p class='ocr_par' dir='ltr' id='par_1_10' title="bbox 924 1933 1368 1999">
     <span class='ocr_line' id='line_1_15' title="bbox 924 1933 1368 1999; baseline 0 -6"><span class='ocrx_word' id='word_1_90' title='bbox 924 1933 1368 1999; x_wconf 87' lang='lat' dir='ltr'>GRAECINO.</span> 
     </span>
    </p>
   </div>
   <div class='ocr_carea' id='block_1_9' title="bbox 1004 2084 1243 2094">
    <p class='ocr_par' dir='ltr' id='par_1_11' title="bbox 1004 2084 1243 2094">
     <span class='ocr_line' id='line_1_16' title="bbox 1004 2084 1243 2094; baseline 0 1682"><span class='ocrx_word' id='word_1_91' title='bbox 1004 2084 1243 2094; x_wconf 95' lang='lat' dir='ltr'><strong> </strong></span> 
     </span>
    </p>
   </div>
   <div class='ocr_carea' id='block_1_10' title="bbox 844 2215 1436 2266">
    <p class='ocr_par' dir='ltr' id='par_1_12' title="bbox 844 2215 1436 2266">
     <span class='ocr_line' id='line_1_17' title="bbox 844 2215 1436 2266; baseline 0 -1"><span class='ocrx_word' id='word_1_92' title='bbox 844 2215 1436 2266; x_wconf 82' lang='lat' dir='ltr'><strong>ARGUMENTUM..</strong></span> 
     </span>
    </p>
   </div>
   <div class='ocr_carea' id='block_1_11' title="bbox 262 2342 2034 2680">
    <p class='ocr_par' dir='ltr' id='par_1_13' title="bbox 262 2342 2034 2680">
     <span class='ocr_line' id='line_1_18' title="bbox 262 2342 2030 2401; baseline 0.002 -15"><span class='ocrx_word' id='word_1_93' title='bbox 262 2342 486 2398; x_wconf 85' lang='lat' dir='ltr'><strong>Graecino,</strong></span> <span class='ocrx_word' id='word_1_94' title='bbox 511 2342 678 2388; x_wconf 85' lang='lat' dir='ltr'><strong>consuli</strong></span> <span class='ocrx_word' id='word_1_95' title='bbox 701 2343 954 2401; x_wconf 85' lang='lat' dir='ltr'><strong>designato,</strong></span> <span class='ocrx_word' id='word_1_96' title='bbox 986 2353 1031 2388; x_wconf 85' lang='lat' dir='ltr'><strong>et</strong></span> <span class='ocrx_word' id='word_1_97' title='bbox 1061 2344 1187 2387; x_wconf 80' lang='lat' dir='ltr'><strong>fratri</strong></span> <span class='ocrx_word' id='word_1_98' title='bbox 1208 2345 1300 2399; x_wconf 84' lang='lat' dir='ltr'><strong>ejus</strong></span> <span class='ocrx_word' id='word_1_99' title='bbox 1329 2345 1578 2401; x_wconf 86' lang='lat' dir='ltr'><strong>Pomponio</strong></span> <span class='ocrx_word' id='word_1_100' title='bbox 1599 2343 1778 2399; x_wconf 80' lang='lat' dir='ltr'><strong>Flacco,</strong></span> <span class='ocrx_word' id='word_1_101' title='bbox 1813 2344 1894 2401; x_wconf 86' lang='lat' dir='ltr'><strong>ipsi</strong></span> <span class='ocrx_word' id='word_1_102' title='bbox 1925 2360 2030 2389; x_wconf 86' lang='lat' dir='ltr'><strong>suc—</strong></span> 
     </span>
     <span class='ocr_line' id='line_1_19' title="bbox 313 2414 2033 2473; baseline 0 -15"><span class='ocrx_word' id='word_1_103' title='bbox 313 2430 486 2463; x_wconf 84' lang='lat' dir='ltr'><strong>cessuro</strong></span> <span class='ocrx_word' id='word_1_104' title='bbox 501 2448 512 2470; x_wconf 94' lang='lat'>,</span> <span class='ocrx_word' id='word_1_105' title='bbox 536 2430 640 2459; x_wconf 88' lang='lat' dir='ltr'><strong>eum</strong></span> <span class='ocrx_word' id='word_1_106' title='bbox 668 2414 884 2458; x_wconf 90' lang='lat' dir='ltr'><strong>honorem</strong></span> <span class='ocrx_word' id='word_1_107' title='bbox 913 2415 1148 2472; x_wconf 77' lang='lat' dir='ltr'><strong>gratulatus</strong></span> <span class='ocrx_word' id='word_1_108' title='bbox 1180 2414 1324 2468; x_wconf 81' lang='lat' dir='ltr'><strong>dolet,</strong></span> <span class='ocrx_word' id='word_1_109' title='bbox 1353 2414 1468 2471; x_wconf 88' lang='lat' dir='ltr'><strong>quod</strong></span> <span class='ocrx_word' id='word_1_110' title='bbox 1492 2431 1583 2473; x_wconf 75' lang='lat' dir='ltr'><strong>non</strong></span> <span class='ocrx_word' id='word_1_111' title='bbox 1604 2430 1750 2459; x_wconf 84' lang='lat' dir='ltr'><strong>coram</strong></span> <span class='ocrx_word' id='word_1_112' title='bbox 1785 2414 1929 2458; x_wconf 83' lang='lat' dir='ltr'><strong>adesse</strong></span> <span class='ocrx_word' id='word_1_113' title='bbox 1952 2415 2033 2458; x_wconf 86' lang='lat' dir='ltr'><strong>sibi</strong></span> 
     </span>
     <span class='ocr_line' id='line_1_20' title="bbox 311 2482 2034 2542; baseline -0.002 -13"><span class='ocrx_word' id='word_1_114' title='bbox 311 2482 425 2529; x_wconf 74' lang='lat' dir='ltr'><strong>licet,</strong></span> <span class='ocrx_word' id='word_1_115' title='bbox 441 2484 577 2528; x_wconf 89' lang='lat' dir='ltr'><strong>Suam</strong></span> <span class='ocrx_word' id='word_1_116' title='bbox 591 2499 765 2534; x_wconf 81' lang='lat' dir='ltr'><strong>causam</strong></span> <span class='ocrx_word' id='word_1_117' title='bbox 784 2483 958 2540; x_wconf 82' lang='lat' dir='ltr'><strong>utrique</strong></span> <span class='ocrx_word' id='word_1_118' title='bbox 971 2483 1265 2530; x_wconf 84' lang='lat' dir='ltr'><strong>commendat.</strong></span> <span class='ocrx_word' id='word_1_119' title='bbox 1278 2484 1397 2527; x_wconf 88' lang='lat' dir='ltr'><strong>Huic</strong></span> <span class='ocrx_word' id='word_1_120' title='bbox 1412 2500 1583 2541; x_wconf 88' lang='lat' dir='ltr'><strong>quoque</strong></span> <span class='ocrx_word' id='word_1_121' title='bbox 1597 2517 1608 2538; x_wconf 91' lang='lat'>,</span> <span class='ocrx_word' id='word_1_122' title='bbox 1626 2483 1700 2540; x_wconf 86' lang='lat' dir='ltr'><strong>qui</strong></span> <span class='ocrx_word' id='word_1_123' title='bbox 1715 2483 1869 2542; x_wconf 80' lang='lat' dir='ltr'><strong>Mysiae</strong></span> <span class='ocrx_word' id='word_1_124' title='bbox 1878 2498 2034 2540; x_wconf 66' lang='lat' dir='ltr'><strong>praeses</strong></span> 
     </span>
     <span class='ocr_line' id='line_1_21' title="bbox 314 2551 2033 2609; baseline 0 -15"><span class='ocrx_word' id='word_1_125' title='bbox 314 2551 451 2600; x_wconf 75' lang='lat' dir='ltr'><strong>fuerit</strong></span> <span class='ocrx_word' id='word_1_126' title='bbox 468 2585 479 2606; x_wconf 89' lang='lat'>,</span> <span class='ocrx_word' id='word_1_127' title='bbox 501 2552 771 2605; x_wconf 79' lang='lat' dir='ltr'><strong>atrocitatem</strong></span> <span class='ocrx_word' id='word_1_128' title='bbox 783 2552 919 2597; x_wconf 73' lang='lat' dir='ltr'><strong>&#39;exsilii</strong></span> <span class='ocrx_word' id='word_1_129' title='bbox 934 2552 998 2596; x_wconf 91' lang='lat' dir='ltr'><strong>sui</strong></span> <span class='ocrx_word' id='word_1_130' title='bbox 1017 2561 1171 2596; x_wconf 86' lang='lat' dir='ltr'><strong>notam</strong></span> <span class='ocrx_word' id='word_1_131' title='bbox 1189 2568 1280 2595; x_wconf 81' lang='lat' dir='ltr'><strong>esse</strong></span> <span class='ocrx_word' id='word_1_132' title='bbox 1293 2551 1454 2596; x_wconf 84' lang='lat' dir='ltr'><strong>refer-t:</strong></span> <span class='ocrx_word' id='word_1_133' title='bbox 1472 2551 1695 2609; x_wconf 81' lang='lat' dir='ltr'><strong>probitatis</strong></span> <span class='ocrx_word' id='word_1_134' title='bbox 1707 2567 1810 2606; x_wconf 85' lang='lat' dir='ltr'><strong>suae,</strong></span> <span class='ocrx_word' id='word_1_135' title='bbox 1831 2551 2033 2595; x_wconf 88' lang='lat' dir='ltr'><strong>Barbaris</strong></span> 
     </span>
     <span class='ocr_line' id='line_1_22' title="bbox 317 2623 1760 2680; baseline 0.001 -14"><span class='ocrx_word' id='word_1_136' title='bbox 317 2624 449 2667; x_wconf 83' lang='lat' dir='ltr'><strong>etiam</strong></span> <span class='ocrx_word' id='word_1_137' title='bbox 471 2632 601 2680; x_wconf 85' lang='lat' dir='ltr'><strong>gratae</strong></span> <span class='ocrx_word' id='word_1_138' title='bbox 616 2657 627 2678; x_wconf 94' lang='lat'>,</span> <span class='ocrx_word' id='word_1_139' title='bbox 650 2633 693 2666; x_wconf 86' lang='lat' dir='ltr'><strong>et</strong></span> <span class='ocrx_word' id='word_1_140' title='bbox 714 2623 883 2680; x_wconf 87' lang='lat' dir='ltr'><strong>pietatis</strong></span> <span class='ocrx_word' id='word_1_141' title='bbox 903 2624 949 2666; x_wconf 86' lang='lat' dir='ltr'><strong>in</strong></span> <span class='ocrx_word' id='word_1_142' title='bbox 972 2623 1166 2668; x_wconf 77' lang='lat' dir='ltr'><strong>Caesares</strong></span> <span class='ocrx_word' id='word_1_143' title='bbox 1180 2624 1573 2669; x_wconf 67' lang='lat' dir='ltr'><strong>Pontuminvocat</strong></span> <span class='ocrx_word' id='word_1_144' title='bbox 1592 2633 1760 2668; x_wconf 80' lang='lat' dir='ltr'><strong>testem.</strong></span> 
     </span>
    </p>
   </div>
   <div class='ocr_carea' id='block_1_12' title="bbox 261 2752 1792 3149">
    <p class='ocr_par' dir='ltr' id='par_1_14' title="bbox 261 2752 1792 2939">
     <span class='ocr_line' id='line_1_23' title="bbox 261 2752 1792 2858; baseline 0 -21"><span class='ocrx_word' id='word_1_145' title='bbox 261 2752 380 2837; x_wconf 68' lang='grc' dir='ltr'><strong>ΗΝ</strong></span> <span class='ocrx_word' id='word_1_146' title='bbox 392 2794 479 2842; x_wconf 81' lang='lat' dir='ltr'><strong>DE</strong></span> <span class='ocrx_word' id='word_1_147' title='bbox 505 2776 661 2849; x_wconf 88' lang='lat' dir='ltr'><strong>licet,</strong></span> <span class='ocrx_word' id='word_1_148' title='bbox 692 2800 808 2836; x_wconf 88' lang='lat' dir='ltr'><strong>non</strong></span> <span class='ocrx_word' id='word_1_149' title='bbox 836 2776 979 2843; x_wconf 83' lang='lat' dir='ltr'><strong>unde</strong></span> <span class='ocrx_word' id='word_1_150' title='bbox 1001 2777 1152 2858; x_wconf 80' lang='lat' dir='ltr'><strong>juvat</strong></span> <span class='ocrx_word' id='word_1_151' title='bbox 1170 2823 1184 2848; x_wconf 88' lang='lat'><strong>‚</strong></span> <span class='ocrx_word' id='word_1_152' title='bbox 1219 2776 1465 2837; x_wconf 89' lang='lat' dir='ltr'><strong>Graecine</strong></span> <span class='ocrx_word' id='word_1_153' title='bbox 1485 2823 1505 2848; x_wconf 70' lang='grc'><strong>,,</strong></span> <span class='ocrx_word' id='word_1_154' title='bbox 1529 2774 1765 2844; x_wconf 73' lang='lat' dir='ltr'><strong>salutem</strong></span> <span class='ocrx_word' id='word_1_155' title='bbox 1790 2816 1792 2819; x_wconf 94' lang='lat'>-</span> 
     </span>
     <span class='ocr_line' id='line_1_24' title="bbox 342 2871 1564 2939; baseline -0.002 -6"><span class='ocrx_word' id='word_1_156' title='bbox 342 2873 525 2933; x_wconf 78' lang='lat' dir='ltr'><strong>Mittit</strong></span> <span class='ocrx_word' id='word_1_157' title='bbox 552 2873 621 2932; x_wconf 86' lang='lat' dir='ltr'><strong>ab</strong></span> <span class='ocrx_word' id='word_1_158' title='bbox 650 2873 883 2932; x_wconf 85' lang='lat' dir='ltr'><strong>Euxinis</strong></span> <span class='ocrx_word' id='word_1_159' title='bbox 910 2874 1051 2933; x_wconf 83' lang='lat' dir='ltr'><strong>hanc</strong></span> <span class='ocrx_word' id='word_1_160' title='bbox 1080 2872 1185 2932; x_wconf 87' lang='lat' dir='ltr'><strong>tibi</strong></span> <span class='ocrx_word' id='word_1_161' title='bbox 1211 2874 1363 2932; x_wconf 84' lang='lat' dir='ltr'><strong>Naso</strong></span> <span class='ocrx_word' id='word_1_162' title='bbox 1390 2871 1564 2939; x_wconf 56' lang='lat' dir='ltr'><strong>vadis:</strong></span> 
     </span>
    </p>

    <p class='ocr_par' dir='ltr' id='par_1_15' title="bbox 263 2957 1741 3149">
     <span class='ocr_line' id='line_1_25' title="bbox 263 2957 1741 3056; baseline -0.003 -26"><span class='ocrx_word' id='word_1_163' title='bbox 263 2970 547 3056; x_wconf 86' lang='lat' dir='ltr'><strong>Missaque</strong></span> <span class='ocrx_word' id='word_1_164' title='bbox 570 2971 646 3029; x_wconf 70' lang='lat' dir='ltr'><strong>Di</strong></span> <span class='ocrx_word' id='word_1_165' title='bbox 675 2969 876 3029; x_wconf 85' lang='lat' dir='ltr'><strong>faciant</strong></span> <span class='ocrx_word' id='word_1_166' title='bbox 901 2993 1152 3041; x_wconf 85' lang='lat' dir='ltr'><strong>auroram</strong></span> <span class='ocrx_word' id='word_1_167' title='bbox 1180 2982 1428 3036; x_wconf 82' lang='lat' dir='ltr'><strong>occurrat</strong></span> <span class='ocrx_word' id='word_1_168' title='bbox 1456 2965 1527 3028; x_wconf 86' lang='lat' dir='ltr'><strong>ad</strong></span> <span class='ocrx_word' id='word_1_169' title='bbox 1550 2957 1703 3034; x_wconf 71' lang='lat' dir='ltr'><strong>illam</strong></span> <span class='ocrx_word' id='word_1_170' title='bbox 1725 3013 1741 3038; x_wconf 87' lang='lat'>‚</span> 
     </span>
     <span class='ocr_line' id='line_1_26' title="bbox 342 3055 1507 3149; baseline -0.004 -23"><span class='ocrx_word' id='word_1_171' title='bbox 342 3068 440 3126; x_wconf 89' lang='lat' dir='ltr'><strong>Bis</strong></span> <span class='ocrx_word' id='word_1_172' title='bbox 466 3055 628 3127; x_wconf 71' lang='lat' dir='ltr'><strong>vsenos</strong></span> <span class='ocrx_word' id='word_1_173' title='bbox 653 3067 822 3127; x_wconf 85' lang='lat' dir='ltr'><strong>fasces</strong></span> <span class='ocrx_word' id='word_1_174' title='bbox 852 3090 971 3149; x_wconf 80' lang='lat' dir='ltr'><strong>quae</strong></span> <span class='ocrx_word' id='word_1_175' title='bbox 1001 3065 1106 3126; x_wconf 88' lang='lat' dir='ltr'><strong>tibi</strong></span> <span class='ocrx_word' id='word_1_176' title='bbox 1133 3065 1309 3148; x_wconf 90' lang='lat' dir='ltr'><strong>prima</strong></span> <span class='ocrx_word' id='word_1_177' title='bbox 1336 3063 1507 3123; x_wconf 79' lang='lat' dir='ltr'><strong>dabit.</strong></span> 
     </span>
    </p>
   </div>
   <div class='ocr_carea' id='block_1_13' title="bbox 267 3198 2032 3452">
    <p class='ocr_par' dir='ltr' id='par_1_16' title="bbox 267 3198 2032 3452">
     <span class='ocr_line' id='line_1_27' title="bbox 317 3198 2032 3259; baseline -0.004 -11"><span class='ocrx_word' id='word_1_178' title='bbox 317 3224 355 3248; x_wconf 83' lang='lat'><strong>2.</strong></span> <span class='ocrx_word' id='word_1_179' title='bbox 379 3208 449 3255; x_wconf 78' lang='lat' dir='ltr'><strong>Ab</strong></span> <span class='ocrx_word' id='word_1_180' title='bbox 468 3209 663 3254; x_wconf 57' lang='lat' dir='ltr'><strong>Eua-imit.</strong></span> <span class='ocrx_word' id='word_1_181' title='bbox 683 3209 755 3252; x_wconf 80' lang='lat' dir='ltr'><strong>Ab</strong></span> <span class='ocrx_word' id='word_1_182' title='bbox 767 3208 1105 3259; x_wconf 71' lang='lat' dir='ltr'><strong>hirsutis...Get1&#39;s</strong></span> <span class='ocrx_word' id='word_1_183' title='bbox 1187 3201 1342 3258; x_wconf 82' lang='lat' dir='ltr'><strong>quibus</strong></span> <span class='ocrx_word' id='word_1_184' title='bbox 1365 3202 1468 3244; x_wconf 85' lang='lat' dir='ltr'><strong>novi</strong></span> <span class='ocrx_word' id='word_1_185' title='bbox 1504 3200 1701 3244; x_wconf 85' lang='lat' dir='ltr'><strong>consules</strong></span> <span class='ocrx_word' id='word_1_186' title='bbox 1731 3198 2032 3256; x_wconf 86' lang='lat' dir='ltr'><strong>magistratum</strong></span> 
     </span>
     <span class='ocr_line' id='line_1_28' title="bbox 267 3265 2032 3324; baseline -0.002 -13"><span class='ocrx_word' id='word_1_187' title='bbox 267 3268 456 3312; x_wconf 88' lang='lat' dir='ltr'><strong>Combii.</strong></span> <span class='ocrx_word' id='word_1_188' title='bbox 1185 3269 1382 3323; x_wconf 87' lang='lat' dir='ltr'><strong>inibant,</strong></span> <span class='ocrx_word' id='word_1_189' title='bbox 1399 3268 1500 3311; x_wconf 81' lang='lat' dir='ltr'><strong>etin</strong></span> <span class='ocrx_word' id='word_1_190' title='bbox 1520 3267 1787 3324; x_wconf 81' lang='lat' dir='ltr'><strong>Capitolium</strong></span> <span class='ocrx_word' id='word_1_191' title='bbox 1803 3265 2032 3309; x_wconf 81' lang='lat' dir='ltr'><strong>adscende-</strong></span> 
     </span>
     <span class='ocr_line' id='line_1_29' title="bbox 318 3330 2030 3391; baseline -0.004 -14"><span class='ocrx_word' id='word_1_192' title='bbox 318 3336 356 3388; x_wconf 81' lang='grc'><strong>4.</strong></span> <span class='ocrx_word' id='word_1_193' title='bbox 373 3335 456 3385; x_wconf 78' lang='lat' dir='ltr'><strong>Bis</strong></span> <span class='ocrx_word' id='word_1_194' title='bbox 475 3349 597 3377; x_wconf 82' lang='lat' dir='ltr'><strong>senes</strong></span> <span class='ocrx_word' id='word_1_195' title='bbox 606 3334 772 3388; x_wconf 85' lang='lat' dir='ltr'><strong>fasces.</strong></span> <span class='ocrx_word' id='word_1_196' title='bbox 794 3334 1005 3391; x_wconf 82' lang='lat' dir='ltr'><strong>Designat</strong></span> <span class='ocrx_word' id='word_1_197' title='bbox 1027 3349 1106 3377; x_wconf 88' lang='lat' dir='ltr'><strong>au-</strong></span> <span class='ocrx_word' id='word_1_198' title='bbox 1186 3334 1292 3377; x_wconf 85' lang='lat' dir='ltr'><strong>bant</strong></span> <span class='ocrx_word' id='word_1_199' title='bbox 1312 3350 1411 3377; x_wconf 84' lang='lat' dir='ltr'><strong>cum</strong></span> <span class='ocrx_word' id='word_1_200' title='bbox 1433 3342 1585 3376; x_wconf 84' lang='lat' dir='ltr'><strong>senatu</strong></span> <span class='ocrx_word' id='word_1_201' title='bbox 1601 3367 1612 3387; x_wconf 92' lang='lat'>‚</span> <span class='ocrx_word' id='word_1_202' title='bbox 1630 3331 1915 3376; x_wconf 81' lang='lat' dir='ltr'><strong>sacrificatum</strong></span> <span class='ocrx_word' id='word_1_203' title='bbox 1935 3330 2030 3372; x_wconf 86' lang='lat' dir='ltr'><strong>Diis</strong></span> 
     </span>
     <span class='ocr_line' id='line_1_30' title="bbox 267 3396 2023 3452; baseline -0.002 -12"><span class='ocrx_word' id='word_1_204' title='bbox 267 3407 357 3441; x_wconf 88' lang='lat' dir='ltr'><strong>tem</strong></span> <span class='ocrx_word' id='word_1_205' title='bbox 391 3397 575 3441; x_wconf 85' lang='lat' dir='ltr'><strong>Ovidius</strong></span> <span class='ocrx_word' id='word_1_206' title='bbox 614 3397 835 3444; x_wconf 79' lang='lat' dir='ltr'><strong>Kalendas</strong></span> <span class='ocrx_word' id='word_1_207' title='bbox 870 3397 1069 3441; x_wconf 82' lang='lat' dir='ltr'><strong>Januarii</strong></span> <span class='ocrx_word' id='word_1_208' title='bbox 1093 3430 1105 3450; x_wconf 88' lang='lat'>,</span> <span class='ocrx_word' id='word_1_209' title='bbox 1187 3397 1515 3442; x_wconf 84' lang='lat' dir='ltr'><strong>immortalibus.</strong></span> <span class='ocrx_word' id='word_1_210' title='bbox 1535 3397 1669 3441; x_wconf 84' lang='lat' dir='ltr'><strong>Unde</strong></span> <span class='ocrx_word' id='word_1_211' title='bbox 1687 3396 1910 3452; x_wconf 85' lang='lat' dir='ltr'><strong>subjungit</strong></span> <span class='ocrx_word' id='word_1_212' title='bbox 1927 3408 2023 3449; x_wconf 78' lang='lat' dir='ltr'><strong>poe-</strong></span> 
     </span>
    </p>
   </div>
  </div>
 </body>
</html>
