2280 3776
285 276 390 330 352

753 276 816 328 P.
868 275 1080 331 OVID
1101 276 1167 330 II
1210 274 1588 337 NASONIS

363 392 654 451 Terrarum
685 389 970 450 dominum
1004 414 1166 474 quem
1194 417 1292 454 sua
1319 417 1446 454 cura
1470 395 1616 455 facit.

281 488 388 548 Per
415 485 603 568 patriae
634 507 861 556 nomen,
897 509 1016 567 quae
1046 501 1098 547 te
1131 487 1235 547 tibi
1262 489 1440 549 carior
1464 490 1589 572 ipso
1620 506 1732 564 est,

358 583 464 641 Per
492 603 772 661 nunquam
800 581 999 641 surdos
1026 582 1084 641 in
1116 597 1208 643 tua
1235 600 1366 644 vota
1392 586 1575 658 Deos;

279 681 492 761 Perque
523 677 631 736 tori
656 676 885 750 sociam,
915 701 1034 759 quae
1062 702 1164 760 par
1193 680 1299 740 tibi
1331 682 1450 742 sola
1475 698 1689 766 reperta
1719 698 1828 756 est,

359 777 435 834 Et
463 774 551 833 cui
580 773 830 853 majestas
857 796 972 832 non
1002 778 1231 835 onerosa
1260 790 1354 836 tua
1383 792 1495 850 est;
1997 799 2050 840 30

277 871 490 952 Perque
521 869 624 928 tibi
653 868 885 929 similem
911 870 1177 931 virtutis
1161 873 1398 949 lmagine
1425 889 1646 947 natum,

362 966 623 1026 Moribus
654 966 877 1043 agnosci
910 967 1004 1048 qui
1031 981 1161 1028 tuus
1189 991 1305 1029 esse
1334 984 1547 1052 potest3

277 1063 490 1144 Perque
520 1076 646 1122 tuos
672 1061 757 1122 vel
785 1086 974 1135 avo‚v
943 1061 1026 1122 vel
1055 1063 1251 1141 dignos
1276 1080 1431 1147 patre
1456 1079 1716 1148 nepotes,

360 1161 490 1240 Qui
503 1160 731 1220 veniunt
754 1184 954 1238 magno
983 1184 1082 1244 per
1108 1176 1204 1222 tua
1229 1177 1355 1223 vota
1385 1163 1592 1242 gradu·
1581 1211 1594 1236 ‚

277 1259 439 1320 Parte
466 1258 609 1318 leves
639 1257 864 1318 minima
889 1273 1107 1318 nostras
1137 1273 1194 1319 et
1220 1260 1483 1321 contrahe
1509 1283 1734 1343 poenas3
1996 1278 2049 1319 35

360 1356 557 1437 Daque
577 1400 591 1426 ‚
624 1352 822 1435 procul
853 1353 1111 1437 Scythico
1143 1355 1240 1437 qui
1271 1355 1345 1415 sit
1371 1357 1442 1416 ab
1472 1355 1663 1428 hoste,
1695 1353 1895 1416 locum.

277 1451 351 1510 Et
383 1466 502 1522 tua,
537 1449 582 1510 si
609 1449 690 1510 fas
723 1465 832 1521 est,
864 1474 894 1510 a
928 1451 1136 1511 Caesare
1160 1451 1406 1533 proxime
1440 1452 1653 1524 Caesar,

357 1547 596 1607 Numina
627 1547 738 1606 sint
765 1547 1024 1629 precibus
1050 1571 1162 1607 non
1192 1548 1412 1608 inimica
1439 1549 1590 1610 meis.

277 1644 366 1706 Sic
392 1645 504 1704 fera
540 1643 944 1727 quamprimum
974 1643 1174 1727 pavido
1210 1644 1496 1706 Germania
1524 1644 1680 1706 vultu

277 1776 344 1818 alii
359 1779 591 1832 zhdeflebz'le
604 1808 616 1829 ‚
637 1773 847 1818 mendose
864 1789 874 1816 :
888 1774 999 1817 Met.
1015 1774 1118 1829 XV,

276 1859 499 1898 nomenque
508 1846 588 1884 erit
594 1843 813 1884 indelebile
820 1841 1122 1884 nostrumPos·

275 1915 339 1949 set
368 1906 499 1948 etiam
524 1904 635 1960 legi,
669 1906 804 1946 Parce
823 1907 911 1953 vir,
940 1921 965 1945 0
991 1907 1119 1946 soecli.

275 1970 347 2014 Sic
361 1971 492 2013 Trist.
513 1969 571 2023 V,
594 1968 701 2024 Eleg
716 1981 753 2010 11
765 2000 777 2021 ‚
804 1984 913 2010 vers.
930 1968 1010 2010 833
1026 2000 1037 2021 ,
1064 1967 1119 2010 ad

274 2035 467 2078 eundem
493 2034 742 2089 Augustum
770 2049 779 2074 :
802 2050 823 2069 «
850 2031 893 2075 Ο
914 2032 1004 2085 vir,
1026 2048 1119 2075 non

272 2102 365 2158 ipso
382 2135 393 2155 ,
414 2116 544 2157 quem
560 2099 670 2156 regis
682 2131 693 2152 ,
722 2098 825 2141 orbe
838 2098 999 2140 minor.
1020 2115 1041 2134 »
1057 2098 1117 2140 H.

271 2193 325 2202 -
346 2171 479 2211 Parce
492 2184 609 2222 puer,
628 2168 750 2208 soecll
772 2167 909 2207 decus.
939 2166 1117 2206 Puerum

271 2234 527 2290 accipiamus
553 2247 646 2274 non
674 2231 808 2274 aetatis
838 2230 1007 2272 ratione
1039 2229 1115 2272 di-

270 2308 389 2343 ctum
408 2332 420 2352 ‚
454 2307 502 2340 ut
522 2297 596 2353 qui
624 2297 714 2352 jam
743 2310 875 2351 prope
898 2294 1118 2350 quinqua-

272 2364 473 2422 genarius
495 2370 628 2416 esset,
652 2375 790 2417 quum
811 2359 997 2403 Ovidius
1011 2359 1119 2401 rele-

270 2440 474 2488 garetur;
510 2427 586 2471 sed
619 2427 686 2470 vel
723 2436 902 2483 propter
939 2426 1119 2482 picturae

267 2496 472 2552 speciem,
484 2493 568 2545 vel,
592 2491 709 2549 quod
728 2489 1003 2548 probabilius,
1020 2506 1119 2547 pro-

268 2569 418 2617 pterea
444 2557 559 2614 quod
586 2573 728 2613 nuper
749 2556 859 2599 adeo
875 2565 970 2612 post
993 2571 1116 2598 mor-

267 2634 358 2668 tem
382 2623 428 2665 L.
454 2632 498 2665 et
525 2620 576 2664 C.
603 2621 827 2664 Caesarum
850 2621 1034 2674 scilicet,
1068 2620 1117 2663 in

267 2689 345 2732 filii
384 2686 539 2730 locum*
573 2686 624 2730 ab
657 2686 855 2742 Augusto
891 2684 1116 2740 adoptatus

266 2752 432 2795 fuisset.
442 2752 706 2806 Utpuerum
722 2748 995 2804 accipiamus,
1009 2764 1117 2803 qua-

267 2816 300 2858 si
324 2815 462 2857 filium
480 2813 655 2856 alterius
684 2811 866 2855 Caesaris
883 2845 894 2865 ,
920 2811 1001 2854 hoc
1021 2819 1086 2853 est
1101 2843 1112 2864 ,

267 2880 452 2937 Augusti
485 2912 495 2932 ,
531 2877 808 2934 adpellatum.
850 2876 1023 2919 MIGYL.
1062 2898 1117 2908 —

265 2947 386 2987 Puer.
408 2945 536 2986 More
550 2942 705 2984 Graeco
723 2975 734 2995 ,
755 2942 830 2997 qui
846 2941 978 2983 etiam
991 2938 1117 2982 adul-

268 3018 360 3060 tos,
399 3014 537 3055 παῖδας
565 3016 755 3056 vocant3
795 3004 915 3061 quod
951 3003 1115 3047 Latinis

266 3074 492 3117 familiare.
515 3072 667 3129 Virgil.
687 3072 867 3114 AEneid.
889 3071 955 3113 VI
970 3103 982 3125 ‚
1005 3086 1113 3113 vers.
1125 3069 1132 3076 ”

269 3139 347 3180 833
369 3154 378 3179 :
410 3157 431 3174 «
454 3139 520 3181 Ne
544 3136 691 3194 pueri,
717 3152 773 3179 ne
807 3143 926 3178 tanta
961 3134 1114 3177 animis

271 3201 506 3243 adsuescite
515 3202 642 3253 bella3
660 3219 680 3238 »
695 3209 740 3244 et
756 3200 827 3242 lib.
851 3200 909 3255 V,
926 3216 986 3243 vs.
1003 3199 1083 3258 296
1100 3214 1111 3241 ε

272 3284 294 3303 «
317 3266 446 3308 Nisus
467 3281 612 3308 amore
635 3266 708 3322 pio
727 3266 850 3322 pueri
868 3298 880 3320 ,
914 3283 935 3302 υ
954 3278 1113 3319 nempe

271 3331 449 3390 Euryali
472 3343 481 3369 2
508 3350 527 3367 «
552 3332 625 3386 qui
644 3332 788 3375 forma
813 3332 1019 3388 insignis,
1039 3331 1114 3373 vi-

268 3396 438 3452 ridique
459 3396 635 3452 juventa
656 3428 668 3450 ,
708 3414 730 3435 »
753 3405 797 3440 et
817 3397 929 3440 alibi.
955 3395 1113 3441 Cicero

602 3510 626 3540 Χ

1203 1773 1499 1820 Octavianum
1541 1775 1673 1820 etiam
1713 1776 1898 1834 adpellat
1931 1792 2050 1834 pue—

1203 1856 1318 1882 rum.
1344 1840 1539 1885 Proinde
1575 1850 1620 1885 et
1650 1841 1828 1884 honoris
1863 1850 1928 1884 est
1956 1857 2052 1883 no·-

1201 1920 1318 1946 men.
1352 1906 1463 1948 Puer
1491 1911 1627 1960 regius
1640 1921 1656 1959 ,·
1688 1906 1840 1963 virgil.
1861 1907 1965 1949 AEn.
1987 1907 2048 1960 V,

1200 1984 1310 2010 vers.
1332 1971 1410 2011 252
1429 2002 1442 2023 ,
1467 1977 1511 2012 et
1535 1970 1601 2012 IX
1621 2002 1632 2024 ,
1656 1986 1765 2013 vers.
1789 1971 1867 2025 276
1886 1986 1896 2013 ε
1917 1987 2051 2014 vene—-

1199 2035 1451 2087 randepuer,
1475 2034 1684 2077 Ascanius
1698 2033 1751 2076 ad
1768 2034 2023 2093 Euryalum.

1255 2113 1321 2150 27.
1335 2099 1577 2152 Perpatrl'ae
1597 2114 1746 2141 numen
1758 2132 1769 2150 ‚
1797 2102 1911 2155 quod
1921 2107 1961 2143 le
1973 2102 2057 2143 tibi

1197 2165 1337 2205 carius
1354 2167 1447 2217 '7²50
1476 2169 1552 2206 est.
1578 2163 1785 2206 Meliores
1810 2181 1897 2220 qua·
1915 2172 1955 2207 te
1972 2167 2054 2209 tibi

1198 2230 1337 2270 carior
1363 2232 1458 2281 ipso
1480 2234 1567 2282 est,-
1591 2237 1678 2271 tres
1701 2244 1801 2271 cum
1835 2228 2050 2272 Aronde-

1197 2292 1315 2336 liano
1331 2327 1343 2348 ,
1364 2299 1550 2349 patrium
1567 2311 1715 2337 numen
1736 2311 1748 2337 t
1770 2294 1886 2338 malo
1900 2299 2049 2350 patria·

1198 2375 1344 2402 nomen
1360 2392 1371 2408 ‚
1404 2367 1454 2402 ut
1475 2358 1914 2417 Rottendorphianus
1935 2359 2048 2403 exhi-

1199 2423 1340 2468 bebat.
1364 2425 1424 2467 H.

1251 2490 1318 2533 30.
1342 2490 1403 2532 Et
1419 2493 1493 2532 cui
1509 2490 1725 2544 majestas.
1752 2489 1811 2532 Et
1837 2505 1955 2546 quae,
1974 2490 2046 2532 in—

1198 2551 1292 2608 quit
1305 2586 1316 2607 ,
1332 2554 1606 2610 majestatem
1620 2562 1739 2597 tuam
1755 2562 1895 2611 potest
1908 2554 2043 2607 ferre,

1196 2617 1265 2661 vel
1285 2634 1382 2674 quae
1396 2635 1441 2662 se
1460 2619 1738 2663 nutibus'tuis
1752 2618 1862 2663 belle
1881 2618 2045 2662 adtem-

1199 2694 1337 2740 perat.

1254 2750 1320 2802 34.
1347 2751 1435 2803 Qui
1441 2754 1612 2792 veniunt
1623 2765 1774 2804 magno
1777 2764 1855 2805 per
1870 2749 2043 2803 tuajus-

1196 2832 1248 2859 sa
1266 2818 1413 2870 gradu.
1435 2816 1551 2858 Puto
1566 2831 1647 2870 per
1661 2823 1738 2858 tua
1755 2823 1877 2869 gesta
1894 2828 1909 2865 ‚·
1924 2814 2045 2869 jesta

1197 2880 1411 2936 scriptum
1422 2879 1583 2932 fuerat,
1595 2878 1711 2921 unde
1714 2879 1845 2932 jussa
1858 2877 2043 2931 factum;

1198 2945 1346 2988 Patav.
1367 2956 1514 2992 versa3
1537 2957 1650 2985 unus
1665 2942 1862 2986 Vatican.
1875 2959 1955 2999 per
1968 2950 2045 2999 tua

1195 3015 1322 3058 vola,
1352 3008 1485 3050 etiam
1505 3006 1632 3050 bene.
1654 3007 1714 3051 H.

1252 3073 1317 3115 36.
1345 3074 1497 3128 Daque
1513 3075 1648 3116 locum
1668 3073 1865 3131 Scytbtko
1890 3089 1960 3128 qut
1988 3077 2050 3115 sit

1195 3140 1249 3181 ab
1269 3139 1385 3180 hoste
1394 3140 1554 3192 procul.
1576 3138 1749 3193 Daque,
1770 3141 1925 3193 procul
1936 3139 2045 3194 Scy-

1189 3206 1302 3247 thtco
1317 3207 1394 3259 qui
1402 3207 1461 3246 sit
1477 3205 1532 3246 ab
1545 3204 1664 3246 hoste
1675 3237 1686 3253 ,
1721 3206 1858 3246 locum
1878 3203 2037 3246 melio-

1194 3284 1285 3319 res;
1312 3267 1403 3310 duo
1426 3267 1559 3311 etiam
1581 3269 1776 3326 Scythico
1794 3271 1902 3317 orbe.
1927 3268 1987 3311 H.

1248 3333 1315 3390 37.
1330 3335 1375 3376 A
1397 3335 1558 3378 Coesare
1568 3338 1764 3390 proxima
1780 3336 1932 3378 Caesar.
1955 3332 2039 3375 Re·

1193 3395 1302 3441 etius
1309 3400 1501 3453 proxime
1521 3398 1664 3442 Cesar
1679 3397 1726 3441 in
1747 3398 1983 3440 Puteaneo.
