2280 3776
251 306 361 387 ‘45ss
701 320 765 374 Ρ.
820 320 1113 376 ov1D11
1161 315 1548 381 NASONIS

334 436 492 494 Parte
520 458 648 494 meae
675 436 797 495 vitae
818 484 831 508 ‚
862 437 906 496 si
936 437 1100 498 modo
1131 438 1358 512 dentur,
1392 465 1580 502 emam.
1971 475 2025 505 ιο

209 576 218 578 -
248 533 363 591 Nec
395 547 451 591 tu
482 531 775 593 contuleris
804 535 995 594 urbem
1029 537 1401 619 Laestrygonis
1430 563 1675 622 unquam

338 629 642 699 GentihuS‚
674 629 901 712 obliqua
933 655 1066 712 quas
1096 633 1215 692 obit
1243 635 1383 694 Ister
1408 658 1564 717 aqua.

250 722 362 781 Nec
394 723 570 782 vincet
599 747 797 784 saevum
833 724 1069 808 Cyclops
1096 727 1309 788 feritate
1336 729 1587 812 Phyacen
1607 777 1622 802 ‚

334 820 444 898 Qui
482 836 651 903 quota
680 823 903 884 terroris
930 848 1055 905 pars
1086 824 1226 885 solet
1257 851 1371 887 esse
1396 828 1536 888 mei!

251 913 429 995 Scylla
456 915 583 977 feris
616 931 810 976 trunco
839 918 989 1000 quod
1018 918 1179 978 latrat
1204 921 1273 979 ab
1305 921 1529 999 inguine
1552 924 1845 996 monstriS‚
1967 941 2020 984 25

334 1012 630 1071 Heniochae
662 1013 843 1072 nautis
874 1012 1000 1096 plus
1032 1038 1266 1077 nocuere
1297 1033 1456 1079 rates.

252 1109 364 1167 Nec
396 1123 555 1189 potes
582 1108 792 1169 infestis
824 1110 1068 1170 conferre
1099 1113 1420 1196 Charybdin
1450 1116 1692 1189 AchaeiS‚

336 1205 444 1263 Ter
472 1204 599 1265 licet
627 1220 852 1287 epotum
882 1221 962 1266 ter
988 1223 1173 1292 yomat
1198 1208 1292 1269 illa
1320 1210 1536 1271 fretum.

259 1300 373 1377 Qui
407 1325 718 1383 quanquam
749 1302 937 1363 dextra
960 1305 1183 1383 regione
1211 1306 1464 1368 licentius
1491 1322 1698 1381 errant,

253 1453 384 1492 quam
417 1439 667 1482 renuntiare
688 1472 699 1493 ‚
724 1455 805 1483 nec
838 1441 980 1484 redire
1011 1459 1098 1484 cu-

252 1499 430 1555 piebant
454 1519 463 1544 2
486 1503 567 1545 cibi
601 1504 719 1546 enim
753 1505 960 1548 suavitate
983 1506 1096 1548 alle-

252 1565 308 1607 cti
328 1599 338 1619 ,
373 1583 553 1609 suorum
583 1568 786 1611 vivebant
814 1570 958 1621 obliti;
989 1587 1095 1626 quos

254 1629 432 1687 Ulysses
455 1632 612 1676 invitos
634 1633 684 1675 ad
706 1650 835 1677 naves
851 1634 1034 1678 reduxit.

308 1706 377 1739 21.'
407 1699 492 1739 Nec
519 1706 562 1740 lu
589 1703 808 1742 contuleris
831 1704 967 1743 urbem
999 1703 1086 1743 Lu·-

252 1767 461 1819 slrygonis
482 1781 674 1820 unquam.
696 1767 942 1823 Postquam
967 1777 1095 1823 poeta

253 1831 611 1873 commemoravit
633 1832 826 1875 breviter
847 1833 1012 1890 Ulyssis
1034 1834 1097 1876 in·

250 1893 480 1936 commoda
502 1927 513 1949 ,
535 1911 653 1937 nnnc
669 1896 738 1938 illa
756 1913 855 1939 cum
872 1898 958 1941 suis
972 1914 1097 1940 com-

250 1967 399 2013 parat,
431 1968 477 2002 ut
509 1976 559 2002 ex
587 1959 838 2014 hujusmodi
861 1952 1093 2019 compara-

252 2023 373 2065 tione
395 2024 560 2079 majora
576 2041 650 2067 sua
668 2042 756 2068 esse
771 2027 945 2081 probet,
960 2043 1091 2083 quam

251 2088 433 2146 Ulyssis.
466 2091 607 2132 Fuere
630 2099 776 2133 autem
803 2093 1095 2148 Loeslrygones

249 2153 395 2209 populi
422 2155 464 2196 in
498 2164 691 2197 extremo
716 2156 875 2210 ltaliae,
903 2156 1092 2199 Siciliam

248 2220 507 2274 versus‚efse
516 2221 569 2262 ris
580 2221 789 2272 moribus;
805 2222 856 2263 ad
875 2223 951 2264 hos
963 2223 1094 2279 igitur

250 2285 449 2339 pervenit
467 2283 643 2343 Ulysses
660 2317 671 2338 ,
694 2285 894 2340 misitque
915 2286 966 2329 ad
994 2281 1092 2329 An·-

247 2349 442 2406 tiphaten
462 2349 716 2392 Macareum
732 2367 833 2393 cum
850 2351 1017 2395 duobus
1028 2369 1093 2396 so-

245 2415 318 2459 ciis
342 2432 349 2455 t
371 2416 442 2471 qui
476 2417 542 2458 vix
573 2433 672 2460 cum
706 2417 842 2461 altero
880 2418 982 2475 fuga
1019 2420 1090 2462 vi-

247 2491 337 2523 tam
357 2481 553 2525 servavit.
568 2506 621 2514 —
640 2484 770 2526 Urbes
789 2486 1092 2541 Laestrygones.

250 2548 541 2603 Laestrygonos
571 2547 864 2600 Combianus;
892 2559 936 2594 et
953 2554 1091 2594 urbem

249 2610 452 2655 meliores
487 2612 680 2669 plerique
692 2622 705 2664 ';
739 2622 786 2656 ut
820 2615 929 2658 Met.
963 2615 1087 2669 XIV,

249 2693 359 2718 vers.
375 2676 466 2718 233.
481 2694 502 2712 «
519 2675 627 2718 Inde
649 2677 771 2719 Lami
784 2687 979 2721 veterem
993 2680 1091 2723 Lae-

246 2741 463 2799 strygonis
479 2773 490 2795 ,
511 2742 654 2798 inquit
668 2776 678 2796 ‚
704 2743 748 2785 in
772 2745 925 2787 urbem
948 2746 1091 2789 Veni-

245 2821 357 2848 mus.
384 2824 405 2843 »
447 2807 645 2849 Homero
677 2824 850 2864 quoque
880 2826 969 2852 non
1007 2811 1089 2854 nisi

246 2870 424 2913 unicum
435 2869 644 2926 oppidum
657 2882 720 2915 est
734 2872 889 2932 Odyss.
903 2882 953 2927 X,
971 2874 1088 2930 quod

247 2944 372 2980 vocat
386 2939 521 2992 Λάμου
537 2942 627 2981 αἰπὺ
641 2945 861 2999 πτολίεθρον,
878 2943 1089 2990 Τηλέπυλον

246 3009 556 3061 Λαιστρυγονίην.
578 3003 636 3045 H.

301 3082 364 3107 22.
387 3068 597 3109 Gentibus.
618 3068 793 3124 Populis
810 3068 1031 3126 Scythiam
1045 3080 1088 3113 et

243 3147 366 3173 oram
379 3132 603 3175 Ponticam
618 3133 883 3187 tenentibus,
895 3150 1001 3189 quos
1010 3151 1088 3191 per

246 3196 408 3238 Istrum
437 3195 644 3252 designat.
663 3220 715 3228 —
736 3198 1085 3253 Oblz‘qnatransit.

247 3260 373 3315 Aqua
382 3259 574 3302 Danubii
584 3277 670 3304 non
688 3270 822 3316 recto,
835 3262 911 3306 sed
923 3263 1086 3306 flexuo-

241 3340 289 3368 so
301 3339 426 3368 cursu
438 3323 596 3366 labenti
611 3340 687 3379 per
698 3326 876 3382 populos
887 3327 1086 3386 Scythiae.

301 3391 363 3433 23.
407 3389 560 3432 Saevum
592 3392 801 3447 Phyacen.
837 3394 1083 3438 Immanem

246 3454 367 3499 illum
384 3471 533 3512 regem
552 3455 826 3516 Scytharum.

1234 1446 1299 1498 24.
1335 1445 1473 1498 Quota
1488 1460 1606 1498 pars.
1639 1444 1781 1494 Rara,
1808 1443 1876 1486 vel
1900 1442 2020 1486 nulla

1179 1525 1275 1564 pars
1289 1542 1300 1564 ,
1324 1518 1373 1552 ut
1387 1509 1439 1552 sit
1453 1525 1603 1552 sensus
1622 1525 1631 1551 :
1653 1509 1726 1564 qui
1752 1507 1937 1567 Cyclops
1949 1524 2022 1550 so-

1176 1574 1236 1616 let
1255 1590 1344 1617 esse
1363 1590 1458 1617 rara
1475 1607 1486 1627 ,
1506 1573 1575 1616 vel
1594 1572 1711 1616 nulla
1733 1588 1830 1628 pars
1851 1572 2021 1616 timoris

1177 1653 1265 1693 prae
1283 1637 1357 1680 illo
1373 1671 1385 1691 ‚
1402 1654 1535 1693 quem
1555 1636 1688 1680 infert
1703 1653 1777 1679 rex
1799 1637 1988 1696 Scythiae
2004 1670 2018 1691 ‚

1176 1701 1336 1760 Phyax.
1361 1702 1489 1744 MER.
1509 1725 1564 1734 -
1599 1705 1681 1755 Qui
1697 1710 1822 1756 quota
1853 1705 2019 1744 terronis·

1169 1783 1284 1820 pars.
1301 1768 1400 1811 Non
1421 1768 1472 1809 ad
1499 1766 1738 1825 Cyclopem
1751 1799 1762 1820 ,
1785 1775 1833 1809 ut
1847 1765 2019 1809 Merula

1175 1833 1351 1888 exponit
1367 1866 1378 1887 ,
1401 1833 1477 1876 sed
1491 1833 1542 1875 ad
1565 1848 1668 1875 eum
1682 1865 1693 1885 ,
1715 1831 1768 1874 de
1787 1848 1873 1888 quo
1889 1832 2019 1875 modo

1176 1898 1342 1941 dictum
1362 1906 1425 1941 cst
1441 1931 1452 1951 ,
1477 1897 1696 1956 Phyacem
1719 1896 2016 1951 referendum,

1176 1962 1292 2017 quasi
1308 1962 1418 2006 dicat
1435 1971 1560 2018 poeta
1574 1995 1585 2015 ,
1599 1962 1730 2005 etiarn
1744 1962 1795 2004 ab
1811 1961 1892 2005 hoc
1907 1960 2018 2003 mul·

1177 2037 1271 2069 tum
1290 2028 1468 2070 terroris
1481 2028 1558 2069 sibi
1577 2027 1703 2082 objici
1721 2059 1734 2080 ,
1755 2034 1933 2082 propter
1951 2026 2020 2068 in-

1176 2091 1396 2133 cursiones
1413 2090 1624 2133 videlicet.
1640 2090 1811 2133 MmYL.

1231 2159 1295 2197 25.
1332 2159 1463 2208 (laum
1476 2158 1607 2197 latret.
1636 2158 1735 2208 Quoe
1755 2158 1886 2196 latrat
1903 2153 2019 2196 mul—

1174 2219 1206 2262 ti
1227 2219 1393 2263 codices
1413 2238 1423 2272 ;
1440 2219 1642 2262 nonnulli
1654 2221 1767 2275 quod
1775 2221 1897 2261 latret
1908 2233 1922 2271 ;
1941 2235 2015 2261 re-

1173 2294 1241 2328 cte
1258 2318 1269 2339 ‚
1301 2284 1381 2328 nisi
1411 2290 1523 2341 quod
1549 2289 1680 2327 latrat
1706 2282 1884 2339 praefers
1915 2299 2017 2326 cum

1175 2351 1411 2394 unoVatic.
1423 2358 1467 2393 et
1478 2349 1647 2392 Arond.
1664 2348 1765 2391 Vid.
1783 2349 1916 2391 Notas
1935 2347 2016 2403 Ep.

1174 2416 1313 2459 XVII
1326 2448 1337 2470 ,
1355 2431 1411 2458 vs.
1428 2418 1475 2458 51
1495 2431 1504 2457 :
1523 2430 1650 2457 versu
1663 2413 1860 2470 proximo
1878 2445 1888 2467 ,
1908 2429 2014 2454 nnu-

1172 2485 1229 2525 tl's
1246 2497 1326 2537 pro
1343 2484 1463 2524 nobis
1480 2479 1675 2537 plerique
1696 2487 1878 2521 veteres.
1900 2478 1959 2519 H.

1230 2546 1294 2589 26.
1327 2549 1553 2589 Heniocha-
1584 2549 1736 2588 nautis.
1758 2543 1901 2586 Fuere
1937 2558 2016 2585 au-

1173 2619 1262 2653 tem
1282 2613 1510 2661 Heniochi,
1543 2608 1690 2667 populi
1715 2609 1760 2651 in
1785 2623 1861 2650 ora
1881 2607 2012 2650 maris

1173 2676 1357 2731 Euxini,
1377 2677 1422 2719 in
1441 2674 1643 2723 Colchica
1653 2673 1830 2730 regione
1844 2680 2013 2714 monto-

1171 2759 1216 2785 sa
1235 2752 1279 2786 et
1294 2742 1574 2798 importuosa,
1586 2740 1659 2796 qui
1676 2737 1903 2782 latrociniis
1917 2752 2010 2778 ma-

1170 2808 1326 2851 ritimis
1340 2808 1495 2850 vixere.
1512 2807 1598 2849 Per
1617 2813 1726 2848 rates
1739 2819 1842 2860 ergo
1856 2804 2012 2844 Henio—

1169 2877 1272 2917 chas
1294 2873 1488 2931 designat
1505 2881 1631 2928 poeta
1651 2871 1807 2927 piratas
1829 2867 2010 2910 Henio-

1169 2940 1352 2982 chorum
1369 2938 1645 2995 populorum,
1656 2952 1679 2978 a
1695 2934 1849 2991 quibus
1863 2948 1907 2975 se
1921 2932 2008 2975 for-

1170 3006 1286 3048 tunis
1313 3000 1700 3052 exutum·innuit;
1734 3008 1808 3042 aut
1835 3006 2010 3054 captum

1167 3070 1346 3111 fortasse
1360 3100 1371 3121 ‚
1397 3067 1471 3112 sed
1492 3066 1675 3123 pecunia
1699 3064 1979 3121 redemptum
1997 3094 2010 3114 ,

1169 3143 1218 3176 ut
1237 3133 1383 3176 statim
1402 3132 1608 3175 dicemus.

1222 3200 1287 3241 28.
1318 3199 1398 3240 Ter
1412 3201 1510 3240 licet
1523 3205 1672 3252 epotet.
1696 3198 1873 3251 Epolum
1895 3210 2008 3237 unus

1170 3264 1433 3314 Vaticanus3
1463 3271 1507 3305 et
1535 3262 1693 3317 placet:
1731 3278 1801 3304 ore
1826 3276 1905 3317 pro
1930 3264 2008 3304 illa

1168 3329 1331 3372 Moreti
1347 3329 1494 3373 codex.
1511 3330 1570 3371 H.
1594 3328 1769 3382 Nostri,
1790 3330 1881 3370 illa.

1220 3410 1285 3451 29.
1321 3395 1407 3447 Qui
1432 3392 1667 3449 quanquam
1685 3394 1833 3434 dextra
1866 3394 2001 3444 regio-

1165 3475 1225 3501 ne.
1249 3459 1343 3514 Qui
1360 3459 1508 3503 Achaei
1523 3491 1535 3514 ,
1563 3458 1757 3515 quamvis
1776 3455 1909 3512 magis
1933 3456 2003 3497 in—
