2280 3776
421 271 1068 355 TRISTIUMVLIB.
1119 272 1249 329 111.
1298 272 1539 329 ELEG.
1594 276 1708 331 XI.
1835 277 1932 347 141

188 391 560 474 Humanaeque
589 412 794 451 memor
822 388 1012 462 sortis,
1039 413 1158 473 quae
1187 387 1333 450 tollit
1360 390 1606 465 eosdem,

266 489 339 546 Et
363 487 590 570 premit,
621 485 852 546 incertas
882 486 999 568 ipse
1031 509 1212 546 verere
1239 487 1402 548 vices,

183 583 259 642 Et
287 584 572 666 quoniam,
599 581 716 642 fieri
746 580 897 665 quod
922 605 1208 665 nunquam
1238 606 1400 665 posse
1422 582 1612 665 putavi
1628 599 1648 656 ,“

265 683 368 743 Est
395 680 494 741 tibi
521 679 586 741 de
615 679 781 740 rebus
809 678 1039 739 maxima
1069 702 1198 740 cura
1220 680 1384 751 meis;
1891 710 1945 753 7⁰

184 781 311 842 Non
339 793 421 840 est
451 777 601 862 quod
631 777 819 837 timeas
846 800 858 835 :
885 775 1100 835 fortuna
1130 775 1432 836 miserrima
1458 788 1648 836 nostra
1674 789 1755 835 est
1778 797 1791 847 ;

267 875 447 936 Omne
475 873 644 934 trahit
673 895 854 933 secum
885 871 1114 932 Caesaris
1141 871 1219 931 ira
1246 871 1467 932 malum.
1551 930 1561 940 ,

186 970 360 1052 Quod
386 968 558 1048 magis
586 982 650 1029 ut
674 967 907 1051 liqueat,
939 990 1072 1027 neve
1100 966 1208 1028 hoc
1237 966 1340 1027 tibi
1368 966 1570 1045 fingere
1599 965 1810 1040 credar,

263 1070 390 1151 Ipse
415 1066 577 1128 velim
604 1088 791 1150 poenas
819 1064 1092 1149 experiare
1117 1086 1279 1123 meas.

183 1217 230 1254 et
248 1206 385 1252 tribus
409 1206 499 1251 aliis
520 1206 693 1263 optimae
712 1213 839 1250 notae.
862 1205 1027 1250 Hssms.
1109 1207 1335 1247 miserrima
1354 1210 1496 1246 nostra
1522 1210 1597 1246 es!-
1637 1204 1747 1246 Tuta
1768 1212 1834 1247 es!
1857 1222 1952 1261 sex,

267 1270 333 1328 67.
380 1272 664 1326 Humanoque
696 1285 848 1313 memor
872 1274 1021 1320 sortis,
1108 1275 1327 1323 septemve
1350 1274 1528 1309 veteres.
1549 1267 1679 1310 Forte
1698 1284 1706 1309 :
1725 1287 1744 1303 e·
1765 1268 1862 1310 Non
1885 1285 1951 1323 es,

183 1350 270 1393 qua
299 1343 376 1379 ete.
407 1333 660 1388 Juvenalis,
698 1332 786 1376 Sat.
806 1345 895 1382 vn,
920 1348 1027 1375 vers.
1110 1347 1240 1388 quem
1265 1331 1441 1374 timeam
1470 1331 1676 1374 :fortuna
1709 1332 1952 1376 miserrima

188 1413 263 1458 ¹97
289 1413 336 1454 sq
355 1413 367 1442 ι
390 1414 411 1435 «
440 1396 488 1441 Si
506 1395 683 1440 fortuna
712 1396 855 1451 volet,
876 1394 953 1439 fies
974 1395 1028 1438 de
1110 1405 1202 1440 tuta
1220 1404 1296 1440 est.
1315 1415 1335 1434 »ι
1352 1397 1480 1439 Pont.
1499 1396 1568 1439 lib.
1584 1397 1650 1449 11,
1673 1396 1790 1452 meg.
1810 1411 1861 1451 11,
1880 1398 1926 1440 31
1947 1414 1958 1441 :

185 1462 359 1508 rhetore
373 1461 544 1514 mmuh
564 1461 612 1506 Si
627 1462 739 1506 volet
752 1461 843 1506 haec
857 1461 1026 1517 eadem,
1112 1479 1133 1498 «
1156 1460 1271 1504 Tuta
1292 1468 1442 1517 petant
1463 1460 1530 1502 31ἰί
1551 1476 1561 1503 :
1584 1459 1759 1504 fortuna
1787 1462 1950 1505 miser—

185 1527 263 1571 fies
274 1526 326 1571 de
339 1526 511 1571 consule
524 1525 693 1580 rhetor;
707 1545 728 1565 ³»
742 1526 907 1584 etVirg.
923 1526 1028 1570 AEn.
1109 1524 1219 1568 rima
1247 1534 1337 1568 tuta
1359 1533 1448 1576 ειη
1477 1525 1588 1568 Nam
1617 1525 1747 1567 timor
1769 1536 1953 1569 eventus

184 1591 256 1637 lib.
272 1593 362 1646 XI,
385 1593 464 1648 426
476 1609 548 1651 sq:
569 1611 590 1631 «
605 1593 764 1637 multos
779 1593 943 1637 alterna
955 1610 1029 1637 re-
1109 1592 1336 1637 deterioris
1357 1592 1487 1636 abest.
1505 1611 1525 1630 υ
1545 1592 1709 1636 Hzms.

186 1656 325 1702 visens
345 1657 491 1715 Lusit,
516 1659 619 1703 etin
632 1658 766 1703 solido
779 1674 926 1703 rursus
937 1657 1028 1701 sor·
1164 1658 1346 1715 73.Neoe
1358 1659 1436 1699 hoc
1448 1658 1686 1713 egofingere
1703 1659 1858 1700 credar.
1881 1658 1955 1699 Te·-

187 1731 293 1767 tuna
305 1722 469 1767 locavit.
491 1740 516 1762 »
1107 1726 1157 1766 bi
1178 1726 1327 1767 credar
1356 1722 1512 1766 rectius
1545 1722 1634 1765 duo
1665 1731 1832 1767 veteres
1859 1738 1955 1767 :me

243 1802 306 1842 7¹·
324 1787 419 1832 Non
441 1796 508 1832 est
525 1790 639 1845 quod
657 1791 806 1832 timeas
826 1805 838 1832 .-
849 1787 1029 1843 sortuna
1107 1791 1258 1832 credas
1275 1788 1510 1832 Leidensis.
1533 1790 1698 1833 Hnms.

746 2044 1135 2115 ELEGIA
1180 2045 1370 2115 XII.

736 2307 1404 2365 ARGUMENTUM.

190 2440 438 2498 Frigoribus
469 2440 628 2498 pulsis,
660 2440 805 2485 adesse
839 2458 1025 2486 vernum
1056 2450 1252 2499 tempus,
1276 2442 1400 2498 cujus
1428 2440 1746 2498 jucunditatem
1775 2458 1827 2486 ex
1858 2442 1954 2487 loco

244 2509 550 2571 adjunctorum
570 2507 695 2552 latius
715 2508 916 2552 describit
935 2525 945 2552 t
966 2509 1264 2565 incipiuntque
1284 2509 1414 2552 etiam
1440 2518 1582 2553 nautae
1602 2519 1706 2554 tunc
1725 2511 1952 2568 navigare3

243 2579 345 2636 qui,
371 2579 407 2623 si
425 2580 471 2623 in
489 2579 711 2640 Scythiam
733 2580 1014 2636 pervenerint
1031 2613 1042 2634 ,
1064 2596 1106 2623 se
1127 2579 1205 2623 illis
1228 2578 1329 2623 dicit
1349 2581 1580 2625 obcurrere
1595 2614 1607 2636 ‚
1628 2591 1677 2625 ut
1696 2581 1825 2626 abhis
1846 2599 1950 2626 cer-

243 2649 330 2691 tior
349 2649 426 2692 fiat
444 2649 497 2693 de
517 2649 698 2694 Caesaris
717 2649 961 2706 triumphis.
984 2649 1119 2705 Quod
1140 2650 1173 2693 si
1193 2651 1287 2707 quis
1302 2650 1460 2707 aliquid
1482 2651 1645 2695 referre
1660 2653 1800 2709 potuit
1815 2685 1828 2706 ,
1843 2667 1954 2709 pro-

242 2718 359 2763 tinus
379 2736 402 2763 a
423 2728 550 2777 poeta
571 2719 753 2763 domum
781 2720 953 2764 ducitur
969 2753 980 2775 ,
1016 2721 1150 2778 fitque
1175 2722 1268 2777 ejus
1292 2721 1445 2777 hospes
1471 2739 1480 2766 :
1507 2733 1707 2779 precatur
1737 2723 1916 2767 demum
1935 2756 1948 2777 ,

242 2798 292 2834 ut
313 2790 468 2835 domus
481 2824 494 2846 ,
517 2807 645 2848 quam
668 2791 851 2835 habebat
871 2793 914 2835 in
935 2792 1109 2852 Scythia
1126 2825 1138 2847 ,
1159 2809 1250 2835 non
1270 2794 1325 2837 sit
1341 2803 1548 2851 perpetua
1563 2804 1700 2852 poetae
1711 2795 1854 2851 sedes,
1875 2794 1951 2840 sed

243 2860 477 2919 hospitium
492 2895 505 2919 ‚
521 2872 583 2907 ut
604 2862 833 2920 aliquando
856 2864 902 2906 in
925 2863 1107 2920 patriam
1129 2863 1292 2907 redeat.

194 2986 547 3075 FRIGORA.
558 3016 664 3096 jam
698 3015 932 3099 Zephyri
962 3016 1245 3090 minuunt,
1277 3041 1529 3102 annoque
1558 3033 1781 3101 peracto

273 3108 514 3186 Longior
541 3113 781 3194 antiquis
808 3112 922 3172 visa
948 3113 1166 3173 Maeotis
1193 3113 1381 3196 hyems
1404 3139 1416 3173 ε

250 3259 287 3287 3.
323 3244 504 3299 Longior
529 3250 712 3302 antiquis
740 3251 835 3291 mlta
865 3249 1031 3292 Moeotis
1110 3266 1193 3293 nus
1219 3252 1434 3306 Largior,·
1461 3250 1757 3295 Bersmannus
1798 3255 1951 3294 meam

195 3309 347 3366 hyems.
365 3309 488 3353 Latet
507 3311 741 3365 mendum
764 3315 941 3357 Tot-dior
949 3332 1031 3358 an·
1111 3319 1251 3374 hyems
1271 3332 1284 3359 .·
1320 3315 1435 3360 forte
1468 3318 1640 3368 Bootis,
1691 3316 1759 3360 vel
1797 3318 1948 3360 Bomi-

195 3378 311 3431 te‘qua
333 3376 478 3431 priscae
503 3376 742 3437 editiones5
766 3379 1032 3427 Arondelia-
1111 3384 1275 3441 hyems,
1301 3390 1351 3427 ut
1371 3380 1487 3428 infra
1505 3382 1531 3426 Ι.
1552 3383 1636 3441 IV,
1653 3382 1720 3426 ΕΙ·
1741 3395 1855 3435 Vm,
1873 3383 1945 3435 4¹,
