2280 3776
507 249 961 314 'TRISTIUM
1002 254 1165 312 LIB.
1215 256 1288 313 V.
1334 256 1585 314 ELEG.
1633 260 1786 315 XII.

1925 263 2035 338 2139

829 529 1217 601 ELEGIA
1264 530 1452 601 XII.

817 794 1487 852 ARGUMENTUM.

265 927 422 972 Amico
442 929 635 975 hortanti
654 939 703 975 ut
723 929 882 988 aliquid
902 930 1136 986 scriberet,
1152 922 1388 988 respondet
1409 939 1559 989 poeta,
1573 947 1804 990 causasque
1821 933 2034 992 adsignat,

317 1013 396 1042 cur
409 997 450 1041 id
467 998 544 1043 sibi
564 998 706 1043 facere
727 1013 817 1042 non
837 997 972 1043 liceat.
991 998 1189 1042 Demum
1210 998 1422 1053 ostendit,
1440 1015 1483 1043 se
1498 1016 1587 1043 non
1607 1016 1727 1058 posse
1745 1002 1911 1056 teneri,
1930 1004 2036 1059 quin

315 1083 490 1126 semper
510 1067 672 1126 aliquid
692 1077 952 1126 componat,
981 1068 1218 1126 composita
1239 1083 1343 1111 vero
1361 1067 1449 1125 igni
1470 1068 1709 1113 comburat.

262 1193 591 1291 SCRIBIS,
622 1235 687 1282 ut
714 1219 984 1281 oblectem
1010 1220 1195 1281 studio
1226 1219 1573 1303 lacrymabile
1607 1236 1854 1304 tcmpu5‚

338 1312 421 1372 Ne
448 1329 672 1396 pereant
700 1315 845 1398 turpi
875 1329 1097 1399 pectora
1124 1328 1311 1375 nostra
1343 1314 1471 1375 situ.

258 1405 494 1471 Difficile
523 1425 632 1485 est,
664 1413 845 1495 quod,
874 1412 1067 1485 amice,
1093 1434 1310 1483 mones;
1336 1410 1464 1493 quia
1490 1412 1725 1473 carmina
1751 1411 1932 1474 laetum

339 1505 484 1567 Sunt
512 1530 685 1592 opus,
722 1523 776 1569 et
803 1532 991 1593 pacem
1016 1508 1216 1569 mentis
1245 1507 1447 1569 habere
1479 1506 1687 1569 volunt.

256 1601 461 1663 Nostra
483 1625 583 1686 per
611 1604 862 1666 adversas
891 1606 1073 1683 agitur
1098 1605 1321 1666 fortuna
1349 1603 1647 1688 procella3‚

339 1698 498 1760 Sorte
525 1725 628 1762 nec
658 1701 770 1763 ulla
798 1726 916 1763 mea
947 1702 1160 1762 tristior
1189 1725 1304 1762 esse
1335 1716 1538 1784 potest.

254 1791 477 1874 Exigi3‚
509 1811 572 1858 ut
602 1796 852 1860 Priamus
882 1812 1138 1858 natorum
1168 1798 1226 1857 in
1254 1795 1441 1857 sunere
1470 1795 1648 1867 ludat,

335 1894 410 1954 Et
436 1895 619 1957 Niobe
646 1895 817 1957 festos
850 1896 1013 1957 ducat
1044 1910 1106 1955 ut
1138 1895 1270 1955 orba
1301 1895 1515 1955 choros.

251 1989 552 2065 Luctibus»,
582 2018 652 2055 an
683 1994 868 2056 studio
898 1992 1087 2053 videor
1116 1990 1315 2053 debere
1342 1991 1544 2063 teneri,

260 2168 261 2171 Ἴ
329 2088 497 2152 Solus
525 2091 582 2150 in
611 2106 882 2152 extremos
909 2090 1094 2171 jussus
1122 2088 1274 2148 abire
1309 2089 1517 2148 Getas?
1986 2118 2033 2144 ι..

252 2187 365 2250 Des
390 2184 518 2250 licet
544 2189 631 2249 hic
658 2189 840 2250 valido
871 2203 1066 2273 pectus
1095 2187 1231 2248 mihi
1261 2186 1463 2247 robore
1491 2184 1692 2246 fultum
1712 2232 1726 2258 ‚

306 2341 344 2382 5.
365 2334 448 2381 Pe‘t
461 2340 660 2381 adversas
669 2341 810 2392 agitur
815 2335 1005 2391 sot-tuna.
1019 2336 1095 2380 Ni-

250 2402 310 2446 hil
329 2402 601 2459 frequentius
614 2401 778 2446 ovidio
791 2434 803 2455 ,
827 2417 958 2458 quam
978 2417 1095 2446 con-

250 2469 462 2514 ditionem
479 2484 600 2511 suam
616 2481 869 2524 comparare
885 2483 984 2510 cum
1002 2482 1099 2523 pro·

249 2534 386 2589 celiis,
409 2533 735 2590 tempestatibus
751 2565 763 2585 ‚
786 2541 865 2575 etc.
891 2532 940 2575 Ρ.

304 2616 340 2658 7.
363 2602 557 2643 Ph‘amus
579 2607 768 2642 'talorum
787 2599 939 2654 funere
963 2600 1095 2641 ludat.

249 2667 440 2709 plaudat
450 2673 566 2708 recte
581 2672 763 2707 vetustae
772 2662 987 2706 editiones
994 2677 1095 2706 cum

244 2730 377 2787 prim.
394 2729 528 2773 Patat.
550 2727 677 2785 prim.
704 2727 899 2770 Vatican.
923 2735 966 2769 et
999 2742 1097 2782 qua·

250 2800 352 2835 tuor
367 2793 460 2836 aliis
482 2793 676 2835 melioris
702 2801 831 2835 notae.
846 2791 906 2834 H.
926 2814 980 2822 —
1002 2790 1096 2847 Ego

249 2857 422 2913 reduxi,
443 2861 582 2903 lua'at.
608 2856 724 2913 quod
736 2873 787 2899 ex
802 2856 982 2911 antiquo
995 2856 1097 2899 scri-

251 2930 327 2978 pto
365 2932 586 2980 receperat
626 2924 661 2966 F
663 2920 1020 2970 rancosurtensis;
1052 2929 1096 2964 et

251 2987 408 3032 melius
443 2990 679 3047 respondet
709 2988 935 3046 sequenti,
970 2991 1102 3030 ducat

248 3057 398 3098 choros
421 3070 434 3098 .·
451 3058 592 3099 ludere
613 3056 734 3098 enim
756 3064 821 3098 est
840 3053 994 3097 saltare
1013 3086 1024 3107 ‚
1048 3061 1097 3096 ut

249 3118 547 3174 Metamorph.
562 3121 647 3172 111,
663 3120 756 3163 685.
773 3116 950 3163 Praetuti
962 3118 1096 3161 etiam

248 3192 435 3227 natorum
449 3190 494 3227 in
511 3185 667 3238 funere
686 3201 789 3228 cum
808 3184 1069 3228 Lovaniensi
1082 3217 1095 3238 ,

249 3256 298 3291 ut
320 3247 505 3292 Remed.
537 3249 638 3291 Am.
667 3249 765 3305 137,
797 3268 818 3287 κ
850 3249 965 3304 Quis
991 3263 1096 3290 ma-

248 3321 364 3357 trem
379 3346 390 3368 ,
412 3314 494 3357 nisi
513 3314 672 3358 mentis
695 3314 844 3371 inops,
866 3314 914 3358 in
934 3314 1094 3358 funere

251 3379 341 3421 nati
361 3379 485 3444 Flere
503 3387 632 3422 vetet.
649 3396 670 3416 »

1233 2337 1271 2378 8.
1297 2337 1447 2378 Festos
1466 2335 1627 2376 choros.
1650 2330 1828 2374 Chorus
1851 2330 2023 2374 multo-

1177 2417 1277 2445 rum
1292 2399 1469 2444 vocibus
1484 2407 1678 2452 constat,
1697 2407 1745 2441 ut
1759 2396 1919 2440 docent
1937 2397 2028 2441 Se-

1182 2482 1289 2510 neca
1306 2475 1352 2509 et
1374 2464 1641 2508 Macrobius.

1232 2550 1271 2592 9.
1304 2534 1507 2574 Luctibus
1521 2563 1532 2577 .
1555 2548 1612 2573 aa
1637 2531 1776 2572 studio
1793 2531 1937 2571 videor
1955 2531 2032 2572 de-

1176 2600 1269 2640 bere
1283 2601 1421 2639 teneri.
1437 2597 1598 2638 Studes
1611 2611 1669 2637 un
1676 2611 1724 2638 us
1741 2594 1878 2637 Vatic.
1897 2594 2029 2650 Lege,

1178 2663 1361 2704 Lusibus
1384 2678 1442 2703 an
1462 2663 1601 2703 studii
1617 2676 1629 2702 .·
1647 2662 1831 2702 studium
1862 2667 1907 2702 et
1929 2658 2029 2701 aiibi

1178 2742 1258 2782 pro
1289 2725 1436 2770 studio
1458 2726 1633 2781 poetico
1661 2724 1789 2778 dixit,
1819 2733 1869 2766 ut
1900 2739 2029 2780 supra

1177 2791 1249 2834 lib.
1266 2791 1325 2844 V,
1345 2790 1466 2847 Eleg.
1480 2804 1497 2833 1
1513 2823 1525 2844 ,
1544 2806 1657 2842 vers,
1671 2790 1726 2844 34
1741 2822 1754 2842 ,
1781 2808 1802 2826 ι(
1826 2789 1915 2831 Tot
1935 2804 2028 2830 ma·

1178 2856 1217 2899 la
1251 2855 1510 2910 pertulimus
1526 2887 1539 2908 ,
1579 2870 1770 2910 quorum
1809 2852 2028 2896 medicina

1178 2920 1386 2976 quiesque
1414 2920 1540 2963 Nulla
1556 2952 1568 2972 ,
1591 2919 1672 2962 nisi
1701 2920 1748 2962 in
1767 2918 1912 2962 studio
1934 2927 1999 2961 est
2014 2949 2026 2971 ‚

1178 2984 1498 3040 Pieridumque
1519 3000 1654 3028 mora.
1676 3003 1697 3022 »
1716 2984 1775 3026 H.

1236 3067 1252 3091 1
1265 3066 1297 3092 1.
1317 3052 1409 3091 Des
1430 3054 1531 3092 lae'cet
1541 3050 1728 3091 invalido
1743 3055 1891 3101 pectus
1910 3048 2026 3089 mt'hi.

1178 3115 1296 3158 Mihi
1316 3113 1518 3156 invalido.
1540 3113 1630 3157 Sed
1651 3113 1810 3156 rectius
1826 3110 1940 3168 legas
1957 3113 2028 3153 l11‘c

1177 3183 1320 3224 valido
1347 3197 1358 3222 ,·
1389 3179 1487 3233 hic,
1520 3178 1635 3235 apud
1665 3177 1799 3220 Getas
1823 3193 1833 3220 ι
1867 3176 2028 3219 deinde

1177 3262 1305 3290 versu
1337 3246 1534 3302 proximo
1558 3260 1637 3300 pro
1672 3244 1812 3302 Anyti
1839 3247 1920 3296 mi,
1948 3258 2029 3284 re—

1176 3327 1292 3368 pone
1327 3327 1395 3353 reo
1422 3326 1523 3353 cum
1554 3308 1680 3366 prim.
1714 3308 1854 3352 Vatic.
1888 3307 2030 3350 Com-

1181 3379 1328 3432 biano,
1352 3375 1678 3431 Rottendorph.
1699 3375 1760 3418 H.
