2280 3776
667 481 915 567 NIC.
992 481 1596 568 HEINSIUS

392 702 803 775 JACOBO
854 700 1354 773 AUGUSTO
1405 699 1887 805 ΤΗυΑΝο,

254 906 422 939 (ΖΟΜΙΤῙ
457 907 655 948 MELAEO,
686 904 892 938 SENA'rus
927 903 1165 936 PARumsls
1202 904 1429 945 PnAEsnu,
1472 904 1582 936 REGI
1616 903 2025 935 emusrulussnxo

387 988 415 1020 Δ
440 990 687 1033 CONSILIIS,
712 991 770 1021 ΕΤ
791 989 1003 1021 moenum
1027 988 1150 1021 Aput)
1171 987 1452 1020 FOEDERATOS
1484 989 1652 1021 BELGAs
1671 987 1890 1020 oaA'rom.

259 1385 624 1472 EFFIGIES
650 1434 851 1490 magno
879 1410 1163 1494 virtusque
1194 1409 1470 1471 simillima
1501 1410 1646 1493 patri
1665 1456 1678 1480 ‚

285 1581 290 1589 ‘
340 1507 443 1568 Cui
473 1506 610 1566 nihil
638 1506 962 1589 aequandum
998 1505 1174 1567 Gallia
1203 1505 1361 1566 laude
1394 1503 1550 1577 tulit,

258 1604 462 1687 Accipe
481 1650 495 1675 ‚
531 1604 709 1682 gentis
738 1604 918 1664 honos
948 1618 998 1664 et
1032 1626 1156 1685 spes
1187 1627 1353 1686 super
1379 1627 1487 1663 una
1514 1603 1788 1674 Thuanae‚

340 1702 481 1780 Quae
510 1699 612 1758 tibi
652 1698 908 1778 Pelignus
938 1723 1162 1759 munera
1194 1700 1340 1760 sistit
1365 1723 1526 1777 ager;

259 1796 493 1870 Munera
516 1842 528 1865 ‚
563 1818 682 1877 quae
709 1793 935 1877 lympha
962 1796 1224 1854 saturavit
1257 1794 1529 1877 Hyantide
1558 1795 1762 1878 Paeanff

339 1890 567 1950 Nectare
595 1890 746 1971 pavit
776 1893 950 1949 Amor
977 1914 1098 1950 cum
1128 1891 1396 1968 genetrice
1418 1914 1552 1950 suo:

259 1990 325 2048 In
353 1988 795 2071 quibus'eloquii
827 1989 1049 2071 pondus
1076 1990 1359 2072 roburque
1387 1988 1570 2050 Latini

341 2083 558 2156 Certat,
587 2098 640 2143 et
669 2084 858 2144 Actaeo
886 2083 1122 2144 blandus
1150 2085 1218 2144 ab
1252 2084 1385 2145 orbe
1415 2082 1584 2166 lepor.

259 2181 501 2260 Ingeniis
528 2206 699 2264 quum
731 2184 909 2242 Roma
937 2182 1051 2242 suis
1080 2205 1246 2264 super
1269 2183 1469 2241 aethera
1498 2180 1686 2241 tendat
1703 2227 1718 2253 ‚

345 2277 536 2338 Gloria
564 2279 771 2339 Nasoni
800 2278 981 2338 debita
1010 2278 1187 2360 prima
1217 2300 1338 2336 meo
1370 2291 1467 2337 est.
1996 2309 2044 2336 ιο

263 2372 624 2434 Dissimulata
653 2373 901 2456 quidem,
931 2372 1130 2456 vixque
1160 2371 1504 2451 agnoscenda
1522 2421 1536 2445 ‚
1570 2373 1666 2435 sed
1692 2373 1824 2434 artis

344 2469 587 2530 Maxima
614 2468 696 2529 vis
727 2469 900 2530 tacitae
925 2491 1091 2551 seque
1116 2469 1349 2547 tegentis
1381 2471 1549 2532 adest.

264 2568 377 2627 Nec
402 2566 582 2625 minor
614 2565 822 2642 ingenii
850 2565 1135 2647 praesentia
1158 2588 1171 2635 ;
1198 2564 1425 2649 limpida
1453 2590 1599 2627 venae

347 2662 551 2723 Divitis
578 2662 803 2723 ubertas
820 2709 835 2735 ‚
864 2661 1298 2746 perspicuusque
1324 2663 1488 2723 nitor.

269 2760 476 2843 Copia,
508 2758 777 2819 luxuriem
806 2782 927 2840 quae
950 2773 1107 2818 cauta
1137 2774 1379 2820 coereeat
1408 2784 1651 2834 omnem,
1997 2781 2045 2822 15

347 2856 553 2939 Nilque
572 2903 586 2929 ‚
616 2878 1008 2938 supervacuum
1041 2855 1189 2937 quod
1221 2855 1498 2928 videatur,
1531 2870 1690 2915 amet.

273 2954 435 3013 Musa
465 2954 596 3014 satis
622 2952 753 3013 felix
780 2952 976 3012 nativae
1001 2974 1224 3011 munere
1252 2951 1439 3012 formae

350 3050 599 3129 Negligit
622 3050 884 3110 adscitam
913 3047 1076 3132 plena
1105 3047 1317 3109 decoris
1346 3072 1523 3130 opem.

273 3147 532 3206 Concitat
559 3147 833 3219 adfectus,
863 3160 918 3206 et
945 3146 1004 3204 in
1034 3143 1430 3206 altam‘labitur
1456 3169 1639 3206 aurem

359 3244 546 3305 Gratia
573 3243 847 3304 flexanimi
872 3266 986 3301 non
1015 3240 1278 3301 imitanda
1308 3241 1447 3300 soni.
2001 3276 2054 3303 ρο

275 3341 588 3402 Ambrosiis
615 3354 832 3401 saturos
862 3337 1130 3421 dapibu3‚
1164 3338 1455 3421 Genioque
1479 3336 1699 3399 litantes

360 3436 695 3498 Crediderim
729 3436 974 3520 Superos
1000 3435 1101 3495 hac
1133 3458 1234 3513 ego
1263 3458 1395 3495 voce
1418 3432 1589 3516 loqui.
