2268 3848
285 316 355 372 90

749 300 816 353 Ρ.
864 301 1158 357 OVIDII
1199 300 1578 358 NASONIS

364 414 409 473 F
410 412 625 492 ingere;
652 413 944 475 damnosos
975 416 1267 495 effugiasve
1297 441 1487 490 cane53

283 510 510 570 Tessera
538 528 676 594 quot
701 536 958 573 numeros
987 513 1217 600 habeat3
1248 515 1483 576 distante
1513 529 1709 575 vocato

1960 533 2040 590 475

363 604 585 664 Mittere
618 630 727 687 quo
755 606 970 679 deceat,
1005 631 1116 690 quo
1148 609 1271 669 dare
1299 610 1463 670 missa
1492 609 1696 681 mod0;

282 698 541 759 Discolor
568 715 631 759 ut
658 715 806 762 recto
836 718 1110 781 grassetur
1130 704 1301 766 limite
1327 705 1514 779 miles,

366 793 554 870 Quum
581 795 793 855 medius
821 798 1040 873 gemino
1068 797 1308 860 calculus
1336 800 1494 860 hoste
1523 800 1695 882 perit3

281 892 362 949 Ut
388 914 542 967 mage
571 890 706 952 velle
740 893 895 975 sequi
923 894 1057 954 sciat
1076 940 1090 966 ‚
1124 909 1178 954 et
1199 919 1449 955 revocare
1474 895 1748 978 priorem3

359 987 442 1047 Ne
472 1002 593 1047 tuto
625 988 846 1067 fugiens
878 990 1231 1050 incomitatus
1258 1005 1380 1051 eat:

281 1083 451 1143 Parva
481 1084 633 1145 sedet
660 1086 828 1145 ternis
856 1086 1123 1146 instructa
1155 1084 1351 1146 tabella
1378 1084 1615 1168 lapillis;

362 1182 428 1239 In
459 1205 566 1263 qua
592 1181 783 1241 vicisse
812 1197 918 1255 est,
950 1183 1294 1243 continuasse
1323 1205 1470 1242 suos.

280 1336 398 1381 unde
432 1353 455 1380 a
486 1337 634 1381 Persio
666 1337 815 1381 dexter
852 1338 1090 1395 appellatur
1109 1356 1120 1382 ι

279 1402 501 1446 interdum
537 1404 768 1446 damnosus
796 1435 807 1456 ,
841 1411 892 1445 ut
929 1402 1124 1459 designat

279 1467 558 1524 Tranquillus
582 1469 625 1511 in
652 1468 858 1525 Augusto,

329 1534 422 1589 474.
435 1536 590 1586 ffi‘gcre.
607 1535 777 1587 Fingere
794 1535 986 1591 plerique
1001 1544 1123 1579 vete-

276 1613 358 1640 res.
384 1598 549 1640 HEINS.
569 1621 622 1630 -
643 1598 772 1642 Talos
800 1598 940 1642 Graeci
969 1601 1121 1663 8:527,oe—

277 1666 411 1719 γάλους
429 1671 610 1717 vocant,
634 1664 861 1723 ipsumque
880 1666 1032 1711 ludum
1048 1670 1119 1713 οἱσ-

277 1734 514 1789 τραγαλίζειν
533 1761 544 1782 ,
576 1737 620 1771 et
654 1731 855 1792 ἄστρίζειν.
882 1731 997 1776 Sunt
1034 1750 1121 1776 au-

279 1800 369 1835 tem
394 1793 522 1836 unius
543 1794 615 1838 tali
642 1794 915 1851 superficies,
947 1797 1034 1840 sive
1052 1798 1122 1841 fa-

278 1859 364 1903 cies
382 1867 596 1916 quatuor:
616 1876 803 1916 quarum
824 1861 962 1918 prima
980 1894 992 1916 ‚
1024 1878 1121 1919 quae

277 1934 322 1968 et
331 1924 543 1968 unitatem
552 1925 761 1981 significat
773 1957 784 1980 ,
801 1929 897 1969 κύων
908 1958 921 1980 ,
937 1925 1020 1969 hoc
1033 1934 1120 1980 est,

281 1992 433 2039 Cam,
459 1999 504 2033 et
528 2001 611 2045 χῖος
631 1991 734 2034 item
750 2024 762 2046 ,
787 1991 1021 2035 dicebatur.
1044 1992 1121 2035 Illa

278 2063 425 2099 autem
444 2071 539 2111 quae
560 2055 658 2099 huic
680 2055 873 2113 opposita
894 2065 1022 2112 atque
1044 2056 1123 2099 ad-

277 2117 399 2162 versa
412 2128 526 2174 erat,
549 2124 672 2175 ἑξίτης
685 2152 697 2174 ,
718 2121 800 2164 boc
820 2130 907 2176 est,
927 2124 1061 2173 Senio,
1078 2131 1123 2165 et

278 2190 370 2233 κῶας
388 2184 495 2227 item
509 2217 520 2239 ,
540 2183 718 2242 reliquae
731 2182 828 2229 duae
842 2188 1035 2230 numeris
1046 2203 1123 2230 no-

278 2250 504 2304 tabantur,
527 2251 718 2293 ternario
738 2261 868 2308 puta,
891 2261 935 2295 et
955 2262 1123 2309 quater-

279 2319 404 2363 nario
428 2352 440 2374 ,
476 2335 579 2362 nam
615 2320 807 2364 binarius
829 2329 872 2364 et
898 2321 1122 2377 quinarius

278 2400 488 2428 numerus
509 2385 555 2427 in
576 2385 668 2428 talis
687 2402 777 2428 non
798 2396 924 2430 erant
944 2404 955 2432 :
974 2396 1123 2431 auctor

278 2450 433 2494 Pollux
447 2483 459 2504 ‚
485 2450 557 2492 lib.
577 2451 654 2495 lx.
675 2451 847 2495 MICYI..

331 2516 424 2572 475.
455 2517 629 2558 Tessera
649 2524 745 2572 quot
762 2520 918 2560 habeat
935 2533 1124 2560 numeros

278 2587 359 2622 etc.
380 2579 519 2622 Locus
539 2579 608 2624 hic
628 2580 852 2623 obscurior
872 2590 934 2624 est
951 2613 962 2635 ‚
986 2590 1029 2623 et
1050 2580 1124 2633 nbi

275 2642 441 2688 facilius
458 2643 515 2688 sit
536 2643 716 2687 aliorum
738 2644 1024 2700 expositiones
1044 2661 1126 2687 re-

275 2708 455 2763 fellere,
478 2724 608 2765 quam
640 2716 802 2751 certam
831 2708 1015 2765 aliquam
1044 2708 1123 2751 ad-

274 2772 394 2828 ferre
420 2790 430 2817 ε
458 2782 687 2831 propterea
724 2773 840 2831 quod
875 2774 1013 2817 multo
1046 2774 1126 2817 alia

277 2837 390 2882 ratio
420 2837 600 2881 ludendi
629 2846 828 2881 veterum
857 2838 968 2891 fuit,
995 2846 1125 2894 atque

279 2918 398 2946 nunc
422 2911 499 2946 est.
521 2902 722 2946 Primum
746 2902 863 2946 enim
891 2918 1023 2958 quem
1043 2916 1125 2945 'nu-

275 2984 429 3010 merum
441 2970 662 3010 deletantem
681 2965 905 3009 dicemus?
926 2966 1005 3009 nisi
1023 2982 1131 3008 eum

239 3032 242 3036 ’
275 3033 392 3076 forte
414 3031 670 3087 accipiamus
686 3064 698 3086 ,
723 3031 793 3087 qui
816 3048 866 3074 ex
892 3031 1026 3074 tribus
1046 3046 1131 3073 re·-

277 3094 632 3151 liquis-dissimilis
647 3111 695 3139 ac
709 3094 919 3138 differens
929 3094 996 3138 sit.
1011 3094 1134 3137 Mic„

277 3183 332 3193 --
350 3163 460 3214 Quot
470 3164 627 3204 habeat
636 3177 836 3204 numeros.
857 3164 968 3215 Quot
981 3175 1130 3202 nume-

280 3240 348 3266 ms
364 3228 521 3269 habeat
535 3242 636 3269 cum
650 3225 814 3283 scriptis
828 3258 840 3280 ‚
856 3241 911 3268 ne
928 3231 1141 3281 peccetur:

285 3288 332 3331 in
346 3287 459 3344 leges
474 3288 617 3332 metri.
635 3290 695 3332 H.

337 3356 430 3411 477.
450 3355 792 3398 Dtlrcolormiles.
807 3354 1009 3399 Calculus
1031 3362 1142 3397 tuus

293 3416 449 3464 diversi
463 3419 624 3465 coloris.
640 3421 754 3466 Nam
775 3420 948 3473 calculi,
972 3435 1050 3466 seu
1071 3419 1132 3462 la·-

1202 1347 1349 1382 trones
1371 1338 1477 1381 olim
1496 1334 1660 1382 fiebant
1682 1354 1734 1382 ex
1755 1337 1868 1382 vitro
1885 1370 1897 1391 ,
1926 1345 1969 1380 et
1999 1338 2044 1380 in

1203 1406 1309 1449 duas
1341 1414 1482 1462 partes
1516 1404 1672 1448 diversi
1708 1404 1862 1448 eoloris
1895 1403 2015 1445 divisi
2034 1420 2045 1454 ;

1203 1472 1275 1515 alii
1297 1471 1569 1528 appellantur
1588 1471 1747 1515 milites
1765 1502 1776 1523 ,
1802 1470 1871 1513 alii
1892 1469 2048 1513 hostes.

1206 1540 1445 1581 Grassetur.
1460 1536 1693 1580 insidietur
1703 1535 1831 1589 hosti,
1846 1534 1951 1577 dum
1963 1535 2047 1576 mi·-

1202 1594 1262 1645 les
1283 1601 1578 1658 deprehensus
1598 1600 1831 1644 obsidetur.
1849 1622 1903 1632 —
1915 1601 2047 1642 Recio

1200 1670 1339 1709 limite.
1356 1666 1491 1710 Recta
1505 1674 1550 1709 et
1559 1673 1707 1723 aperta
1720 1664 1787 1708 via
1797 1696 1810 1719 ‚
1829 1679 1887 1722 ne
1899 1663 2048 1706 videa-

1202 1740 1275 1774 tur
1295 1730 1486 1786 grassari.

1258 1796 1348 1853 478.
1369 1797 1503 1850 Quum
1514 1796 1675 1837 medius
1683 1797 1847 1850 gemino
1861 1796 2048 1836 calculus

1201 1867 1321 1907 hoste
1346 1867 1467 1918 perit.
1492 1862 1720 1907 Falluntur
1741 1861 1813 1919 qui
1835 1860 2048 1919 ,eumdem

1202 1929 1356 1971 ludum
1377 1944 1466 1971 esse
1493 1934 1648 1984 putant
1667 1941 1768 1969 eum
1796 1925 1848 1968 de
1873 1941 1959 1982 quo
1979 1925 2049 1968 hic

1203 1993 1375 2047 dieitur,
1388 1993 1510 2050 etqui
1521 2001 1667 2036 nostra
1682 2000 1803 2035 aetate
1817 1990 2045 2043 senochias,

1202 2069 1246 2104 et
1258 2060 1415 2104 veteris
1427 2056 2049 2112 imitatione,latrunculorum

1202 2134 1379 2169 vocatur
1396 2142 1407 2176 ;
1429 2124 1475 2167 id
1490 2123 1604 2181 quod
1621 2139 1671 2166 ex
1685 2123 1786 2179 ipsis
1796 2121 1936 2165 verbis
1950 2136 2052 2177 poe-

1203 2199 1257 2234 tae
1276 2189 1551 2246 intelligitur,
1570 2202 1706 2244 quum
1720 2185 1861 2242 inquit
1877 2217 1889 2238 ,
1917 2187 2050 2238 Quum

1201 2258 1360 2298 medius
1380 2260 1541 2311 gemitto
1566 2255 1756 2297 calculus
1778 2254 1897 2294 hoste
1913 2254 2046 2305 peria·

1202 2329 1246 2363 et
1258 2336 1431 2364 rursum
1451 2353 1463 2373 ‚
1484 2321 1573 2362 Nec
1593 2316 1860 2372 tulofitgt‘ens
1875 2319 2052 2358 incotm‘-

1201 2393 1315 2429 tatus
1332 2393 1412 2428 eat.
1436 2385 1608 2428 Mlcn.

1258 2452 1349 2510 479.
1387 2451 1448 2492 Ut
1475 2465 1594 2504 mage
1612 2450 1728 2492 velle
1753 2450 1881 2503 sequi.
1912 2445 2052 2487 Locus

1203 2515 1451 2557 mendosus.
1471 2513 1588 2556 Libri
1611 2512 1813 2555 meliores
1830 2543 1841 2563 ,
1867 2510 2054 2561 Ulmage

1202 2582 1304 2623 velle
1322 2595 1519 2635 sequens.
1551 2577 1619 2621 vel
1637 2580 1758 2619 male.
1783 2573 2051 2619 Combianus

1204 2661 1340 2699 maga.
1353 2645 1472 2687 H.—
1481 2645 1593 2687 Velle
1603 2645 1731 2698 sequi.
1747 2638 1869 2683 Velle
1882 2638 2050 2680 hostem

1204 2710 1247 2752 in
1253 2710 1372 2766 sequi
1378 2711 1504 2751 .-Et
1513 2708 1894 2760 revocaoeprt'orem.
1908 2702 2052 2744 Etre-

1203 2791 1356 2818 vocare
1386 2771 1706 2830 praecedentem
1732 2767 1942 2812 calculum
1958 2799 1970 2820 ‚
1993 2782 2058 2808 ne«

1203 2837 1318 2880 forte
1332 2853 1410 2892 per
1425 2832 1767 2890 imprudentiam
1782 2831 1950 2888 longius
1963 2828 2053 2872 ela-

1205 2918 1302 2959 psus
1316 2933 1328 2955 ,
1350 2901 1402 2942 ab
1421 2899 1613 2942 hostibus
1628 2897 1831 2954 capiatur.

1259 2967 1352 3019 480.
1368 2965 1457 3007 Nec
1470 2970 1571 3006 tuto.
1587 2965 1651 3006 Ne
1662 2961 1820 3005 rectius
1834 2959 2024 3016 quidam.

1261 3031 1353 3085 481.
1375 3032 1515 3072 Paroa
1533 3031 1653 3070 sedet
1668 3030 1807 3070 termlr.
1827 3028 1912 3069 Sed
1927 3030 2052 3068 inter-

1205 3097 1273 3137 πίε
1292 3094 1419 3150 prim.
1445 3092 1578 3136 Palae.
1602 3100 1644 3134 et
1670 3091 1796 3148 prim.
1817 3089 1955 3132 Vatic.
1980 3089 2057 3132 Nil

1206 3169 1326 3202 muta
1342 3176 1353 3210 3
1374 3159 1434 3202 sic
1452 3157 1845 3214 apud..1uvenalem
1861 3188 1872 3209 ,
1898 3154 1987 3198 Sat.
2002 3156 2022 3198 I
2039 3171 2051 3197 2

1208 3243 1230 3262 «
1252 3224 1440 3281 sportula
1461 3222 1604 3279 primo
1627 3223 1798 3266 Limine
1826 3235 1955 3277 parva
1982 3234 2051 3262 se·-

1207 3287 1308 3339 ‹let3
1331 3305 1352 3324 »
1375 3295 1419 3330 et
1432 3287 1584 3346 Satyra
1600 3287 1672 3339 Π,
1698 3303 1718 3322 «
1738 3284 1891 3340 ingens
1915 3280 2050 3324 Caena

1207 3351 1327 3395 sedet
1346 3370 1356 3404 ;
1376 3369 1396 3389 »ι
1418 3352 1476 3394 sic
1495 3359 1538 3393 et
1558 3349 1627 3393 alii
1643 3350 1872 3406 scriptores
1889 3362 1938 3391 ex
1955 3361 2050 3388 me—

1210 3415 1386 3461 lioribus
1402 3424 1551 3460 amant
1570 3414 1701 3470 loqui.
1720 3414 1778 3457 H.
