2280 3776
294 290 398 344 368

739 291 803 342 Ρ.
860 287 1167 342 OVIDII
1215 288 1604 347 NASONIS

374 405 499 463 Hoc
528 427 628 479 ego
661 417 713 462 te
741 402 896 462 laetor
921 404 1173 484 conjugis
1203 428 1318 466 esse
1343 430 1489 467 meae.

292 502 455 581 Quae,
489 524 555 560 ne
588 498 872 577 dissimilisx
894 499 996 559 tibi
1026 501 1093 560 sit
1124 501 1439 588 probitate,¹
1459 501 1710 575 laborat3

348 598 554 677 ,Seque
584 594 662 654 tui
697 595 802 653 vita
835 595 1114 674 sanguinis
1148 619 1263 658 esse
1293 597 1510 680 probat.

292 693 440 769 Ergo
458 736 471 761 ,
504 689 653 770 quod
682 688 859 749 suerat
888 688 1125 748 stimulis
1154 690 1363 751 factura
1397 693 1512 752 sine
1543 690 1697 763 ullis,

375 785 601 846 Plenius
632 799 906 846 auctorem
941 801 990 844 te
1025 810 1244 868 quoque
1271 803 1427 847 nacta
1456 788 1602 847 facit.
2007 817 2059 847 αι.

290 883 461 953 Acer,
494 896 548 940 et
576 882 642 941 ad
670 881 860 964 palmae
889 906 987 963 per
1018 906 1073 942 se
1104 906 1364 943 cursurus
1390 884 1656 956 honoreS‚

374 977 432 1036 Si
462 991 642 1037 tamen
668 977 939 1050 horteris,
973 976 1170 1038 fortius
1198 978 1306 1038 ibit
1328 978 1524 1062 equus,

293 1075 483 1147 Adde,
519 1076 668 1158 quod
695 1076 935 1135 absentis
967 1100 1092 1135 cura
1121 1077 1374 1138 mandata
1404 1077 1552 1137 fideli

375 1172 599 1234 Perficis
617 1221 630 1244 ,
666 1189 720 1234 et
745 1172 956 1233 nullum
983 1173 1121 1233 ferre
1152 1174 1391 1252 gravaris
1418 1198 1573 1235 onuS.

296 1271 348 1331 O
378 1271 620 1330 referant
648 1285 825 1348 grates
845 1317 859 1341 ,
894 1270 1150 1352 quoniam
1185 1295 1301 1330 non
1328 1294 1621 1354 possumus
1650 1271 1784 1354 ipsi,
2012 1287 2063 1327 25

373 1369 448 1428 Di
482 1367 617 1428 tibi!
652 1368 747 1451 qui
777 1367 1031 1448 referent,
1065 1369 1109 1429 si
1138 1368 1227 1451 pia
1257 1367 1398 1428 facta
1426 1366 1628 1428 vident}

294 1465 650 1547 Sufficiatque
679 1465 773 1524 diu
804 1489 1004 1547 corpus
1037 1489 1257 1552 queque
1283 1466 1532 1526 moribus
1562 1465 1710 1537 istis,

376 1562 620 1622 Maxima
648 1561 899 1621 Fundani
933 1560 1132 1639 gloria,
1162 1562 1340 1634 Rufe,
1372 1561 1491 1623 soli.

291 1715 412 1759 culus
426 1714 511 1757 fuit
521 1714 1017 1757 Hermiones.—-Hector
1029 1715 1136 1756 Iulo.

295 1782 464 1824 Hector
485 1781 621 1823 frater
638 1779 723 1822 fuit
758 1778 934 1823 Creusae
950 1811 962 1832 ,
998 1778 1141 1821 uxoris

293 1844 464 1897 AEneae,
475 1844 710 1886 avunculus
724 1842 910 1896 Ascanii,
925 1842 997 1898 qui
1010 1842 1142 1885 etiam

295 1909 415 1952 Iulus
450 1908 685 1965 adpellatus
715 1908 812 1950 fuit.
835 1931 889 1940 —·
911 1910 1143 1949 Hermiona·

299 1975 452 2016 Castor
455 1973 574 2027 fuit,
593 1975 753 2015 Hector
774 1975 881 2015 Iulo.
905 1975 1061 2014 Hector
1077 1975 1150 2013 ille·

296 2038 467 2080 Sarrav.
501 2037 616 2094 Lege
641 2039 754 2089 Iul1·;
794 2037 1014 2092 quomodo
1047 2036 1143 2078 Ar—

297 2113 414 2160 gent.
432 2112 476 2146 et
491 2101 666 2145 Combii
684 2135 694 2155 ,
711 2118 812 2145 cum
833 2100 1086 2144 Twisdenio
1100 2110 1144 2143 et

295 2171 549 2214 Barberino.
565 2171 809 2212 Hermiones
822 2177 1035 2225 praeterea
1045 2167 1144 2210 scri-

295 2236 492 2280 bendum
507 2227 607 2279 cum
622 2235 850 2279 Barberin.
872 2243 915 2278 et
934 2234 1142 2277 Juniano.

355 2318 371 2344 1
381 2319 416 2358 7.
439 2303 544 2355 Qua·
559 2316 610 2343 ne
623 2302 842 2343 dissmzm
855 2303 937 2342 tibi
944 2303 1013 2342 sit.
1029 2298 1072 2354 Q
1081 2315 1144 2342 uae

296 2381 395 2410 mea
420 2382 544 2419 uxor,
565 2375 613 2408 ut
630 2382 774 2409 mores
794 2374 892 2408 tuos
914 2363 1126 2407 imitetur.

359 2432 420 2474 18.
451 2432 561 2474 Esse
587 2435 654 2474 tut*
677 2435 910 2486 sanguinis.
944 2430 1047 2474 Esse
1082 2429 1146 2472 tui

249 2533 255 2536 Α
301 2497 671 2555 generis—Vita.
693 2496 806 2540 Vitae
828 2496 1052 2539 honestate
1067 2527 1079 2550 ,
1102 2503 1147 2538 et

301 2573 417 2610 recte
439 2563 626 2607 vivendo
641 2597 652 2617 ,
682 2572 731 2607 ut
750 2572 797 2607 tu
818 2563 933 2607 facis.

360 2629 421 2672 16,
442 2630 539 2672 Sine
562 2631 662 2671 ullis
683 2631 876 2673 stimultlr.
907 2627 1012 2671 Sine
1042 2635 1118 2670 tuo
1131 2659 1143 2682 ‚

1224 1726 1298 1761 aut
1317 1718 1574 1773 cujusquam
1599 1732 1724 1763 suasu
1741 1725 1784 1760 et
1805 1716 2067 1759 hortamine.

1280 1800 1344 1824 21.
1367 1783 1447 1824 Ad
1460 1785 1634 1825 honores
1648 1785 1813 1838 palma·-
1841 1781 1910 1824 Ad
1931 1781 2067 1825 victo-

1223 1848 1333 1889 riam
1358 1846 1567 1889 curulem.
1990 1853 1993 1855 ’

1279 1912 1344 1955 23.
1368 1912 1579 1954 Mandata
1596 1913 1794 1954 absentzk.
1820 1910 1935 1966 Quae
1951 1927 1974 1953 a
1995 1925 2067 1952 me

1225 1977 1399 2019 absente
1422 1977 1496 2019 tibi
1518 1976 1795 2019 mandantur.

1281 2043 1346 2084 25·
1373 2042 1452 2083 Ore
1470 2041 1622 2096 ferant
1645 2048 1798 2095 grates.
1835 2042 1873 2083 O
1890 2039 2074 2095 reserant

1225 2120 1326 2148 cum
1364 2104 1543 2161 scriptis.
1582 2104 1749 2160 Argent
1786 2104 1847 2146 Et
1879 2103 2071 2159 reserant.

1228 2170 1359 2213 Forte
1375 2201 1387 2223 ,
1421 2171 1485 2213 A!
1501 2168 1692 2223 rtfirant.
1716 2168 1774 2211 H.

1282 2235 1346 2277 26.
1382 2236 1517 2289 Sipia
1526 2234 1631 2289 sata
1652 2236 1806 2276 vident.
1840 2233 1885 2276 Si
1921 2231 2073 2275 vident

1227 2316 1323 2357 quae
1342 2317 1365 2343 a
1387 2309 1427 2343 te
1450 2301 1518 2357 pie
1540 2315 1619 2355 pro
1637 2315 1707 2342 me
1729 2308 1956 2357 geruntur.

1283 2382 1331 2423 27
1362 2359 1558 2421 Sufficiat
1566 2368 1652 2407 diu.
1672 2364 1764 2408 Diu
1778 2364 1906 2407 duret
1918 2372 1962 2406 et
1978 2363 2075 2406 sub-

1228 2431 1457 2476 ministret.

1284 2497 1348 2539 28.
1373 2497 1677 2540 SoliFandam'.
1695 2495 1840 2540 Fund3
1862 2495 2072 2552 oppidum

1227 2563 1313 2606 fuit
1334 2560 1613 2619 Campaniae,
1630 2561 1766 2618 patria
1788 2560 1919 2619 hujus
1943 2559 2070 2614 Rufi,

1229 2626 1284 2670 ad
1309 2643 1440 2684 quem
1461 2627 1607 2671 scribit
1633 2625 1830 2671 Ovidius.
