2268 3848
311 321 382 376 60
760 324 825 377 P.
873 325 1177 382 OVIDII
1228 326 1617 384 NASONIS

308 440 397 499 Tu
428 461 681 522 quoque,
714 465 881 522 quum
910 444 1098 524 patriae
1127 459 1305 505 rector
1336 446 1510 506 dicare
1539 462 1837 529 paterque5

392 535 558 593 Utere
589 559 735 594 more
766 537 868 595 Dei
899 560 1098 597 nomen
1120 539 1374 600 habentis
1402 540 1563 600 idem.
2024 558 2077 614 40

309 628 482 710 quue
507 629 638 689 facis
664 656 676 689 ε
702 655 798 691 nec
830 647 883 691 te
913 628 1202 717 quisquam
1225 636 1559 697 moderatius
1587 659 1830 719 unquam

393 728 616 808 Imperii
643 730 831 809 potuit
855 729 1017 791 fraena
1050 747 1230 792 tenere
1259 734 1360 793 sui.

313 823 399 882 Tu
424 825 632 884 veniam
663 826 807 907 parti
838 843 1102 910 superatae
1130 852 1268 910 saepe
1293 828 1523 900 dedisti,

394 921 520 978 Non
551 943 910 984 concessurus
940 949 1102 1007 quam
1133 926 1237 985 tibi
1263 926 1440 985 victor
1469 940 1599 986 erat.

317 1013 539 1075 Divitiis
567 1017 728 1077 etiam
757 1017 964 1080 multos
994 1034 1048 1079 et
1069 1020 1379 1080 honoribus
1409 1034 1597 1080 auctos
2033 1036 2085 1091 45

397 1111 552 1183 Vidi,
585 1114 680 1195 qui
709 1113 945 1176 tulerant
973 1115 1030 1175 in
1061 1131 1229 1200 caput
1256 1139 1404 1177 arma
1434 1131 1589 1176 tuum
1615 1139 1628 1174 ε

319 1204 568 1288 Quaeque
599 1208 710 1269 dies
738 1208 943 1270 bellum
962 1257 976 1282 ‚
1006 1209 1138 1271 belli
1168 1210 1269 1271 tibi
1300 1209 1523 1271 sustulit
1553 1210 1685 1269 iram
1711 1232 1724 1281 ;

398 1301 639 1386 Parsque
672 1305 836 1366 simul
865 1306 1081 1390 templis
1107 1323 1338 1391 utraque
1363 1306 1506 1367 dona
1537 1305 1667 1366 tulit
1690 1331 1702 1364 :

319 1397 507 1479 thue
538 1413 666 1462 tuus
693 1403 892 1480 gaudet
920 1404 1106 1477 miles,
1140 1405 1286 1488 quod
1317 1404 1505 1465 vicerit
1526 1404 1776 1474 hostem3

402 1493 492 1554 Sic
511 1541 526 1567 ‚
549 1497 752 1558 victum
783 1523 880 1560 cur
906 1523 963 1560 se
997 1501 1256 1578 gaudeat,
1288 1500 1465 1560 hostis
1491 1497 1674 1558 habet.
2041 1513 2092 1554 50

327 1590 503 1653 Causa
534 1618 650 1658 mea
678 1612 761 1658 est
787 1598 1005 1671 melior,
1032 1599 1128 1681 qui
1156 1622 1256 1658 nec
1280 1597 1549 1658 contraria
1578 1596 1734 1655 dicor

403 1688 601 1764 Arma,
631 1717 729 1754 nec
755 1694 985 1755 hostiles
1015 1717 1130 1754 esse
1160 1708 1378 1754 secutus
1407 1716 1559 1776 opes.

323 1783 431 1844 Per
458 1811 629 1862 mare,
661 1813 760 1872 per
792 1805 988 1862 terraS‚
1017 1814 1115 1873 per
1141 1790 1300 1850 tertia
1328 1791 1554 1852 numina
1580 1790 1703 1870 juro
1722 1835 1737 1862 ,

411 1882 517 1944 Per
543 1900 623 1958 te,
652 1902 974 1968 praesentem
1004 1887 1710 1970 conspicuumqueDeum‚

326 1984 493 2044 Hune
524 1983 765 2044 animum
793 1983 989 2044 favisse
1020 1984 1150 2056 tibi,
1182 1984 1265 2043 vir
1296 1983 1527 2044 maxime
1555 2007 1568 2043 ε
1597 2004 1818 2065 meque,
2045 1994 2096 2036 55

410 2078 539 2157 Qua
569 2077 683 2138 sola
713 2078 903 2160 potui,
936 2093 1116 2138 mente
1146 2077 1314 2139 fuisse
1343 2093 1516 2138 tuum.

331 2176 536 2259 Optavi
566 2190 779 2259 peteres
805 2175 1034 2237 caelestia
1065 2175 1241 2237 sidera
1271 2175 1450 2247 tarde;

410 2275 655 2357 Parsque
683 2273 790 2333 fuit
817 2274 991 2334 turbae
1016 2297 1178 2356 parva
1212 2270 1484 2355 precantis
1508 2269 1669 2329 idem.

333 2374 408 2432 Et
432 2372 523 2454 pia
553 2386 675 2431 tura
701 2370 826 2430 dedi
855 2394 958 2453 pro
991 2384 1042 2430 te
1070 2395 1081 2429 :
1107 2393 1339 2452 cumque
1367 2366 1624 2428 omnibus
1653 2389 1797 2426 unus

414 2471 541 2550 Ipse
571 2493 792 2552 quoque
815 2467 996 2550 adjuvi
1024 2468 1250 2551 publica
1275 2480 1403 2526 vota
1430 2464 1581 2525 meis,
2047 2479 2102 2521 60

389 2607 455 2660 4ο.
489 2605 611 2648 Utere
639 2621 749 2648 more
774 2606 868 2648 Dei.
900 2604 1028 2648 More
1060 2605 1182 2648 Jovis

335 2678 433 2727 post
452 2669 644 2713 tonitrua
667 2671 947 2713 serenitatem
966 2669 1183 2713 inducen-

334 2735 388 2778 tis
405 2751 415 2787 3
436 2751 492 2778 ex
508 2751 594 2791 quo
618 2734 806 2778 latenter
826 2735 1015 2778 reditum
1033 2751 1183 2792 preca-

335 2809 421 2843 tur.
434 2802 588 2844 Nomen
601 2804 793 2843 habentis
809 2804 930 2843 idem.
946 2802 1184 2857 Perperam

335 2863 386 2906 in
397 2863 544 2908 multis
558 2897 569 2918 ,
586 2881 732 2908 numen
744 2879 757 2917 ‚⁰
781 2865 892 2909 Fast.
914 2865 958 2908 ΙΙ
975 2897 986 2919 ,
1015 2867 1084 2908 13ι
1103 2897 1114 2919 ,
1130 2865 1184 2907 ad

337 2928 587 2985 Augustum
613 2946 625 2973 t
659 2947 680 2966 «
707 2929 807 2973 Hoc
833 2938 880 2972 tu
907 2946 985 2987 per
1013 2940 1148 2974 terras
1168 2963 1180 2984 ,

341 2993 457 3050 quod
483 2994 529 3036 in
550 2994 708 3037 aethere
735 2994 908 3050 Jupiter
935 2995 1019 3038 alto
1039 3028 1050 3048 ,
1080 2997 1180 3039 No-

339 3074 444 3101 men
465 3058 596 3102 habes
612 3075 621 3101 :
639 3059 871 3101 hominum
892 3067 939 3101 tu
953 3068 1098 3115 pater,
1113 3059 1180 3102 ille

341 3122 504 3166 Deum.
522 3141 543 3160 »
565 3124 731 3168 Hnms.

394 3187 459 3241 43.
484 3189 547 3230 Tu
563 3192 726 3230 veniam
732 3193 853 3244 parti
864 3197 1064 3244 supemtae
1079 3204 1186 3243 soepe

343 3253 506 3294 dedzlrti.
525 3253 638 3297 Nam
659 3254 937 3310 Tranquillus
960 3254 1018 3297 ita
1041 3253 1186 3296 scribit

341 3318 391 3361 in
406 3317 603 3374 Augusto
618 3335 629 3362 z
642 3337 662 3356 «
680 3318 936 3363 Clementiae
954 3319 1188 3363 civilitatis-

347 3398 428 3439 que
444 3383 536 3438 ejus
555 3383 690 3426 multa
709 3393 751 3426 et
771 3401 926 3440 magna
939 3384 1187 3427 documen-

349 3457 520 3504 tasum,
534 3464 590 3493 ne
607 3465 864 3494 enumerem
886 3460 1060 3506 quot,et
1081 3466 1188 3507 quos

1262 2603 1529 2647 diversarum
1549 2601 1739 2658 partium
1759 2599 1886 2643 venia
1904 2607 1948 2643 et
1972 2599 2103 2642 inco-

1261 2670 1457 2713 lumitate
1480 2669 1662 2712 donatos
1681 2701 1693 2722 ,
1712 2666 1953 2723 principem
1972 2665 2103 2708 etiam

1262 2736 1308 2778 in
1325 2736 1493 2780 riv-itate
1513 2734 1656 2777 locum
1667 2741 1816 2775 tenere
1830 2746 1973 2787 passus
1992 2730 2056 2772 sit.
2081 2748 2102 2767 »

1318 2802 1391 2857 46.
1404 2804 1448 2844 V
1441 2803 1517 2850 idi,
1528 2802 1787 2856 quitulerant
1792 2801 1836 2839 in
1852 2804 1979 2851 caput
1987 2812 2105 2838 arma

1263 2865 1585 2910 taum.Consule
1601 2864 1781 2907 sueton.
1795 2862 1839 2903 in
1853 2861 1938 2903 vita
1955 2860 2068 2916 Aug.

1318 2934 1384 2990 49.
1415 2933 1538 2985 Quod
1557 2932 1704 2973 vicerit
1725 2930 1896 2970 bostem.
1929 2926 2107 2969 Rectius

1265 2998 1334 3042 alii
1349 3000 1460 3053 quia.
1484 2997 1655 3039 Hssms.

1320 3065 1385 3104 50.
1407 3063 1476 3103 'Sic
1503 3077 1577 3103 cur
1599 3075 1645 3101 se
1673 3062 1836 3101 victum.
1870 3056 1942 3100 Sic
1974 3055 2107 3099 hostis

1265 3136 1366 3171 tuus
1398 3124 1617 3182 cognoscit
1647 3140 1692 3167 se
1725 3123 1888 3167 victum
1916 3123 2028 3178 justa
2053 3120 2107 3163 de

1266 3209 1403 3237 causa.
1425 3193 1553 3235 MER.

1324 3258 1387 3301 53.
1414 3259 1497 3299 Per
1516 3259 1637 3299 tertia
1657 3258 1838 3298 numina.
1862 3253 1951 3296 Per
1968 3266 2107 3306 aquas.

1268 3321 1419 3364 Potius
1437 3319 1588 3364 caelum
1615 3318 1818 3375 intellige.
1840 3316 1970 3360 CloF.
1993 3315 2108 3368 Quae

1269 3385 1424 3429 melior
1445 3384 1769 3440 interme-ratim
1799 3382 1858 3426 sic
1883 3382 2002 3424 enim
2034 3379 2103 3421 lib.

1271 3451 1341 3496 ΙΙΙ
1366 3450 1516 3494 Amor.
1541 3449 1660 3506 Eleg.
1681 3461 1767 3492 vm
1791 3479 1803 3501 ,
1825 3462 1932 3490 vers.
1956 3447 2012 3505 49
2027 3460 2074 3501 sq
2096 3459 2106 3485 ε
