2280 3776
287 353 392 387 212

733 337 796 388 P.
853 335 1160 392 OVIDII
1207 338 1595 398 NASONIS

366 448 632 533 Reppulit
663 474 693 510 a
719 451 925 512 Thebis
946 453 1204 536 Juppiter
1230 455 1354 534 igne
1385 482 1499 518 suo.
1991 481 2045 522 30

284 548 362 606 Ut
390 561 566 606 tamen
596 544 797 605 audisti
821 569 1140 627 percussum
1168 549 1391 611 fulmine
1420 567 1595 613 vatem
1614 599 1630 626 ,

359 643 663 705 Admonitu
694 644 881 704 matris
911 646 1256 709 condoluisse
1285 666 1460 732 potes.

275 747 349 805 Et
375 759 560 825 potes,
593 741 896 824 adspiciens
927 743 1130 805 circum
1159 761 1252 806 tua
1282 771 1430 809 sacra
1459 764 1648 833 poetas
1665 767 1684 824 ,'

354 843 553 903 Nescio
581 841 705 923 quis
729 841 933 915 nostri,
968 842 1171 916 dicere,
1205 844 1384 906 cultor
1414 847 1583 908 abest.

273 940 407 1010 Fer,
440 938 588 998 bone
616 938 813 1009 Liber,
846 962 1008 1020 opem
1035 964 1046 999 :
1073 940 1149 999 sic
1179 939 1340 1001 altam
1371 942 1622 1021 'degravet
1649 944 1855 1005 ulmum
1987 963 2040 1005 35

352 1034 526 1105 Vitis,
555 1048 610 1093 et
638 1032 850 1093 incluso
879 1033 1039 1117 plena
1069 1037 1142 1095 sit
1168 1061 1272 1097 uva
1297 1061 1465 1119 mero.

272 1132 359 1190 Sic
392 1131 493 1190 tibi
523 1154 646 1190 cum
673 1129 906 1190 Bacchis
937 1132 1257 1213 Satyrorum
1287 1158 1458 1212 gnava
1483 1135 1737 1217 juventus

353 1227 547 1301 Adsit,
581 1242 634 1287 et
664 1227 912 1287 adtonito
942 1251 1054 1286 non
1085 1242 1290 1290 taceare
1317 1255 1474 1291 sono.

271 1330 415 1388 Ossa
440 1322 772 1407 bipenniferi
800 1322 879 1381 sic
913 1322 1025 1382 sint
1051 1323 1189 1383 male
1218 1349 1404 1407 pressa
1434 1327 1698 1410 Lycurgi,

318 1463 385 1504 32.
406 1461 636 1502 Admonitu
656 1461 813 1501 matris.
846 1456 918 1500 Ad
944 1456 1110 1500 Seme-

1195 1477 1271 1511 να,
1294 1470 1343 1505 ut
1361 1462 1492 1506 Pont.
1510 1461 1580 1504 lib.
1597 1462 1641 1516 1,
1666 1461 1786 1518 Eleg.
1804 1476 1857 1516 X,
1878 1479 1936 1505 vs.
1960 1480 2004 1505 12
2022 1496 2033 1516 ‚

263 1529 370 1581 lem,
388 1525 546 1569 Bacchi
564 1532 750 1567 matrem
765 1555 778 1577 ,
803 1522 992 1577 referas,
1016 1538 1112 1578 quae
1192 1527 1491 1580 navajuventa
1511 1540 1589 1582 pro
1599 1527 1796 1581 gnavain
1816 1527 2036 1583 antiquis-

263 1595 293 1638 J
297 1593 384 1636 ovis
395 1591 579 1634 fulmine
590 1589 891 1650 conflagravit:
904 1587 1110 1644 quemad-

260 1657 445 1701 modum
464 1664 590 1713 poeta
613 1654 797 1711 Augusti
815 1654 904 1697 ictu
917 1661 1109 1710 prostra-

263 1734 331 1768 tus
349 1732 424 1767 est.
446 1721 563 1765 Vide
583 1720 722 1765 Natal.
745 1719 773 1761 l.
796 1719 857 1774 V,
875 1735 910 1761 c.
937 1719 998 1761 13.

314 1789 379 1831 33.
411 1789 572 1830 Circum
599 1793 672 1826 tua
695 1799 823 1826 sacra
835 1790 995 1837 poetas.
1019 1781 1104 1822 Sua

258 1868 382 1896 sacra
404 1851 491 1893 duo
515 1849 714 1893 Vaticani
740 1863 751 1890 :
777 1856 826 1889 ut
852 1861 962 1901 saepe
989 1844 1103 1900 apud

259 1918 470 1960 Nostrum
488 1930 498 1957 ι
520 1922 564 1956 et
580 1929 659 1954 sua
676 1915 778 1954 vina
790 1910 918 1966 paulo
932 1917 1045 1952 ante.

311 1983 377 2024 35.
401 1982 471 2023 Sic
487 1982 622 2022 altera
638 1979 832 2032 degravet
843 1977 1008 2016 ulmum.
1032 1975 1103 2016 Sic

257 2050 388 2091 altam
404 2043 604 2086 meliores
620 2058 630 2093 ;
647 2039 764 2095 quod
779 2053 934 2080 verum
950 2045 1025 2080 est.
1039 2036 1099 2079 H.

313 2110 379 2153 36.
407 2109 526 2150 Mero
544 2108 722 2148 incluso.
743 2103 865 2146 Vino
891 2103 1009 2144 intus
1031 2100 1102 2143 la-

256 2175 380 2219 tenti.
398 2175 498 2217 Hoc
509 2171 608 2214 ideo
623 2170 725 2214 dicit
741 2201 752 2223 ,
769 2167 977 2224 quoniam
988 2167 1102 2210 Bac-

255 2242 362 2285 chus
383 2240 474 2282 vini
492 2253 617 2281 usum
636 2234 892 2278 mortalibus
911 2232 1100 2276 tradidit.

255 2309 520 2359 laticemque
538 2304 704 2359 Lyoeum
718 2299 841 2355 Virg.
856 2296 1030 2340 AEneid.
1048 2297 1070 2339 1
1085 2329 1098 2351 ,
1119 2320 1124 2325 ·

248 2387 369 2413 -vers.
391 2370 485 2427 690.

313 2437 378 2491 37.
399 2436 468 2477 Sic
485 2437 568 2477 tibi
579 2449 670 2475 cum
685 2432 880 2474 Bacchis.
897 2427 1100 2471 Tradunt

259 2500 482 2544 Bacchum
499 2499 546 2540 in
566 2497 753 2540 exercitu
774 2494 1009 2537 mulierum
1025 2509 1100 2536 co-

256 2566 373 2621 piam
392 2561 725 2608 circumduxisse
741 2593 754 2614 ‚
776 2568 985 2602 armatam
1004 2557 1100 2600 has-

255 2629 310 2673 tis
322 2628 534 2686 pampinis
546 2626 748 2669 involutis
763 2642 772 2668 ε
787 2625 985 2668 Silenum
996 2639 1101 2679 quo-

259 2713 342 2752 que
358 2695 639 2752 paedagogum
655 2708 701 2734 ac
715 2692 977 2734 nutritorem
989 2724 1001 2745 ,
1024 2689 1099 2746 qui

258 2761 299 2804 ei
314 2759 551 2815 plurimum
567 2757 619 2800 ad
638 2759 843 2799 virtutem
861 2765 905 2799 et
917 2755 1097 2812 gloriam

255 2842 411 2880 resque
434 2824 603 2868 bellicas
627 2822 817 2879 profuit:
832 2822 1096 2881 Saty-rosque

256 2891 387 2934 etiam
404 2923 415 2944 ,
439 2905 627 2946 quorum
648 2904 778 2944 opera
797 2888 840 2930 in
857 2888 1099 2931 saltationi-

259 2956 339 2999 bus
361 2973 409 2999 ac
438 2954 655 3012 tragoediis
679 2953 974 2997 oblectabatur
994 2969 1004 2995 ε
1029 2969 1097 2996 eo-

259 3037 359 3063 rum
369 3021 489 3063 enim
502 3021 588 3063 risu
602 3036 650 3062 ac
660 3020 758 3075 joco
770 3020 902 3062 vitam
916 3034 1096 3061 omnem

257 3083 428 3126 felicem
448 3084 711 3127 traducebat.
735 3084 846 3126 Vide
868 3084 1005 3127 Natal.
1027 3083 1096 3126 lib.

259 3147 320 3198 V,
343 3164 431 3203 cap.
452 3166 486 3206 7.
500 3151 737 3206 Satyrorum
749 3166 883 3203 gnara
886 3150 1097 3202 juventus.

258 3210 326 3253 Ita
347 3221 527 3267 uterque
560 3213 787 3264 Politiani;
819 3214 944 3256 multi
975 3220 1098 3268 grata

260 3289 360 3316 cum
382 3276 526 3328 priscis
555 3276 840 3332 editionibus,
875 3277 943 3320 vel
973 3281 1095 3328 loeta‚·

258 3338 326 3380 alii
351 3339 509 3388 Graia,
538 3341 602 3382 vel
617 3358 771 3394 prona,
792 3342 857 3384 vel
877 3346 1006 3391 lecta,
1030 3340 1096 3382 vel

256 3418 411 3456 gnara,
446 3403 513 3444 vel
546 3407 719 3457 ignava,
753 3406 819 3447 vel
847 3422 972 3448 sacra
991 3404 1096 3448 :sed

259 3481 500 3521 perperam.
528 3465 678 3510 Codex
699 3468 819 3511 Petri
843 3469 983 3513 Servii
1006 3486 1096 3511 na·-

1189 1587 1310 1632 simis
1339 1589 1457 1633 libris
1486 1590 1760 1645 legitur:ubi
1782 1591 1874 1646 pari
1903 1591 2036 1633 modo

1188 1653 1358 1696 variant
1376 1654 1520 1711 scripti
1547 1654 1727 1698 codices.
1744 1653 2007 1710 Calpurnius
2021 1689 2034 1711 ,

1190 1716 1336 1773 Eclog.
1355 1731 1401 1772 v,
1422 1731 1462 1760 11
1478 1733 1488 1760 :
1503 1735 1524 1755 «
1541 1718 1642 1761 Jam
1658 1733 1738 1775 pro
1754 1734 1825 1761 me
1849 1735 2033 1775 gnavam

1186 1793 1308 1838 potes
1346 1800 1543 1827 exercere
1563 1786 1788 1840 juventam
1807 1802 1818 1838 ;
1858 1804 1879 1822 υ
1912 1787 2034 1829 venit

1186 1847 1308 1888 enim
1328 1849 1482 1892 &vrb-:017
1497 1865 1651 1891 navare
1667 1865 1679 1890 ,·
1697 1848 1827 1892 Silius
1843 1881 1854 1903 ,
1876 1849 1945 1892 lib.
1962 1852 2022 1904 V,

1132 1922 1136 1925 '
1185 1926 1246 1952 vs.
1269 1912 1349 1964 412
1366 1928 1416 1967 sq
1439 1927 1449 1954 ε
1473 1929 1496 1949 «
1518 1912 1762 1968 Laurigeris
1779 1912 1908 1956 decus
1926 1913 2032 1956 illud

1190 1975 1276 2018 avis
1289 2009 1300 2030 ,
1337 1992 1532 2032 navaque
1563 1979 1741 2034 juventa
1771 1979 1988 2023 Florebat.
2009 2000 2030 2019 »ι

1189 2039 1255 2081 Ita
1270 2039 1342 2082 illo
1359 2040 1454 2083 loco
1473 2042 1785 2086 vetustissimus
1798 2044 1932 2087 codex
1947 2045 2031 2088 Co-

1184 2104 1392 2148 loniensis
1406 2121 1416 2148 :
1431 2106 1590 2162 vulgati
1618 2124 1734 2150 vana
1753 2126 1766 2151 .·
1787 2110 1878 2165 pari
1896 2112 2030 2154 modo

1185 2175 1230 2212 et
1243 2167 1342 2220 alibi
1354 2184 1446 2211 non
1461 2170 1595 2213 semel
1607 2171 1653 2213 in
1669 2172 1775 2214 Silio
1787 2183 2027 2228 peccatum.

1237 2235 1304 2278 38.
1325 2235 1530 2279 Adtonito
1549 2254 1632 2280 non
1650 2242 1815 2281 ta'ceare
1832 2257 1946 2288 sono,
1971 2242 2030 2285 Et

1183 2297 1400 2342 sacrificiis
1418 2300 1647 2344 celebreris
1661 2334 1673 2356 ,
1696 2303 1740 2344 in
1763 2302 1918 2358 quibus
1938 2304 2030 2347 ho—

1182 2362 1354 2405 minum
1367 2360 1570 2419 clamore,
1587 2375 1630 2409 et
1649 2367 1831 2422 strepitu
1850 2370 2031 2427 cymba-

1181 2425 1324 2468 lorum
1339 2443 1387 2470 ac
1401 2437 1729 2488 tympanorum,
1746 2433 1893 2475 omnia
1907 2450 2029 2477 reso-

1181 2491 1366 2534 nabant.-
1390 2494 1597 2537 Adtom'to
1628 2511 1741 2539 sono.
1765 2496 1884 2539 Sono
1915 2498 2025 2540 bac—

1181 2553 1389 2597 chantum
1407 2565 1450 2599 et
1463 2556 1693 2601 furentum
1715 2559 1759 2601 in
1782 2561 1865 2603 tuis
1884 2560 2023 2603 sacris.

1183 2618 1256 2662 Sic
1277 2620 1323 2662 in
1337 2620 1482 2677 primo
1497 2621 1551 2666 de
1573 2623 1683 2667 Arte
1697 2625 1895 2677 amandi,
1919 2624 1996 2679 537
2013 2641 2023 2666 :

1183 2702 1206 2722 «
1225 2697 1470 2732 sonuerunt
1505 2690 1700 2749 cymbala
1730 2699 1822 2734 toto
1847 2690 1993 2734 Litore
2008 2725 2019 2741 ‚

1182 2758 1225 2793 et
1242 2751 1436 2796 adtonita
1452 2763 1657 2812 tympana
1671 2755 1789 2810 pulsa
1808 2771 1952 2797 manu.
1969 2773 1991 2791 υ

1235 2819 1301 2877 39.
1321 2822 1433 2872 Ossa
1445 2820 1728 2874 btjoen'm'feri...
1742 2821 1814 2863 Sic
1827 2821 1939 2864 male
1952 2839 2021 2865 cu-

1181 2882 1303 2926 bent.
1323 2885 1517 2940 Insignes
1529 2883 1646 2926 inter
1660 2900 1732 2926 eos
1748 2884 1792 2926 in
1807 2901 1913 2941 quos
1926 2886 2021 2927 ani-

1179 2947 1414 2989 madvertit
1422 2947 1615 2991 Bacchus
1626 2979 1637 3001 ,
1653 2947 2020 2992 feruntGraecum

1181 3011 1378 3053 Penthea
1396 3045 1407 3066 ,
1424 3013 1547 3066 cujus
1560 3012 1751 3055 fabulam
1765 3014 1894 3057 habes
1906 3016 2019 3071 apud

1181 3075 1310 3118 Ovid.
1328 3076 1371 3118 in
1389 3077 1572 3120 Metam.
1592 3077 1661 3120 lib.
1685 3079 1754 3122 ΙΙΙ
1769 3111 1780 3132 ,
1805 3095 1912 3122 vers.
1941 3083 2014 3123 511

1178 3156 1272 3196 sqq,
1285 3149 1327 3183 et
1338 3141 1583 3200 Lycurgum
1596 3143 2019 3187 Thracem.0vidius

1180 3212 1299 3249 enim
1311 3209 1456 3252 scribit
1471 3209 1940 3268 LycurgumThracum
1955 3227 2019 3253 re-

1178 3289 1275 3330 gem
1289 3273 1518 3331 fuisse,qui
1533 3276 1756 3319 Bacchum
1770 3277 1916 3320 Deum
1927 3294 2017 3321 esse

1178 3341 1454 3396 negabatzob
1478 3340 1594 3396 quod
1616 3359 1755 3398 quum
1777 3343 2016 3386 donaretur

1176 3406 1313 3448 securi
1331 3406 1437 3448 vites
1456 3407 1666 3461 incidere,
1689 3423 1814 3451 crura
1826 3407 1904 3450 sibi
1920 3424 2015 3449 am-

1177 3470 1354 3524 putavit.
1374 3470 1507 3515 Unde
1526 3471 1753 3526 bipenmfi’r
1765 3472 2014 3526 adpellatur.
