2280 3776
243 266 353 336 416
392 269 457 321 Ρ.
489 267 741 323 OVIDII
769 266 1092 323 NASONIS
1111 268 1214 323 EX
1240 268 1503 325 PONTO
1526 273 1631 328 ΙΙΙ.
1652 275 1766 329 ΕΡ.
1791 274 1897 331 ῙΧ.

322 384 618 467 Verbaque
646 384 900 466 profectu
925 384 1268 445 dissimulata
1299 401 1500 446 carent.
1968 410 2022 466 40

243 480 316 539 Et
346 494 526 540 tamen
557 479 670 538 haec
701 479 888 539 eadem
919 504 1088 563 quum
1117 480 1255 554 sint,
1289 505 1403 541 non
1432 480 1724 543 scribimus
1753 484 1951 545 isdem:

323 579 556 660 Unaque
585 601 683 660 per
713 577 900 660 plures
927 603 1031 638 vox
1058 602 1177 638 mea
1203 593 1378 638 tentat
1410 602 1588 660 opem.

240 675 356 745 An,
384 698 452 734 ne
482 674 568 733 bis
600 698 820 735 sensum
847 673 1022 734 lector
1049 675 1317 757 reperiret
1346 675 1609 749 eundem,

325 774 485 831 Unus
514 771 844 844 amicorum,
873 774 1075 843 Brute,
1105 771 1384 850 rogandus
1413 774 1569 832 erat?

241 870 370 927 Non
398 866 505 925 fuit
529 866 635 926 hoc
661 867 831 939 tanti;
865 867 1114 928 confesso
1143 866 1445 946 ignoscite,
1481 867 1632 928 docti
1655 893 1667 927 :
1967 887 2021 943 45

327 961 508 1021 Vilior
537 977 620 1021 est
651 964 834 1046 operis
864 964 1004 1024 fama
1037 963 1210 1025 salute
1237 987 1373 1024 mea.

242 1059 497 1140 Denique
526 1059 762 1120 materiae
781 1108 795 1134 ,
826 1085 989 1144 quam
1023 1061 1144 1145 quis
1174 1061 1283 1122 sibi
1311 1062 1530 1122 finxerit
1556 1062 1700 1146 ipse,
1744 1146 1747 1150 Δ

323 1157 576 1218 Arbitrio
607 1158 777 1218 variat
804 1158 975 1219 multa
1003 1174 1167 1242 poeta
1195 1183 1314 1219 suo.

245 1257 409 1316 Musa
434 1278 550 1314 mea
583 1271 665 1315 est
693 1256 855 1316 index
885 1246 1129 1316 nimium'
1146 1281 1366 1341 quoque
1393 1280 1519 1318 vera
1547 1255 1816 1317 malorum
1834 1303 1848 1329 ,

323 1355 509 1436 Atque
539 1355 875 1438 incorruptae
905 1356 1153 1438 pondera
1184 1356 1340 1417 testis
1369 1356 1551 1416 habet.
1972 1373 2024 1414 50

239 1456 353 1513 Nec
383 1452 526 1512 liber
560 1468 624 1513 ut
648 1453 834 1525 fieret,
871 1455 966 1514 sed
990 1456 1074 1515 uti
1100 1479 1200 1516 sua
1231 1455 1429 1538 cuique
1458 1455 1679 1516 claretur

321 1550 503 1609 Litera
526 1596 540 1619 ‚
570 1549 921 1632 propositum
947 1575 1184 1634 curaque
1213 1567 1406 1612 nostra
1433 1551 1555 1612 fuit.

241 1648 546 1709 Postmodo
580 1647 866 1719 collectas,
901 1664 1201 1731 utcumque
1225 1648 1342 1708 sine
1376 1648 1594 1720 ordine,
1622 1647 1817 1728 junxi,

323 1748 446 1805 Hoc
480 1770 621 1828 opus
651 1744 883 1805 electum
913 1768 980 1804 ne
1010 1745 1148 1804 mihi
1169 1746 1311 1806 forte
1342 1760 1521 1830 putes.

243 1844 330 1901 Da
358 1843 565 1902 veniam
596 1843 817 1926 scriptis
836 1890 850 1915 ,
883 1867 1120 1925 quorum
1146 1867 1261 1903 non
1293 1843 1467 1923 gloria
1492 1843 1658 1903 nobis
1969 1859 2023 1900 55

324 1941 526 2013 Causa,
561 1941 657 2001 sed
683 1941 896 2002 utilitas
924 1941 1304 2024 officiumque,
1335 1943 1460 2002 fuit.

240 2086 286 2127 in
309 2083 376 2127 his
403 2085 523 2127 enim
554 2093 763 2128 tractatur
785 2101 909 2142 paene
936 2086 1091 2129 eadem

244 2149 428 2192 materia
449 2149 581 2192 tristis
603 2158 647 2193 et
661 2158 827 2194 moesta.

286 2218 354 2270 4ο.
376 2218 514 2259 Verba
523 2218 803 2260 dissimulata.
817 2216 967 2259 Verba
976 2232 1090 2271 mea,

242 2299 337 2338 quae
372 2282 500 2325 amici
535 2281 809 2325 dissimulant
827 2299 837 2325 ;
867 2290 911 2325 et
937 2291 1093 2325 osten-

244 2348 356 2391 dunt
369 2356 443 2390 aut
461 2363 551 2390 non
568 2347 937 2404 accepisseliteras
956 2365 1091 2402 meas,

245 2421 320 2455 aut
345 2412 476 2461 verba
498 2427 596 2455 mea
616 2427 709 2454 non
739 2411 1013 2456 intellexisse.
1040 2436 1094 2444 —

248 2476 606 2531 Carentproseclu.
621 2475 742 2532 Quia
753 2476 860 2520 nihil
871 2477 980 2520 mihi
993 2492 1091 2535 pro-

242 2541 400 2585 ficitur.
776 2564 778 2566 ·

297 2609 363 2662 42.
389 2607 564 2663 Unaque
569 2610 792 2661 perplures
808 2624 893 2651 vox
908 2624 1000 2650 mea
1007 2614 1093 2650 len-

239 2679 306 2714 tat
333 2688 462 2727 opem.
497 2671 656 2714 Malim
685 2673 823 2714 Unam
847 2689 927 2726 per
949 2676 1094 2728 plures

240 2753 370 2793 opem.
391 2738 451 2780 H.
473 2737 544 2782 Nil
566 2745 742 2781 mutant
762 2738 913 2781 nostri.

283 2803 363 2854 43.
380 2803 506 2845 Anne
527 2805 593 2847 bis
607 2811 656 2845 ut
667 2819 845 2845 sensum.
866 2802 942 2844 An
961 2819 1014 2845 ne
1027 2806 1092 2846 bis

243 2884 410 2911 sensum
435 2877 605 2913 veteres
625 2870 784 2926 majori
803 2886 855 2913 ex
880 2879 1024 2927 parte;
1047 2880 1091 2914 et

244 2942 376 2976 recte.
393 2933 673 2977 H.—Sensus
686 2943 750 2978 est
762 2967 773 2988 ,
792 2951 818 2976 o
831 2935 987 2988 Brute,
1001 2935 1091 2978 de-

244 2998 376 3041 buine
400 3007 573 3041 tantum
593 3014 736 3041 unum
756 2998 947 3042 amicum
963 3016 1090 3057 roga-

243 3078 289 3103 re
309 3095 319 3115 ,
342 3070 388 3105 ut
403 3062 510 3105 mihi
523 3062 811 3119 opitularetur
825 3096 836 3117 ‚
854 3079 936 3106 nec
950 3062 1003 3105 ad
1014 3078 1090 3106 cae·

244 3134 442 3170 terorum
463 3127 595 3172 etiam
615 3127 864 3186 praesidium
887 3126 1089 3184 confuge-

1175 2086 1252 2129 re?
1276 2085 1406 2142 idque
1421 2086 1534 2130 hanc
1546 2086 1602 2129 ob
1621 2101 1795 2129 causam
1811 2118 1822 2139 ,
1843 2101 1899 2129 ne
1914 2085 2023 2128 mihi

1176 2151 1463 2208 objiceretur,
1488 2150 1604 2208 quod
1625 2149 1743 2194 idem
1765 2166 1914 2194 sensus
1942 2167 2024 2194 re—

1174 2218 1342 2273 peritur
1362 2217 1408 2259 in
1429 2216 1538 2260 meis
1559 2215 1836 2273 carminibus.
1850 2216 2024 2259 MICYL.

1222 2282 1286 2337 47.
1295 2283 1487 2337 Denique
1499 2285 1687 2324 materia.
1700 2282 1926 2323 Materiam
1939 2280 2025 2337 ple-

1175 2347 1300 2402 rique
1328 2355 1511 2390 veteres.
1542 2347 1676 2390 Forte
1705 2350 1889 2389 materie
1908 2360 2021 2397 suoe;

1174 2421 1219 2455 et
1222 2414 1405 2468 finxerit
1421 2415 1512 2467 ipsi
1526 2410 1722 2454 Vossian.
1745 2411 1804 2453 H.

1229 2481 1296 2539 49.
1324 2480 1411 2521 Est
1422 2483 1594 2522 nimium
1615 2494 1716 2520 vera
1735 2480 1865 2520 index
1885 2481 2021 2520 malo-

1172 2560 1272 2587 rum.
1288 2544 1429 2588 Nimis
1443 2559 1547 2587 vere
1562 2542 1676 2586 mala
1691 2558 1790 2585 mea
1803 2541 1966 2586 indicat
1977 2550 2023 2586 et

1175 2609 1366 2665 exponit.

1229 2676 1297 2716 50.
1330 2675 1570 2729 Incorrupti
1599 2677 1732 2716 testis.
1766 2675 2018 2727 Incorruptoe

1173 2755 1274 2782 cum
1295 2737 1478 2782 duobus.
1500 2739 1560 2783 H.
1585 2738 1651 2782 lta
1671 2747 1717 2781 et
1733 2737 1884 2780 nostri.

1210 2858 1212 2861 .
1239 2804 1305 2861 53.
1340 2804 1567 2859 Utcunque.
1611 2804 1672 2845 Ut
1698 2818 1866 2858 quaque
1906 2816 2019 2844 unus

1173 2868 1349 2922 Heinsii
1363 2902 1374 2923 ‚
1398 2868 1473 2912 sed
1492 2868 1619 2911 male.

1228 2934 1294 2978 56.
1324 2935 1594 2977 Sedutiluas.
1616 2932 1735 2988 Quia
1750 2932 1898 2989 scripsi
1919 2949 2016 2976 eam

1172 2997 1226 3040 ob
1247 3011 1444 3051 causam,
1477 3005 1526 3039 ut
1561 2995 1791 3047 scribendo
1826 2996 2018 3040 reditum

1169 3076 1466 3117 procurarem.
1490 3083 1545 3095 ·--
1571 3059 1779 3119 Officium.
1811 3061 1871 3105 Et
1890 3069 1940 3105 ut
1968 3061 2014 3104 in

1169 3142 1217 3169 re
1239 3142 1339 3170 mea
1359 3125 1550 3171 facerem
1573 3126 1692 3183 quod
1711 3126 1862 3171 debeo.

935 3291 1332 3313 ᾡ-
