2280 3776
234 356 337 391 202
708 340 770 391 P.
817 338 1117 393 OVIDII
1156 339 1528 394 NASONIS

284 436 459 512 ΧΙᾶθῐῐι
480 498 494 521 ,
525 452 756 511 fortunae
786 453 876 534 qui
911 455 1106 516 modus
1139 455 1303 537 hujus
1332 456 1451 516 erit.

232 551 401 631 Quod
432 575 652 633 querar,
686 550 777 610 illa
806 551 940 611 mihi
968 551 1130 636 pleno
1163 554 1228 613 de
1257 556 1407 614 fonte
1435 553 1740 625 ministrat3

311 647 425 704 Ner.
453 670 567 705 mea
595 661 753 718 sunt,
783 647 879 706 sati
908 647 1071 708 verba
1098 648 1193 709 sed
1217 649 1321 709 ista
1348 650 1472 710 mei.

232 743 308 800 At
335 742 470 800 mihi
498 743 542 802 si
577 767 697 802 cara
728 744 958 825 patriam
990 768 1111 806 cum
1143 746 1372 826 conjuge
1397 745 1623 817 reddaS‚

314 838 437 896 Sint
466 838 648 899 vultus
677 839 906 913 hilares,
937 841 1150 923 simque
1178 840 1327 923 quod
1356 855 1482 900 ante
1509 840 1627 912 fui;
1947 857 2001 910 40

318 1030 568 1088 Carmina
595 1030 793 1091 laetitiae
817 1031 926 1112 jam
956 1031 1058 1090 tibi
1090 1030 1250 1114 plena
1276 1031 1435 1091 dabo,

232 1125 343 1183 Nec
378 1141 550 1185 tamen
586 1142 648 1186 ut
679 1127 836 1198 lusit,
870 1152 1060 1188 rursus
1090 1152 1205 1188 mea
1236 1127 1391 1188 litera
1420 1127 1604 1188 ludet:

315 1220 396 1279 Sit
424 1221 584 1281 semel
617 1221 707 1282 illa
736 1247 855 1283 meo
883 1223 1152 1284 luxuriata
1182 1223 1342 1284 malo,

235 1319 404 1396 Quod
430 1321 629 1401 probet
654 1322 797 1404 ipse,
829 1346 1046 1392 canam;
1073 1346 1247 1405 poenae
1271 1321 1435 1382 modo
1463 1336 1617 1404 parte
1643 1309 1841 1391 levata,
1952 1335 2005 1388 45

314 1415 625 1475 Barbariem
645 1464 659 1485 ‚
693 1419 904 1495 rigidos
936 1418 1302 1500 effugiamque
1334 1417 1516 1477 Getas·

235 1509 443 1568 Interea
474 1512 645 1570 nostri
679 1513 811 1594 quid
840 1528 1034 1590 agant,
1065 1512 1173 1573 nisi
1201 1512 1378 1583 triste,
1410 1509 1629 1573 libelli?

316 1605 477 1664 Tibia
504 1605 791 1667 funeribus
818 1608 1070 1667 convenit
1097 1608 1199 1666 ista
1229 1607 1379 1665 meis.

235 1700 312 1758 At
338 1716 586 1782 poteras,
618 1704 805 1788 inquis
824 1752 838 1776 ‚
871 1704 1063 1765 melius
1089 1702 1228 1764 mala
1257 1703 1393 1762 ferre
1421 1699 1662 1774 silendo,

316 1799 390 1856 Et
420 1801 616 1860 tacitus
646 1827 803 1862 casus
833 1801 1172 1863 dissimulare
1204 1814 1348 1860 tuos.
1954 1809 2008 1850 50

237 1893 428 1971 Exigis
446 1942 461 1967 ‚
492 1911 555 1955 ut
581 1897 719 1957 nulli
748 1898 981 1976 gemitus
1010 1912 1278 1957 tormenta
1309 1907 1643 1977 sequautur3
1689 1951 1703 1991 ἱ

318 1992 673 2075 Acceptoque
703 1995 852 2072 gravi
881 1993 1098 2055 vulnere
1130 1994 1254 2053 flere
1287 2007 1452 2052 vetas.

237 2087 360 2167 Ipse
392 2087 625 2148 Perilleo
657 2090 903 2150 Phalaris
931 2091 1180 2173 permisit
1205 2091 1262 2149 in
1292 2113 1393 2150 aere

318 2183 494 2244 Edere
527 2187 796 2264 mugituS,
825 2203 880 2247 et
907 2188 1067 2248 bovis
1094 2211 1184 2247 ore
1215 2186 1402 2270 queri:

241 2281 429 2360 Quum
459 2284 662 2344 Priami
693 2285 944 2369 lacrymis
976 2287 1218 2347 offensus
1246 2308 1364 2346 non
1396 2283 1469 2344 sit
1494 2278 1762 2350 Achilles,
1955 2294 2008 2335 55

292 2419 355 2460 35.
370 2421 502 2475 Idem,
511 2422 695 2477 fortunoe
704 2428 780 2478 qui
791 2426 948 2467 modus.
960 2423 1085 2467 Desi-

242 2501 342 2526 nam
358 2483 591 2545 lacrymosa
607 2489 792 2532 scribere
809 2523 820 2543 ,
845 2505 982 2545 quum
1004 2489 1085 2532 de—

240 2549 351 2594 sinet
377 2568 502 2594 causa
530 2553 818 2611 lacrymarum
841 2570 1054 2597 mearum.

287 2618 351 2670 44.
364 2618 563 2660 &Ysemel
568 2622 646 2661 illa
645 2619 751 2674 joco
759 2623 973 2662 luxuriata
984 2635 1085 2663 meo,

242 2683 408 2724 -Joco
426 2699 502 2724 suo
526 2682 779 2726 Hafniensis
796 2684 979 2739 :placet;
1002 2683 1084 2726 nisi

242 2747 358 2802 quod
379 2748 658 2792 scribendum
677 2759 805 2806 puto:
821 2768 842 2787 «
858 2750 936 2793 Sat
949 2750 1085 2793 semel

241 2811 310 2853 ilia
338 2813 433 2867 joco
468 2813 677 2857 luxuriata
703 2831 781 2857 suo
807 2824 882 2858 est.
898 2834 920 2853 »
936 2816 1085 2858 Tana-

247 2877 401 2932 quillus
413 2877 553 2922 Faber
568 2879 610 2920 in
631 2879 831 2936 Epistolis
846 2897 856 2925 :
873 2899 894 2918 «
909 2881 1086 2924 Sitsatis

241 2943 312 2985 ilia
350 2944 462 2986 malo
501 2945 710 2989 luxuriata
751 2963 863 2989 meo,
891 2965 912 2984 »
948 2947 1085 3003 Quod

244 3007 419 3060 quidem
446 3009 783 3054 Zulichemianae
819 3012 1086 3054 membranae

244 3074 531 3128 confirmant,
557 3076 600 3118 in
624 3076 802 3131 quibus:
826 3095 845 3113 α
868 3076 935 3120 Sit
953 3076 1086 3120 semel

243 3136 312 3178 illa
325 3154 424 3181 meo
441 3139 650 3183 luxuriata
665 3141 824 3183 malo.»
839 3143 1087 3196 Semelquo-

246 3219 327 3257 (μεθ
356 3220 445 3246 non
470 3211 577 3248 salis
597 3206 749 3263 reliqui
771 3206 1086 3263 castigatiores:

244 3281 345 3308 mox
363 3270 602 3312 Barbaroem
618 3287 696 3327 pro
715 3274 968 3314 Barbarion:
990 3285 1089 3313 me·-

245 3329 384 3373 liores.
411 3333 574 3377 HEINS.

299 3396 364 3447 45.
393 3399 516 3450 Quod
536 3402 691 3451 probet.
715 3402 873 3441 Probat
896 3398 1085 3449 Moreti3

1163 2423 1277 2466 male
1290 2439 1300 2465 :
1313 2427 1403 2477 epse
1413 2430 1478 2464 est
1489 2420 1707 2476 Augustus
1719 2435 1729 2469 ;
1741 2421 1885 2471 ipseut
1893 2414 2010 2458 Grae·

1164 2489 1222 2533 cis
1233 2492 1362 2542 αὐτ-ἐς,
1379 2484 1558 2529 honoris
1571 2481 1860 2541 provocabulo
1879 2513 1890 2535 ,
1908 2479 2006 2532 dux,

1165 2573 1263 2610 rex,
1287 2564 1332 2598 et
1351 2553 1550 2611 princeps
1563 2567 1674 2608 saepe
1688 2556 1913 2592 vocantur.

1221 2623 1286 2678 47.
1315 2622 1478 2662 Interea
1498 2621 1636 2660 nostri
1647 2618 1752 2672 quid
1757 2619 1902 2668 agant,
1925 2615 2014 2655 nisi

1164 2690 1291 2732 triste.
1307 2688 1451 2727 libelli.
1460 2684 1592 2736 Puto,
1603 2682 1706 2737 quid
1717 2681 1826 2727 dent,
1842 2680 2009 2719 nisitri—

1165 2760 1247 2802 ste;
1258 2766 1363 2793 nam
1375 2747 1644 2792 Combianus
1655 2751 1794 2798 agent:
1806 2742 1865 2784 sic
1878 2741 2010 2784 Pont.

1167 2816 1239 2858 lib.
1255 2815 1298 2870 I,
1322 2813 1443 2870 Eleg.
1457 2827 1500 2866 1,
1519 2810 1568 2853 16
1587 2825 1597 2853 ι
1613 2827 1635 2846 «
1653 2809 1756 2852 Non
1769 2807 1913 2848 minus
1926 2804 2009 2847 hoc
2064 2832 2066 2834 v

1166 2881 1240 2923 illo
1259 2879 1380 2922 triste
1393 2910 1404 2931 ‚
1426 2874 1542 2933 quod
1563 2882 1664 2916 ante
1681 2870 1822 2914 dedi.»
1841 2870 2011 2912 HEINs.

1221 2947 1286 3000 48.
1301 2946 1393 2986 Ista
1407 2945 1524 2984 tibia.
1543 2940 1630 2983 Iste
1639 2953 1770 2981 sonus
1781 2935 1979 2978 funestus
1995 2949 2006 2977 ε

1167 3008 1211 3051 id
1244 3016 1332 3060 est,
1367 3007 1448 3049 hoc
1474 3003 1594 3047 triste
1615 3000 1830 3046 scribendi
1860 3014 2009 3056 genus.

1169 3073 1376 3116 solebant
1401 3059 1546 3113 autem
1570 3069 1758 3122 majores
1779 3067 1934 3108 funera
1954 3062 2008 3106 ad

1167 3136 1317 3179 tibiam
1340 3131 1642 3178 efferre.'Vide
1662 3130 1787 3173 Hier.
1809 3127 2009 3184 Magium

1167 3202 1333 3245 Miscel.
1346 3201 1415 3243 lib.
1431 3199 1452 3242 I
1465 3232 1479 3253 ,
1507 3216 1544 3242 c.
1560 3199 1633 3250 13;
1663 3194 1797 3240 Brod.
1822 3193 1894 3236 lib.
1914 3192 2006 3246 IV,

1168 3284 1260 3324 cap.
1280 3268 1347 3309 30.

1225 3333 1288 3376 53.
1313 3334 1363 3373 In
1381 3346 1470 3373 oere.
1492 3332 1543 3372 In
1562 3344 1632 3372 ore
1653 3328 1816 3382 Lovan.

1225 3398 1289 3441 55.
1316 3393 1519 3451 Offensus
1538 3410 1620 3438 non
1640 3396 1710 3436 sil.
1730 3393 1826 3437 Non
1844 3395 1912 3432 est
1930 3384 2007 3441 of·-

253 3464 350 3514 Quae
373 3467 519 3517 probet
538 3467 616 3507 illa
636 3464 757 3507 Leid.
771 3471 865 3519 zpsa
886 3473 970 3509 tres
992 3463 1062 3506 alii
1073 3479 1086 3517 ;
1158 3459 1312 3515 sensus
1331 3459 1493 3503 Lovan.

2268 1838 2280 1949 'ux'z‘kfv‘
2268 1745 2280 1818 ·*⁴.*‘=·
2268 1712 2277 1730 1⁴
2275 1671 2280 1686 -.
2278 1630 2280 1635 .
2278 1599 2280 1604 .
2276 1583 2277 1586 „
2273 1510 2280 1535 Γ.
2267 1483 2280 1497 (⁴2
2267 1384 2280 1432 -‘„⁴.r
2271 1347 2273 1349 ·
2269 1275 2271 1278 ⁴
2277 1204 2280 1206 .
2267 1170 2271 1179 “
