2280 3776
1476 22 1488 43 Ι

754 247 817 299 P.
872 207 1174 300 evum
1224 243 1606 299 NASONIS

371 364 460 423 An
490 383 608 422 mea
635 362 970 437 Sauromatae
999 360 1202 443 scripta
1237 359 1498 443 Getaeque
1525 359 1747 438 legent?

293 462 445 544 Saepe
477 460 635 520 etiam
656 507 670 529 ,
702 459 950 540 lacrymae
980 482 1067 517 me
1098 473 1228 518 sunt
1258 458 1529 519 scribente
1557 459 1822 541 profusae,
2009 479 2063 535 95

371 557 724 637 Humidaque
750 570 834 617 est
861 556 991 616 fletu
1016 553 1174 615 litera
1202 555 1341 617 facta
1366 580 1523 629 me03

293 658 513 738 Corque
543 667 757 714 vetusta
783 677 994 726 meum,
1027 668 1287 736 tanquam
1318 677 1459 713 nova
1480 702 1494 727 ,
1525 653 1748 715 vulnera
1776 656 1968 728 sentit,

370 754 546 831 Inque
577 749 756 809 sinum
783 763 989 807 moestae
1016 746 1222 809 labitur
1247 750 1427 810 imber
1449 774 1619 833 aquae.

296 847 513 925 Quum,
540 843 654 905 vice
683 858 922 916 mutata,
956 844 1089 927 quid
1117 845 1220 906 sim
1249 846 1556 929 fuerimque
1578 848 1864 922 recordor,

375 946 450 1003 Et
477 941 664 1002 tulerit
691 966 803 1024 quo
834 965 921 1001 me
948 965 1134 1014 casus,
1159 957 1214 1002 et
1244 942 1418 1015 unde,
1451 943 1633 1016 subit3

298 1041 450 1120 Saepe
478 1061 671 1099 manus
699 1037 948 1109 demenS,
981 1036 1178 1097 studiis
1206 1037 1344 1097 irata
1369 1036 1652 1116 maligniS,

378 1133 540 1194 Misit
565 1133 624 1192 in
651 1155 872 1192 arsuros
904 1132 1140 1192 carmina
1170 1147 1360 1193 nostra
1389 1133 1562 1195 focos

298 1235 481 1315 Atque
508 1230 585 1290 ita
616 1229 682 1289 de
708 1227 924 1302 multis,
957 1229 1213 1311 quoniam
1243 1254 1356 1290 non
1381 1230 1555 1291 multa
1587 1245 1914 1315 supersunt,

381 1330 521 1389 Cum
547 1327 703 1387 venia
730 1326 923 1399 facitO,
955 1326 1208 1409 quisquis
1239 1350 1323 1399 eS,
1354 1326 1459 1388 ista
1485 1326 1663 1406 legas:

290 1426 379 1486 Tu
409 1448 631 1506 quoque
660 1448 772 1483 non
798 1422 1016 1495 melius,
1053 1446 1218 1506 quam
1244 1439 1373 1484 sunt
1394 1447 1512 1485 mea
1542 1439 1820 1508 tempora,
1853 1447 2071 1484 carmen

379 1519 677 1579 Interdicta
703 1517 865 1589 mihi,
900 1517 1155 1592 consule,
1189 1519 1397 1592 Roma,
1425 1519 1581 1579 boni.

300 249 399 301 158

1995 976 2070 1004 100

1996 1536 2074 1578 106

355 1662 423 1722 98.
440 1664 570 1718 Inque
588 1665 724 1704 sinum
736 1668 891 1704 moestae
903 1665 1061 1705 labitur
1073 1665 1144 1704 im·
1285 1679 1357 1706 101
1366 1695 1375 1704 .
1385 1662 1545 1705 Studiis
1555 1666 1668 1705 irata
1678 1664 1847 1718 sibique.
1857 1664 1975 1705 Irata
1987 1679 2074 1714 rna-7

299 1731 370 1770 ber
379 1744 506 1783 aquoe.
522 1730 675 1771 Δεύοντο
692 1723 730 1770 ’δὲ
745 1728 903 1786 δάκρυσι
917 1731 1056 1771 κόλποι.
1071 1726 1145 1770 An
1226 1732 1355 1784 lignis
1374 1727 1533 1772 rectius
1551 1726 1796 1785 Hamburg.
1817 1736 1861 1771 et
1879 1728 2073 1784 quinque

302 1793 385 1836 hoc
399 1792 531 1836 etiam
547 1791 602 1835 de
617 1791 841 1835 oculorum
855 1791 981 1834 sinu?
999 1792 1147 1835 Imber
1229 1793 1299 1837 alii
1311 1792 1468 1851 scripti.
1484 1791 1696 1849 Sequenti
1712 1808 1851 1842 versu,
1860 1808 1982 1847 rogos
1993 1807 2073 1848 pro

302 1856 422 1899 enim
443 1856 730 1900 vehementer
749 1855 925 1912 depluit.
1217 1857 1349 1912 focos
1365 1857 1492 1901 multi
1512 1866 1680 1901 veteres
1698 1873 1708 1900 :
1730 1857 1791 1899 nil
1812 1864 1949 1899 muto.
1969 1858 2028 1900 H.

355 1939 422 1982 99.
463 1925 550 1977 Qui
579 1929 658 1966 sim
685 1923 924 1979 fuerintque
948 1925 1146 1966 recordor.
1289 1922 1381 1966 103.
1403 1922 1541 1978 Atque
1555 1937 1607 1964 ca
1622 1924 1674 1964 de
1692 1924 1845 1964 multis.
1858 1920 1999 1976 Atque
2011 1925 2075 1963 ita

302 1988 391 2031 Alii
409 1991 526 2044 quis;
547 1987 621 2030 sed
637 1987 895 2031 Hafniensis
913 1996 957 2031 et
971 1989 1149 2032 Vossia-

302 2069 386 2096 nus
407 2055 512 2108 quid
531 2057 638 2106 sim,·
667 2062 717 2096 ut
736 2053 919 2097 Metam.
943 2054 988 2097 II
1002 2087 1014 2109 ,
1041 2056 1116 2099 551
1136 2070 1147 2098 ε

310 2119 427 2172 Quid
422 2117 582 2173 fuerim
594 2121 862 2175 quidsimque
879 2121 1001 2174 vide‚·
1019 2135 1150 2175 supra

308 2182 441 2226 Trist.
462 2182 532 2226 lib.
555 2182 645 2237 III,
668 2183 788 2241 Eleg.
810 2198 859 2227 XI
876 2217 887 2239 ,
909 2200 969 2227 vs.
991 2187 1042 2227 25
1057 2216 1069 2238 ,
1099 2199 1150 2226 ex

309 2249 495 2305 antiquis
502 2249 736 2305 codicibus,
746 2252 842 2294 Non
853 2267 944 2293 sum
956 2266 1032 2305 ego
1042 2251 1157 2305 quod

293 2313 465 2369 fueram
484 2330 496 2358 :
515 2323 645 2373 atque
664 2315 724 2360 ita
744 2314 914 2373 passim.
936 2315 996 2358 H.

1231 1987 1459 2032 Barberin.
1479 1987 1661 2031 Putean.
1684 1995 1728 2031 et
1749 1985 1911 2029 Buslid.
1930 1994 2045 2029 recte
2062 2001 2074 2028 ε

1229 2068 1281 2095 ea
1294 2051 1414 2095 enirn
1426 2049 1535 2094 ferri
1546 2066 1636 2094 non
1652 2059 1793 2107 potest
1808 2082 1820 2105 ,
1839 2064 1976 2106 quum
1989 2052 2075 2091 ista

1230 2124 1436 2172 sequatur
1462 2132 1471 2157 :
1491 2131 1621 2171 supra
1639 2114 1709 2158 lib.
1733 2114 1802 2158 111
1818 2146 1829 2167 ,
1855 2113 1993 2169 Atque
2011 2116 2075 2154 ita

1231 2184 1392 2225 divellit
1399 2195 1414 2234 ,·
1440 2180 1576 2238 Epist.
1588 2179 1777 2224 Leandri
1793 2211 1804 2232 ,
1826 2195 1842 2220 1
1854 2180 1899 2222 15
1911 2210 1922 2232 ,
1937 2178 2075 2232 Atque

1231 2251 1294 2289 ita
1313 2253 1543 2290 contactus.
1576 2245 1732 2302 Neque
1765 2243 1887 2288 aliter
1916 2241 2073 2299 passim

1232 2314 1407 2359 Noster.
1429 2313 1489 2358 H.
