2280 3776
435 281 548 335 EX
589 278 885 334 PONTO
925 278 1086 332 LIB.

1312 85 1332 139 i

1130 278 1262 332 111.
1308 277 1585 333 Erls‘r.
1631 283 1701 335 v.
1854 283 1962 351 403

269 397 451 459 Mittit
479 398 548 459 ab
572 396 802 456 hirsutis
820 441 833 467 ‚
864 395 1108 456 Maxime
1134 395 1333 467 Cotta,
1369 395 1542 458 Getis.

187 496 477 574 LegimuS,
511 518 543 554 o
568 491 782 574 juvenis
809 489 976 573 patrii
1003 513 1118 550 non
1147 491 1384 570 degener
1410 494 1524 555 oris
1541 541 1558 567 ‚
1617 546 1622 550 .

273 592 436 653 Dicta
465 589 567 650 tibi
594 587 760 672 pleno
791 586 960 647 verba
986 586 1190 647 diserta
1218 588 1360 649 soro.

192 692 335 773 Quae
353 737 368 763 ‚
403 710 717 773 quanquam
742 684 933 764 lingua
958 684 1095 745 mihi
1124 700 1255 747 sunt
1281 703 1721 773 properanteper
1747 692 1822 753 ho
1843 716 1934 755 ras

274 788 440 846 Lecta
466 782 599 844 satis
628 779 861 854 multas,
891 803 1066 864 pauca
1093 779 1263 843 fuisse
1293 805 1511 865 queror.
1927 823 1973 849 ,υ

195 879 363 943 Plura
391 879 486 943 sed
514 879 629 941 haec
658 878 762 940 feci
791 877 1085 958 relegendo
1111 902 1286 962 saepe3
1315 902 1415 940 nec
1442 904 1685 964 unquam

277 978 410 1038 Haec
437 975 600 1047 mihi,
630 998 795 1059 quam
822 976 1034 1059 primo,
1069 989 1223 1054 grata
1247 975 1400 1036 suere
1427 977 1620 1056 magis.

197 1074 499 1155 Quumque
529 1069 669 1132 nihil
698 1069 860 1133 toties
889 1068 1087 1131 lectae
1115 1068 1402 1132 dulcedine
1429 1071 1694 1154 perdant,

278 1167 510 1228 Viribus
538 1165 633 1226 illa
656 1166 779 1227 suis
797 1212 812 1238 ‚
845 1189 960 1227 non
987 1165 1260 1237 novitate.
1293 1165 1526 1250 placent.

199 1255 433 1340 FeliceS‚
468 1265 673 1349 quibus
703 1264 818 1325 haec
849 1264 973 1347 ipso
1001 1287 1333 1343 cognoscere
1360 1265 1418 1326 in
1445 1279 1603 1337 actu,

1936 1286 1983 1326 15

282 1363 358 1423 Et
388 1377 496 1423 tam
524 1361 765 1422 facundo
796 1361 1032 1440 contigit
1057 1385 1150 1423 ore
1177 1360 1314 1422 frui!

199 1461 372 1533 Nam,
405 1482 719 1543 quanquam
750 1481 917 1542 sapor
943 1473 1028 1521 est
1055 1457 1234 1520 adlata
1257 1456 1436 1520 dulcis
1466 1460 1525 1519 in
1553 1461 1730 1533 unda,

258 1591 300 1635 6.
314 1592 384 1634 Ab
401 1593 524 1635 Getis
535 1592 722 1634 hirsutis.
737 1582 914 1633 ᾹᾸΟείίυ
931 1606 1055 1647 squa-

204 1656 322 1711 lidis,
340 1656 557 1711 barbaris,
581 1664 625 1699 et
642 1655 837 1713 impexis.
857 1656 987 1701 Men.
1001 1677 1056 1689 --

206 1722 294 1765 Vel
311 1720 455 1787 potius
468 1723 649 1764 hirsutos
664 1721 866 1764 nominat
882 1730 1061 1778 propter

205 1787 337 1846 pelles
356 1784 547 1831 hirsutas
564 1819 575 1842 ,
611 1787 766 1843 quibus
784 1802 828 1831 se
855 1786 1060 1833 adversus

204 1854 371 1923 frigora
388 1852 466 1901 illo
481 1853 562 1898 sub
582 1852 687 1909 coelo
709 1868 832 1910 piene
850 1863 1092 1911 perpetua„

207 1906 524 1962 communiant.
545 1912 691 1962 Pom.
695 1918 944 1961 —Maxime
961 1919 1062 1960 Lot-

205 1991 266 2026 !a.
299 1984 519 2034 Μαι-ὑπή
548 1990 592 2025 et
623 1982 683 2025 sic
713 1982 840 2024 initio
856 1981 1063 2039 Epistoiae

209 2049 403 2092 Maximo
427 2015 573 2093 Colle.
596 2045 688 2099 ¹Hic:
708 2045 908 2096 Messalae
938 2045 1061 2090 Cor-

208 2112 299 2156 vini
320 2111 432 2155 illius
446 2110 714 2155 disertissimi
731 2110 1065 2165 filius,R'1essal-

208 2177 288 2222 lini
303 2177 443 2222 frater
458 2209 470 2232 ‚
489 2176 526 2219 C
532 2185 633 2220 ottae
654 2192 821 2220 nomen
842 2186 1066 2220 mutuatus

207 2246 278 2288 est
298 2243 350 2287 ab
369 2238 570 2287 Aureliis
567 2243 661 2294 avis
680 2242 917 2296 maternis,
940 2251 990 2288 ut
1006 2242 1092 2285 di-

212 2309 372 2353 scimus
392 2323 444 2350 ex
463 2306 614 2364 Elegia
634 2307 810 2362 ultima,
840 2294 973 2350 Pout.
996 2306 1067 2353 lib,

216 2375 307 2429 JV,
320 2389 431 2416 vers.
445 2371 542 2428 43,
531 2389 577 2415 m
591 2388 723 2428 quam
739 2379 917 2429 gentem
937 2364 1071 2428 adop-

214 2440 334 2483 tione
351 2438 610 2494 transiverat
622 2455 648 2492 3,
660 2435 782 2493 quod
794 2452 927 2493 supra
949 2435 1073 2488 ndi-7

215 2523 314 2549 mus
333 2506 412 2549 sub
431 2503 570 2547 finem
587 2503 747 2560 Elegiae
767 2502 970 2546 secundoe
987 2502 1068 2545 hu-

218 2572 288 2629 jus
320 2570 434 2614 libri.
460 2568 680 2626 Maximos
697 2576 846 2626 autem
864 2567 1001 2612 dictos
1020 2583 1074 2610 ex

217 2637 397 2680 Valeria
416 2634 582 2678 familia
597 2633 808 2691 quosdam
823 2666 835 2687 ,
864 2633 1076 2689 quemad-

223 2702 410 2747 modum
435 2699 645 2744 Messalas
657 2723 674 2754 ·,
700 2699 875 2743 Flaccos
890 2732 903 2754 ,
923 2699 1075 2756 Popli-

220 2769 362 2824 colas,
378 2767 595 2822 Voluzos,
621 2765 818 2810 Catullus
832 2775 876 2809 et
900 2766 1076 2809 Aciscu-

223 2833 306 2883 los,
326 2842 498 2877 certum
531 2840 606 2875 est.
640 2832 756 2875 Nam
789 2829 901 2873 bello
934 2829 1080 2886 primo

225 2898 411 2953 Punico,
426 2897 507 2942 sub
522 2912 692 2940 annum
708 2896 766 2939 U
787 2894 841 2938 C.
863 2907 1000 2949 (mxc,
1011 2895 1077 2937 Μ.

228 2962 432 3007 Valerius
452 2951 671 3005 Maximus
686 2976 787 3004 cum
806 2960 875 3003 Μ.
891 2955 1080 3003 Otacilio

232 3023 393 3068 Crasso
409 3026 559 3070 consul
574 3024 832 3082 perhibetur
848 3056 860 3080 ,
894 3025 970 3080 qui
992 3023 1080 3066 de-

232 3090 342 3133 victa
364 3089 572 3133 Messana
598 3105 847 3147 cognomen
882 3088 1084 3132 Messala

231 3154 400 3211 primus
420 3153 607 3197 adscivit.
626 3155 729 3197 Huc
746 3162 790 3196 et
807 3152 926 3196 refer
945 3153 1085 3196 Vale-

234 3220 351 3262 rium
372 3219 616 3262 Maximum
645 3220 902 3275 scriptorem
921 3251 934 3272 ‚
960 3219 1084 3275 cujus

235 3283 447 3328 nonnulla
468 3284 712 3327 etiamnum
731 3293 912 3327 exstant.
937 3283 999 3326 H.

292 3367 330 3408 7.
358 3351 396 3392 0
404 3350 575 3405 juvenis
591 3366 676 3392 non
690 3353 874 3405 degener.
894 3347 937 3391 Ο
954 3347 1086 3392 Cotta

237 3414 431 3459 Maxime
448 3448 460 3471 ,
485 3415 668 3471 quinon
688 3415 925 3472 degeneras
945 3430 971 3457 a
989 3414 1085 3457 tuis.

1102 2175 1129 2202 Α

1135 1590 1295 1633 —Ort's
1303 1595 1446 1646 patrii.
1468 1590 1743 1648 Eloquentiae
1761 1596 1895 1652 patris
1912 1599 1990 1653 tui,

1138 1654 1213 1712 qui
1244 1654 1327 1700 fuit
1355 1672 1555 1701 summus
1585 1667 1746 1703 orator.
1768 1660 1855 1705 ve}
1882 1662 1988 1708 satie

1138 1730 1307 1778 patrem
1323 1730 1450 1766 tuum
1472 1722 1684 1767 reserens.
1700 1724 1750 1767 M
1758 1738 1830 1769 nn.
1848 1737 1893 1771 et
1912 1729 1962 1771 P.

1170 1789 1232 1831 Δ8.
1264 1789 1398 1831 Dicta
1421 1790 1549 1843 pleno
1566 1789 1682 1844 βω.
1706 1787 1870 1835 Habita
1896 1792 1997 1836 sre-

1140 1852 1297 1911 quenti
1309 1852 1434 1896 turba
1455 1885 1467 1907 ‚
1498 1868 1594 1909 (με
1616 1862 1710 1897 erat
1726 1855 1774 1898 in
1789 1854 1893 1900 foro
1912 1859 1992 1914 ju-

1142 1918 1297 1963 diciali.

1202 1976 1265 2029 ιθ.
1275 1977 1736 2040 Ριιίσὶὲρσιιεα.νί33πι
1753 1986 1883 2032 fuisse
1899 2004 1997 2033 eam

1142 2050 1392 2104 orationem
1405 2050 1608 2105 brevem,
1625 2053 2000 2110 propter-eiusele—

1144 2115 1368 2172 gantiam,
1388 2122 1432 2157 et
1453 2130 1584 2158 suave
1603 2115 1776 2159 dicendi
1797 2135 1948 2175 genus.

1213 2196 1225 2221 ι
1241 2192 1274 2221 ι.
1295 2179 1428 2220 Plura
1445 2182 1526 2221 sed
1536 2179 1732 2233 hocfeci.
1759 2184 1862 2225 lla-c
1877 2185 2005 2239 paulo

1131 2251 1245 2297 .post
1275 2241 1511 2297 sequitur-3
1540 2257 1673 2297 quare
1690 2245 2003 2303 scribendum,

1151 2308 1232 2347 sed
1250 2305 1390 2359 esfi'ci.
1421 2306 1481 2348 H.
1510 2305 1658 2349 Nostri
1674 2309 1878 2364 hecfi’ct'.

1172 2348 1286 2411 5⁴¹1'52
1310 2371 1415 2411 Haec
1450 2371 1560 2413 mike
1580 2382 1702 2426 quam
1724 2378 1861 2427 primo
1883 2386 2009 2431 grata

1137 2432 1428 2489 fixeramus.
1452 2431 1689 2488 Nona-1711,
1710 2454 2001 2494 quamn-nno

1149 2506 1273 2552 grata
1280 2497 1405 2552 suere
1415 2503 1574 2554 magde,
1599 2501 1778 2557 Argent.
1793 2513 1837 2547 et
1852 2504 2007 2549 decem

1154 2563 1225 2608 alii
1243 2591 1254 2614 ,
1281 2562 1431 2619 probe.
1449 2566 1550 2608 Non
1565 2570 1704 2609 minus
1723 2567 1928 2625 Scaligeri
1940 2587 2009 2614 co-

1155 2629 1237 2673 dex
1250 2661 1262 2683 ,
1285 2629 1413 2673 Polit.
1430 2638 1474 2674 et
1499 2641 1688 2687 quatuor
1704 2643 1929 2690 praeterea.
1946 2638 2007 2681 H.

1215 2695 1278 2738 13.
1327 2697 1537 2752 Quumque
1574 2713 1657 2740 sua
1682 2704 1806 2741 tote'es
1823 2703 1938 2743 nibe'l
1955 2720 2009 2744 ez

1155 2761 1375 2805 dulcedine
1385 2763 1578 2815 perdant.
1599 2761 1720 2807 Nihil
1738 2770 1803 2808 est
1823 2765 1874 2808 ad
1894 2768 2012 2822 quod

1157 2825 1374 2870 reseratur
1391 2829 1435 2870 τὸ
1449 2830 1584 2871 toties.
1604 2828 1788 2886 Argent.
1810 2839 1857 2874 et
1872 2832 2015 2888 quin-

1160 2907 1244 2947 que
1274 2891 1341 2934 alii
1357 2923 1368 2944 ,
1398 2908 1597 2948 quumque
1627 2896 1740 2937 nihil
1758 2901 1883 2938 tou’es
1902 2901 2015 2940 lecta

1158 2973 1181 3000 e
1200 2959 1417 2999 dulcedine
1424 2960 1618 3012 perdant.
1638 2957 1731 3002 Nisi
1751 2960 1870 3015 quod
1889 2978 1913 3003 a
1933 2962 2016 3004 tri-

1163 3021 1244 3064 bus
1265 3021 1389 3064 abest
1407 3025 1450 3065 τὸ
1459 3038 1496 3064 e.
1519 3021 1582 3064 H.

1222 3088 1284 3140 ¹4·
1304 3087 1493 3129 Placent.
1520 3089 1676 3130 Valent
1693 3103 1808 3132 unus
1826 3089 2016 3134 Heinsii.

1222 3155 1284 3195 15.
1312 3153 1472 3205 Quibus
1496 3154 1597 3195 bec.
1626 3154 1725 3196 Hoc
1739 3153 1933 3211 quinque
1951 3155 2014 3198 Ιί-

1163 3215 1253 3267 bri3
1281 3218 1359 3258 hos
1379 3215 1467 3259 MS
1489 3216 1659 3260 Bersm.
1682 3218 1829 3262 Nostri
1845 3222 1949 3262 hec.

1225 3299 1241 3325 1
1252 3284 1287 3339 7‘.
1308 3284 1475 3326 Ablata
1486 3286 1624 3328 dulcis
1638 3290 1685 3328 in
1701 3289 1829 3330 aend‘a.
1850 3289 2017 3331 Adlata

1169 3348 1440 3404 Argentinus
1457 3349 1616 3405 aliique
1642 3351 1846 3407 plurimi;
1874 3362 2015 3396 recte:

1169 3414 1252 3457 nisi
1272 3417 1417 3457 oblata
1435 3415 1570 3459 maiis.
1594 3417 1653 3459 H.
