2280 3776
311 302 414 373 154

785 306 850 359 P.
896 304 1194 360 OVIDII
1242 304 1614 362 NASONIS

383 420 669 481 Praesentis
699 443 855 481 casus
883 421 1358 506 immemoremque
1384 424 1529 484 facit..
2013 444 2071 500 150

304 517 489 598 thue
518 541 674 578 suum
706 517 936 577 Bacchis
967 542 1084 577 non
1111 519 1275 580 sentit
1301 521 1481 580 saucia
1510 518 1738 594 vulnuS‚

383 614 530 672 Dum
560 628 746 697 stupet
776 612 986 674 Edonis
1017 614 1290 677 exululata
1316 617 1499 696 jugis}

304 707 392 766 Sic
411 753 426 778 ‚
459 708 557 766 ubi
587 724 734 770 mota
763 708 939 770 calent
966 709 1125 770 viridi
1154 735 1270 772 mea
1299 727 1521 794 pectora
1552 712 1741 796 thyrso
1761 759 1778 786 ‚

383 804 566 865 Altior
594 806 835 867 humano
860 807 1086 890 spiritus
1115 807 1206 869 ille
1233 809 1375 870 malo
1407 825 1487 871 est
1516 835 1530 871 :

303 896 401 958 Ille
431 923 530 959 nec
559 900 809 962 exsilium
834 949 848 974 ,
878 901 1123 985 Scythici
1150 927 1249 964 nec
1275 902 1441 965 litora
1466 904 1658 987 ponti,
2018 921 2072 977 45

381 993 483 1054 Ille
510 1020 610 1057 nec
639 997 807 1058 iratos
836 999 1002 1060 sentit
1029 999 1230 1060 habere
1260 1001 1428 1073 Deos.

303 1170 409 1196 curoe
426 1170 511 1197 suoe
533 1189 543 1203 ‚
579 1155 662 1199 hoc
691 1165 755 1201 est
771 1188 784 1211 ,
817 1156 1008 1202 ssammae
1031 1191 1043 1213 ,
1079 1157 1148 1202 vel

304 1220 474 1262 amoris.
506 1221 566 1263 H.

357 1285 423 1337 4ι.
443 1286 640 1328 Bacchis.
659 1286 857 1341 Phoebas,
876 1296 994 1332 vates
1010 1287 1149 1345 Apol-

300 1347 399 1392 linis
416 1382 426 1402 ,
459 1365 553 1405 quae
586 1351 755 1395 Baccho
783 1353 902 1410 orgia
926 1353 1146 1408 celebrat,

301 1412 451 1456 furore
471 1424 669 1471 correpta
684 1448 695 1470 ,
716 1416 850 1472 qualis
866 1426 1006 1460 mater
1027 1418 1150 1461 Pen-

302 1477 427 1532 thei,
460 1487 503 1521 et
537 1479 697 1524 similes
737 1481 1042 1524 describuntur
1077 1483 1147 1527 ΠΙ

303 1543 543 1586 Metam.—
555 1546 723 1588 Saucia.
738 1546 835 1589 Deo
854 1547 1149 1603 plena.--Non

300 1612 428 1651 sentit
446 1625 563 1652 suurn
582 1614 744 1655 vulnus.
760 1612 862 1657 Non
874 1613 1006 1656 sentit
1019 1630 1148 1658 suum

303 1671 515 1717 furorem.

360 1743 426 1795 42.
457 1744 570 1785 Dum
598 1749 738 1798 stupet
768 1745 899 1787 Ida-is
934 1748 1152 1788 exululata

294 1807 428 1860 jugis.
456 1807 583 1863 prim.
617 1808 818 1852 Politiani
845 1812 1002 1852 Idonis.
1034 1810 1150 1867 Lege

303 1874 477 1915 Edonis.
490 1872 715 1928 Superiori
729 1890 856 1918 versu
871 1890 948 1930 pro
959 1877 1143 1927 Bacche,

304 1937 432 1991 prim.
455 1937 596 1979 Vatic.
629 1945 673 1980 et
703 1937 838 1980 codex
864 1939 984 1982 Petri
1011 1939 1152 1982 Servii

305 2002 503 2044 Bacchis.
543 2000 676 2044 Certe
710 2009 898 2057 Βακχίδες
930 2003 1153 2048 Aristoteli

304 2063 350 2106 in
374 2065 661 2108 problematis
680 2098 692 2119 ‚
724 2075 768 2109 et
797 2067 1031 2111 Plutarcho
1060 2084 1153 2111 eae-

307 2128 436 2183 dem,
468 2146 566 2186 quae
596 2130 686 2174 aliis
708 2132 872 2186 Βάκχαι.
909 2132 1154 2190 Hesychius

305 2197 424 2244 Θυιὰς
442 2202 596 2251 βακχίς.
619 2200 654 2240 οἱ
680 2201 720 2240 δὲ
739 2198 899 2246 Μκινάς.
918 2197 1007 2240 Pro
1024 2199 1153 2240 Idolis

294 2261 417 2315 jugis
431 2261 559 2317 prim.
575 2261 702 2304 Polit.
725 2261 855 2318 prim.
874 2263 1012 2306 Vatic.
1027 2262 1153 2305 mul-

309 2325 427 2381 tique
461 2324 529 2367 alii
559 2342 659 2370 cum
686 2326 837 2382 primis
862 2326 1152 2383 editionibus,

308 2395 471 2443 modam
494 2391 716 2448 quomodo
735 2392 844 2436 Stat.
859 2393 998 2436 Theb.
1022 2395 1077 2447 V,
1101 2410 1152 2452 92

308 2472 357 2512 sq
377 2473 388 2499 ι
412 2474 433 2493 «
455 2457 587 2499 veluti
602 2457 834 2500 Teumesia
849 2457 996 2516 Thyas
1012 2458 1154 2515 Rapta

311 2522 410 2565 Deo
425 2554 438 2575 ‚
458 2538 594 2577 quum
612 2539 729 2567 sacra
746 2533 929 2578 vocant,
952 2524 1154 2581 Idaeaque

309 2589 462 2634 suadet
490 2590 651 2632 Buxus.
677 2607 699 2627 »
739 2587 961 2633 Caeterum
993 2592 1156 2634 Edonis

299 2657 419 2712 juges
434 2656 671 2712 amplector
686 2670 774 2711 prae
788 2654 956 2711 vulgata
971 2656 1155 2699 lectione

298 2724 423 2778 jugis
441 2725 567 2765 Ida-is
584 2737 595 2764 z
614 2722 673 2764 sic
691 2724 864 2764 Edonus
877 2723 1038 2764 Boreas
1054 2723 1105 2765 M
1109 2739 1157 2765 a-

312 2789 440 2843 roni,
460 2788 636 2832 AEneid.
655 2788 725 2830 lib.
742 2788 859 2843 XII,
878 2788 978 2840 3553
998 2791 1159 2832 Edonoe

311 2857 476 2912 hyemes
503 2854 618 2911 apud
643 2854 831 2897 Statium
863 2862 906 2896 et
940 2853 1156 2896 Claudia-

312 2935 423 2961 num
441 2952 451 2973 ,
468 2928 512 2962 et
523 2921 668 2961 Edoni
677 2917 916 2975 ventiapud
931 2918 1156 2961 Valerium

316 2983 518 3026 Flaccum
538 3000 549 3035 ;
582 2983 781 3039 produxit
807 2999 979 3038 quoque
999 2998 1158 3026 secun.-

314 3049 415 3091 dam
435 3049 642 3108 syllabam
658 3050 870 3092 Horatius
881 3082 891 3102 ‚
908 3066 989 3092 non
1001 3065 1079 3104 ego
1095 3051 1158 3090 le-

313 3118 407 3155 vius
426 3117 681 3157 Bacchabor
696 3117 857 3157 Edonis
875 3130 887 3156 ,¹
908 3130 1040 3172 quare
1061 3112 1159 3154 fru-

315 3189 400 3222 stra
428 3191 529 3225 sunt
545 3214 557 3236 ‚
591 3182 663 3237 qni
686 3183 879 3224 Edonias
906 3196 985 3237 pro
1008 3181 1158 3222 Edono

316 3256 549 3300 reponunt.
582 3248 634 3289 In
660 3249 820 3289 Edonis
845 3255 990 3289 tamen
1014 3243 1160 3293 ambi-

318 3324 399 3364 gua
421 3317 484 3351 est
504 3310 660 3366 syllaba
676 3343 686 3362 ,
714 3310 937 3365 quomodo
959 3317 1003 3353 et
1026 3308 1071 3351 in
1091 3308 1158 3349 Se·-

316 3376 436 3415 donis
463 3390 475 3415 ,··
505 3374 564 3416 sic
591 3380 743 3416 matres
773 3377 987 3417 Edonides
1019 3387 1159 3416 ornnes

318 3439 432 3496 apud
443 3440 653 3486 Nostrum
665 3473 677 3494 ,
700 3440 810 3487 Met.
824 3440 896 3484 lib.
909 3441 974 3486 XI
989 3472 1002 3497 ,
1020 3441 1075 3498 69
1090 3457 1100 3493 ;
1115 3447 1159 3482 et

1232 1157 1346 1214 apud
1360 1157 1642 1214 Propertium
1659 1173 1670 1201 z
1686 1172 1708 1194 α
1727 1156 1820 1202 Nec
1837 1156 1983 1201 minus
1996 1156 2075 1200 ad-

1227 1223 1360 1267 siduis
1378 1222 1542 1267 Edonis
1563 1222 1667 1266 lassa
1685 1222 1854 1266 choreis
1869 1240 1880 1275 ;
1894 1240 1915 1260 n
1934 1238 2072 1278 quum

1228 1289 1432 1332 Lucanus
1443 1287 1704 1346 corripuerit
1718 1321 1730 1343 ‚
1745 1287 1896 1332 Phars.
1912 1287 1951 1342 I,
1969 1288 2073 1343 675:

1231 1374 1253 1393 «
1280 1355 1446 1399 Edonis
1478 1354 1652 1414 Ogygio
1681 1354 1917 1398 decurrens
1946 1352 2076 1410 plena

1230 1421 1372 1478 Lyaeo.
1396 1438 1419 1458 »
1449 1420 1556 1476 Quo
1576 1419 1672 1464 loco
1699 1419 1931 1464 Salmasius
1953 1418 2076 1462 Soli-—

1228 1486 1370 1529 nianis
1394 1484 1774 1529 exercitationibus
1806 1486 1967 1527 odonis
1996 1499 2082 1527 re·-

1229 1552 1332 1608 poni
1354 1550 1478 1606 jubet
1496 1584 1508 1605 ,
1535 1566 1675 1607 quum
1695 1550 1878 1594 Odones
1893 1550 1979 1594 sint
1995 1565 2076 1606 po-

1230 1617 1356 1674 pulus
1371 1617 1569 1660 Thraciae
1585 1633 1595 1659 :
1616 1616 1690 1659 sed
1708 1626 1799 1659 no‘n
1814 1616 2079 1658 meminerat

1231 1681 1387 1725 Silium
1409 1698 1583 1738 quoque
1612 1681 1812 1734 Italicum
1840 1679 2077 1724 secundam

1230 1746 1439 1804 syllabam
1479 1746 1750 1803 corripuisse.
1787 1744 1993 1802 Virgilius
2031 1745 2078 1787 in

1235 1809 1328 1854 Ciri
1344 1806 1619 1865 ‚secundam
1639 1809 1686 1852 in
1702 1811 1899 1852 Bistonis
1919 1806 2079 1863 produ-

1231 1877 1288 1921 cit
1303 1909 1314 1931 ,
1336 1893 1444 1920 vers.
1474 1877 1552 1920 165
1572 1893 1583 1919 :
1604 1894 1625 1913 «
1647 1875 1768 1919 Saeva
1788 1874 1906 1917 velut
1926 1873 2076 1930 gelidis

1235 1940 1453 1984 Ciconum
1465 1940 1710 1985 Bistonisin
1721 1939 1969 1993 oris,lctave
1984 1938 2079 1981 bar-

1231 2005 1375 2049 barico
1392 2004 1579 2064 Cybeles
1594 2003 1785 2047 antistita
1803 2003 1943 2054 buxo;
1965 2020 1985 2039 »
2002 2001 2080 2044 sed

1230 2069 1422 2113 fortassis
1443 2069 1526 2112 illic
1545 2068 1853 2126 reponendum
1873 2083 1883 2111 ε
1910 2085 1931 2105 «
1956 2067 2081 2110 Saeva

1232 2136 1350 2179 velut
1374 2134 1607 2178 Ciconum
1648 2133 1798 2191 gelidis
1834 2132 2001 2176 Edonis
2033 2131 2080 2173 in

1232 2202 1330 2244 oris.
1353 2218 1376 2239 »ι
1400 2201 1458 2244 Η.
1473 2224 1527 2233 —
1546 2202 1660 2242 Dum
1688 2207 1836 2254 stupet.
1865 2197 1988 2241 Dum
2017 2205 2083 2239 est

1233 2266 1444 2309 adtonita.
1464 2289 1519 2298 —
1534 2265 1678 2308 Modis
1697 2266 1836 2307 Idaeis.
1851 2262 2050 2306 ‘Vocibus
2068 2294 2081 2316 ,

1232 2331 1301 2374 vel
1335 2330 1478 2374 modis
1496 2363 1509 2385 ‚
1545 2330 1700 2386 quibus
1732 2327 1890 2373 Bacchi
1931 2343 2081 2370 sacer-

1233 2394 1356 2438 dotes
1379 2403 1566 2438 utuntur
1583 2394 1628 2436 in
1644 2393 1720 2437 Ida
1735 2402 1886 2436 monte
1908 2390 2052 2434 Cretae
2066 2421 2081 2444 ,

1234 2469 1423 2503 matrem
1443 2459 1591 2503 Deum
1614 2458 1896 2503 clamitantes.

1291 2527 1356 2581 43.
1370 2527 1499 2569 Sacro
1508 2542 1600 2568 mea
1604 2533 1775 2581 pectora
1783 2526 1935 2582 thyrso.
1946 2523 2088 2565 Viridi

1231 2595 1373 2651 thyrso
1393 2592 1521 2649 prim.
1538 2592 1737 2634 Vatican.
1756 2586 2078 2643 Rottendorph.

1235 2659 1345 2702 alter
1364 2658 1491 2702 Polit.
1513 2666 1556 2701 et
1578 2666 1677 2701 octo
1694 2656 1775 2699 alii.
1796 2655 1856 2696 H.
1870 2677 1924 2685 —
1940 2654 1993 2697 In
2011 2669 2077 2696 sa-

1233 2721 1739 2778 crisBacchi,sacerdotes
1751 2720 1844 2775 ejus
1858 2718 2081 2774 gestabant

1234 2789 1406 2838 thvrsos
1420 2821 1431 2842 ,
1448 2787 1588 2829 hastas
1605 2783 1818 2841 pampinis
1837 2781 2082 2825 circumvo-

1234 2839 1344 2896 lutas
1358 2856 1618 2906 3parnpineas
1629 2852 1778 2891 hastas
1791 2856 1914 2891 vocat
1923 2845 2081 2903 Vix-gil.

1234 2916 1313 2972 ipsi
1329 2917 1554 2973 thyrsigeri
1569 2911 1686 2955 dicti.
1706 2912 1758 2954 P.

1289 2981 1354 3034 44.
1363 2979 1510 3022 Altior
1514 2980 1695 3020 humano
1702 2980 1875 3031 spiritus
1887 2977 1960 3018 ille
1969 2978 2080 3017 malo

1232 3052 1310 3090 est.
1327 3045 1373 3088 iu
1390 3044 1509 3088 Leid.
1527 3052 1619 3086 erat
1637 3076 1649 3097 ,
1671 3046 1742 3086 ille
1760 3045 1852 3084 loco
1868 3049 1944 3083 est.
1965 3039 2080 3083 Vide

1235 3127 1291 3154 an
1306 3110 1392 3153 huc
1408 3109 1538 3153 faciat
1552 3108 1658 3151 illud
1671 3107 1894 3161 Petronii,
1916 3123 1951 3149 c.
1970 3104 2080 3149 XC:

1237 3194 1259 3214 «
1274 3175 1442 3232 Saepius
1460 3173 1627 3230 poetice
1650 3189 1782 3230 quam
1801 3171 1993 3215 humane
2014 3171 2085 3214 lo-

1233 3249 1361 3284 cutus
1378 3256 1437 3283 es.
1456 3258 1478 3277 »
1501 3240 1664 3282 Bumu.

1290 3307 1356 3361 46.
1375 3307 1511 3348 Sentit
1522 3307 1673 3348 habere
1685 3305 1816 3347 Deos.
1827 3303 1990 3346 Adesse
2009 3316 2082 3344 se-

1235 3379 1355 3427 ptem
1378 3379 1545 3413 veteres
1568 3386 1579 3420 ;
1610 3368 1726 3411 forte
1750 3371 1879 3412 sentit
1896 3369 2079 3409 habetne.

1234 3440 1401 3483 Habere
1412 3438 1529 3481 Deos
1551 3440 1682 3481 iratos
1705 3444 1755 3479 ut
1776 3433 1892 3492 apud
1914 3434 2080 3476 Petro-
