2280 3776
420 306 877 364 TRISTIUM
924 305 1083 362 ΜΒ.
1131 308 1244 364 lv.
1292 307 1541 395 ELEG.
1591 311 1679 364 11.

1842 312 1934 366 161

263 425 563 493 {Terribiles
589 424 737 497 aliis,
764 424 1212 507 immemoresque
1242 425 1343 486 sui.

187 527 440 606 Quorum
469 547 597 608 pars
626 546 844 596 causas,
875 537 930 582 et
953 544 1039 583 res
1057 569 1071 594 ‚
1102 538 1155 583 et
1182 523 1401 584 nomina
1429 538 1670 606 quaeret:
1897 543 1949 583 25

269 620 404 680 Pars
432 618 659 691 referet,
691 617 938 701 quamvis
962 617 1177 678 noverit
1205 617 1321 700 ipsa
1351 641 1543 700 parum
1571 642 1583 677 ε

188 718 246 777 Is
263 762 277 789 ,
309 716 404 799 qui
433 715 661 776 Sidonio
689 713 865 792 fulget
896 713 1149 774 sublimis
1177 714 1233 773 in
1261 729 1413 775 ostro
1437 762 1455 788 ,

271 812 400 871 Dux
426 811 603 871 fuerat
625 809 760 870 belli
786 834 798 869 :
823 810 1107 893 proximus
1140 808 1232 869 ille
1258 809 1383 870 duci
1409 834 1423 869 :

192 907 300 968 Hic
317 954 332 981 ‚
362 907 457 990 qui
484 930 631 967 nunc
659 906 719 966 in
743 905 914 967 humo
938 905 1122 966 lumen
1151 905 1453 966 miserabile
1483 905 1631 986 figit,

270 1007 399 1066 Non
426 1005 532 1065 isto
562 1003 750 1077 vultu,
782 1028 951 1087 quum
978 1003 1107 1064 tulit
1130 1028 1278 1064 arma
1297 1051 1311 1076 ‚
1339 1004 1479 1064 fuit:
1901 1024 1956 1066 30

191 1100 292 1161 Ille
317 1101 471 1161 ferox
488 1148 503 1174 ,
535 1100 710 1161 oculis
737 1115 790 1160 et
821 1100 1000 1161 adhuc
1028 1100 1325 1160 hostilibus
1351 1101 1545 1162 ardens
1562 1148 1576 1172 ‚

274 1198 544 1257 Hortator
572 1219 770 1279 pugnae
797 1195 1192 1278 consiliumque
1221 1195 1358 1255 suit:

192 1293 442 1356 Perfidus
470 1293 561 1353 hic
587 1308 811 1354 nostros
842 1292 1065 1353 inclusit
1093 1291 1278 1352 fraude
1308 1291 1555 1353 locorum
1574 1338 1590 1364 ‚

268 1389 552 1476 Squallida
581 1389 868 1473 promissis
898 1389 992 1472 qui
1026 1388 1161 1467 tegit
1192 1411 1285 1449 ora
1315 1388 1484 1469 comis
1512 1412 1524 1447 :

193 1484 302 1547 Illo
322 1532 337 1560 ‚
372 1485 468 1570 qui
496 1483 770 1568 sequitur,
803 1484 993 1545 dicunt
1012 1497 1244 1544 mactata
1273 1482 1530 1544 ministro
1913 1502 1967 1546 35

196 1627 266 1664 to·
276 1651 288 1673 ,
299 1634 405 1663 nam
415 1619 487 1675 qui
501 1619 644 1675 primo
658 1618 835 1661 fuerant
851 1616 1016 1660 feroces
1028 1649 1040 1671 ,

199 1693 306 1728 tunc
323 1693 448 1728 erant
465 1682 651 1726 humiles
671 1691 715 1725 et
737 1680 1043 1736 abiecti—Pro

199 1756 387 1805 tempore.
419 1748 582 1792 Habita
610 1745 816 1802 temporis
846 1745 1011 1789 ratione
1028 1777 1040 1799 ,

201 1813 320 1871 quod
348 1811 509 1869 poscit,
531 1820 580 1855 ut
598 1811 698 1854 victi
716 1809 923 1853 ferociam
954 1825 1043 1866 po-

199 1893 288 1921 nan
294 1876 496 1920 t.—Al1·1·s
500 1892 580 1930 pro
592 1884 767 1929 tempore
781 1889 930 1916 versos.
945 1874 1044 1916 Hoc

201 1950 266 1986 eat
282 1948 470 1984 mutatos
487 1971 499 1994 ,
520 1947 564 1982 et
582 1937 781 1994 dejectos.
802 1937 958 1979 Malim
979 1945 1045 1979 ta-

199 2019 304 2049 men
327 2011 503 2048 mestos.
523 2002 582 2045 H.

256 2071 322 2124 24.
355 2068 574 2112 Terribiles
597 2069 716 2121 aliis.
740 2065 909 2109 Cer-net
928 2097 940 2119 ,
965 2065 1045 2107 in-

201 2135 297 2193 quit
314 2168 327 2191 ,
357 2133 540 2192 populus
576 2133 678 2176 alios
714 2132 901 2189 captivos
933 2131 1044 2174 truci

200 2200 324 2244 vultu
341 2232 354 2255 ,
379 2207 588 2256 tanquam
607 2198 642 2242 si
664 2206 806 2241 essent
832 2197 1043 2250 victores,

205 2263 322 2322 quod
340 2263 406 2308 his
421 2263 531 2308 solet
547 2262 722 2307 evenire
737 2295 749 2318 ,
770 2262 843 2318 qui
860 2261 926 2305 sui
944 2269 1045 2305 sunt

204 2329 500 2373 immemores.

263 2395 331 2436 25.
348 2395 410 2437 Et
417 2398 498 2446 res,
511 2401 554 2436 et
561 2397 731 2436 nomina
742 2399 904 2448 queret.
915 2393 976 2434 Et
986 2407 1047 2434 re-

203 2475 302 2515 gum
333 2461 498 2501 nomina
530 2457 885 2513 Hamburgensis.
914 2456 1046 2499 Forte

207 2533 251 2568 et
257 2539 396 2580 regna,
407 2533 450 2567 et
458 2527 623 2566 nomina
633 2537 646 2576 ,·
659 2522 727 2566 vel
738 2530 781 2566 et
787 2530 919 2576 gesta,
929 2529 971 2563 et
979 2537 1048 2563 no-

209 2594 353 2642 mina,·
375 2603 458 2646 pro
476 2603 631 2631 causas
652 2587 784 2632 etiam
803 2602 950 2636 ausus,
982 2585 1050 2629 vel

210 2657 315 2714 quid
333 2657 416 2700 tale
434 2655 606 2699 videtur
623 2653 941 2711 reponendum.
961 2653 1022 2695 H.

266 2722 332 2765 26.
352 2723 522 2765 Noverit
537 2722 627 2763 illa.
641 2721 743 2774 Ipsa
760 2719 918 2761 rectius
937 2733 1050 2760 unus

212 2788 437 2833 Mediceus
449 2819 461 2842 ,
484 2795 528 2830 et
544 2789 591 2829 Is
609 2803 687 2843 pro
706 2788 791 2829 Hic
814 2784 1048 2828 Medonia-

211 2869 317 2908 nus,
340 2868 464 2896 versu
486 2851 696 2909 proximo.
718 2849 779 2895 H.

265 2933 333 2975 27.
353 2919 463 2972 Hic,
492 2918 763 2973 quiSidom'o.
785 2920 962 2970 Μίμησις
984 2921 1051 2956 est

213 2980 502 3035 narrantium,
512 2989 557 3024 et
570 2979 703 3037 digito
714 2987 1053 3028 commonstran-

215 3045 355 3090 tium:
374 3045 460 3089 Hic
479 3043 624 3089 fuerat
644 3044 834 3088 hostium
857 3059 1052 3087 summus

213 3106 465 3168 imperator.
481 3111 532 3154 P.
540 3132 594 3143 -—
604 3112 688 3153 His
700 3109 876 3166 quidam
893 3126 903 3152 ι
917 3108 1027 3153 male
1041 3126 1053 3162 ;

221 3176 309 3219 He‘c
325 3174 419 3225 alii;
442 3176 487 3216 Is
504 3173 756 3217 Medonian.
777 3175 945 3217 melius.

273 3256 340 3298 ²9·
368 3239 524 3281 Lumen
553 3241 782 3280 miserabile
797 3240 914 3294 fixit.
944 3239 1058 3294 Figu

218 3303 357 3347 multi.
378 3303 436 3346 H.
483 3344 485 3347 .

275 3369 341 3411 33.
372 3370 536 3411 Fraude
560 3370 752 3411 Iocorum,
783 3365 1054 3410 Germanum

223 3432 491 3489 transfugam
505 3432 706 3488 denotat,
723 3432 853 3490 quiin
868 3431 1055 3477 hostium

382 3516 532 3575 VII.

1122 1614 1296 1658 insidias
1316 1613 1594 1672 precipitavit
1617 1614 1866 1671 Romanos,
1893 1625 1969 1659 aut

1123 1679 1169 1722 in
1191 1680 1280 1724 loca
1299 1680 1418 1723 duxit
1439 1680 1600 1736 iniqua.
1638 1707 1643 1712 ·

1178 1744 1243 1798 34.
1264 1746 1481 1801 squallida
1493 1748 1674 1799 prolixis
1695 1748 1768 1802 qui
1780 1750 1883 1800 tegi!
1896 1761 1971 1788 om

1123 1813 1265 1852 comis.
1301 1808 1514 1852 Veterum
1541 1809 1714 1866 plurimi
1744 1813 1938 1852 demissa·
1956 1844 1968 1862 ,

1123 1874 1189 1917 vel
1207 1877 1423 1927 debiti-salu·
1450 1875 1577 1931 prim.
1604 1876 1801 1918 vatican.
1829 1885 1873 1919 et
1897 1892 1971 1919 sex

1125 1939 1193 1981 alii
1213 1943 1457 1993 promissis,-
1484 1939 1600 1996 quod
1622 1955 1774 1983 verum
1799 1949 1863 1983 est
1883 1957 1892 1983 :
1911 1940 1971 1985 sic

1125 2002 1178 2046 de
1206 2003 1340 2048 Gallia
1370 2004 1514 2046 Livius
1534 2036 1547 2058 ‚
1582 2004 1653 2046 lib.
1684 2005 1800 2048 Vlll
1819 2037 1831 2058 ,
1857 2004 1971 2048 bello

1124 2067 1296 2113 Maced.
1310 2088 1330 2107 κ
1340 2070 1527 2114 Procera
1540 2085 1738 2127 corpora,
1750 2070 1970 2127 promisse

1125 2144 1170 2178 et
1189 2136 1373 2179 rutilatae
1390 2151 1526 2180 comae
1540 2169 1551 2190 ,
1567 2144 1682 2178 vasta
1698 2144 1816 2180 scuta
1830 2169 1842 2190 ,
1857 2151 1973 2192 prae-

1125 2201 1244 2258 longi
1265 2201 1406 2258 gladii.
1425 2219 1447 2238 »
1468 2201 1583 2243 Vide
1606 2202 1784 2244 Festum
1806 2202 1852 2244 in
1868 2219 1973 2257 pro-

1125 2272 1296 2309 missum
1316 2270 1544 2321 capulum.-
1560 2266 1785 2322 Superiori
1815 2281 1941 2309 versu
1958 2301 1972 2322 ,

1127 2345 1207 2387 pro
1218 2332 1392 2373 inclusit
1393 2330 1552 2384 fraude
1566 2363 1576 2379 ,
1594 2329 1744 2385 primae
1759 2329 1973 2374 editiones

1128 2406 1173 2440 et
1191 2396 1336 2451 scripti
1358 2395 1534 2452 quidam
1548 2429 1560 2450 ,
1581 2399 1727 2439 illusit.
1748 2395 1808 2438 H.

1184 2462 1250 2504 35.
1277 2462 1362 2503 Illo
1392 2464 1592 2503 ministro.
1621 2459 1876 2503 Ministrum
1901 2477 1972 2504 sa-

1130 2541 1306 2569 crorum
1328 2524 1528 2582 intelligit
1545 2558 1557 2580 ,
1576 2541 1628 2568 ex
1645 2524 1884 2569 Druidibus
1899 2526 1975 2569 ali-

1131 2606 1275 2646 quem.
1304 2589 1463 2633 Scribit
1494 2589 1613 2633 enim
1647 2588 1794 2634 Caesar
1813 2623 1825 2644 ,
1860 2590 1972 2634 libro

1134 2654 1386 2698 Comment.
1411 2655 1477 2698 VI
1491 2687 1504 2709 ,
1525 2654 1749 2698 nationem
1771 2655 1973 2698 omnium

1132 2718 1358 2763 Gallorum
1390 2735 1480 2762 esse
1513 2718 1751 2762 admodum
1778 2719 1972 2764 deditam

1130 2785 1407 2842 religionibus
1425 2801 1434 2828 :
1455 2794 1583 2842 atque
1605 2786 1660 2828 ob
1681 2802 1778 2829 eam
1798 2802 1970 2830 causam

1134 2851 1207 2907 qui
1221 2859 1324 2893 sunt
1337 2849 1493 2893 adfecti
1507 2851 1771 2907 gravioribus
1782 2851 1947 2895 morbis
1959 2885 1971 2906 ,

1134 2913 1293 2970 quique
1316 2914 1362 2956 in
1384 2914 1539 2970 praeliis
1562 2914 1845 2971 periculisque
1865 2931 1974 2958 ver-

1132 2987 1307 3032 santur,
1340 2994 1419 3034 pro
1447 2979 1630 3022 victimis
1651 2979 1852 3023 homines
1878 2981 1974 3022 im-

1134 3043 1298 3085 molare
1312 3075 1324 3096 ,
1340 3050 1412 3086 aut
1425 3059 1469 3086 se
1485 3042 1784 3086 immolaturos
1797 3060 1974 3099 vovere,

1136 3106 1483 3163 administrisque
1499 3108 1551 3150 ad
1564 3123 1614 3150 ea
1631 3108 1836 3150 sacrificia
1849 3109 1977 3152 Drui-

1136 3173 1259 3216 dibus
1275 3172 1337 3214 uti
1354 3188 1363 3215 :
1384 3173 1458 3229 qui
1473 3188 1552 3229 pro
1562 3173 1649 3215 vita
1664 3173 1852 3217 hominis
1865 3209 1875 3228 ,
1892 3176 1975 3218 nisi

1135 3237 1221 3279 vita
1229 3236 1416 3279 hominis
1425 3236 1647 3292 reddatur,
1661 3252 1750 3280 non
1767 3254 1886 3295 posse
1894 3256 1975 3282 nu-

1136 3320 1240 3346 men
1262 3303 1461 3346 Deorum
1483 3303 1794 3347 immortalium
1818 3305 1976 3362 placari

1138 3368 1478 3421 arbitrabantur,
1504 3368 1758 3424 publiceque
1779 3369 1976 3425 ejusdem

1137 3433 1306 3490 generis
1338 3433 1533 3477 instituta
1567 3432 1730 3477 hahent
1759 3431 1976 3478 sacrificia.

1656 3539 1711 3570 11
