2280 3776
473 277 929 334 TRISTIUM
968 278 1131 333 LIB.
1177 278 1303 333 111.
1347 278 1590 333 ELEG.
1635 281 1763 335 ΙΙΙ.

1899 300 2002 358 ιο9

232 393 416 476 Atque
446 394 649 454 utinam
679 407 902 477 pereant
928 394 1116 454 animae
1144 418 1268 455 cum
1297 416 1526 477 corpore
1554 409 1786 469 nostrae‚

317 479 670 572 Effugiatque
696 488 883 550 avidos
914 511 1041 571 pars
1063 488 1199 549 mihi
1227 487 1378 549 nulla
1402 490 1599 567 rogos!
1949 508 2005 549 60

235 587 374 647 Nam
407 587 484 659 si,
515 601 690 647 morte
719 608 932 658 carena,
962 610 1185 647 vacuam
1218 585 1364 647 volat
1389 586 1533 649 altus
1559 588 1615 648 in
1640 611 1827 650 auram

318 679 587 763 Spiritus,
620 695 672 740 et
700 680 867 741 Samii
896 694 1025 741 sunt
1056 695 1171 741 rata
1201 680 1343 741 dicta
1373 682 1547 755 senis;

237 777 390 836 Inter
415 774 738 836 Sarmaticas
769 777 1016 835 Romana
1046 774 1337 854 vagabitur
1361 777 1584 838 umbras
1601 823 1615 851 ,

318 872 536 954 Perque
562 871 706 932 feros
733 895 917 933 manes
946 871 1169 954 hospita
1196 894 1409 955 semper
1436 873 1553 933 erit.

240 969 384 1030 Ossa
417 983 596 1029 tamen
624 968 789 1029 facito
818 992 983 1051 parva
1010 968 1315 1030 referantur
1341 970 1399 1030 in
1427 964 1562 1031 urna
1586 995 1600 1031 τ
1950 986 2006 1032 65

316 1061 406 1122 Sic
438 1085 538 1140 ego
566 1086 680 1123 non
711 1063 871 1125 etiam
901 1077 1153 1123 mortuus
1183 1062 1337 1124 exsul
1366 1087 1475 1124 ero.

234 1159 348 1219 Nec
376 1172 521 1219 vetat
546 1159 654 1219 hoc
682 1160 974 1243 quisquam
999 1184 1011 1220 :
1042 1159 1265 1221 fratrem
1290 1159 1554 1221 Thebana
1581 1177 1885 1244 peremtum

315 1253 623 1339 Subposuit
654 1255 893 1329 tumulo,
920 1279 1045 1334 rege
1075 1270 1315 1328 vetante,
1346 1280 1521 1317 soror.

233 1354 418 1437 Atque
447 1375 507 1413 ea
537 1377 660 1415 cum
687 1352 836 1415 foliis
859 1367 914 1414 et
936 1353 1138 1414 amomi
1165 1351 1388 1437 pulvere
1416 1353 1607 1427 misce;

316 1449 492 1531 Inque
521 1448 842 1510 suburbano
873 1448 1095 1510 condita
1120 1470 1267 1531 pone
1298 1447 1452 1510 solo:
1951 1482 2004 1525 5⁰

239 1544 509 1628 Quosque
540 1544 684 1625 legat
715 1569 902 1607 versus
932 1543 1093 1606 oculo
1127 1559 1456 1629 properante
1480 1544 1681 1620 viator,

324 1643 639 1705 Grandibus
667 1645 726 1704 in
756 1642 955 1705 tumuli
984 1667 1249 1704 marmore
1276 1644 1417 1705 caede
1447 1644 1594 1705 notis
1617 1671 1630 1704 :

224 1740 346 1803 -Hic
375 1764 477 1822 ego
507 1743 600 1826 qui
628 1743 779 1824 jaceo
797 1790 811 1816 ‚
845 1757 1156 1802 tenerorum
1179 1740 1332 1803 lusor
1361 1765 1606 1802 amorum
1624 1788 1639 1815 ,

315 1836 546 1916 Ingenio
574 1837 713 1920 perii
743 1839 892 1899 Naso
922 1852 1086 1921 poeta
1113 1860 1251 1898 meo,

237 1971 351 2017 Fan.
374 1972 424 2028 Ι,
453 1973 506 2019 83
529 1992 540 2028 ;
576 1982 620 2018 et
651 1978 778 2019 draco
805 1980 945 2019 somni
965 1977 1082 2019 rudis·

234 2035 347 2082 Met.
360 2039 452 2084 vll
464 2072 476 2094 ,
494 2040 574 2083 213
586 2072 597 2094 ,
614 2056 665 2083 ex
680 2039 865 2097 antiquis
878 2041 1007 2085 libris.
1021 2042 1080 2085 H.

290 2106 356 2164 59.
387 2107 526 2163 Atque
549 2110 707 2150 utinam
721 2117 898 2162 pereant
916 2113 1080 2151 ane'tnae.

234 2167 421 2212 Utinam
439 2202 451 2224 ,
481 2170 623 2227 inquit
642 2203 654 2225 ,
687 2187 738 2214 ex
761 2171 1079 2228 Epicureorum

235 2234 451 2278 sententia
472 2267 484 2290 ,
513 2251 612 2279 cum
641 2236 895 2293 corporibus
920 2238 1077 2282 animae

232 2299 468 2361 interirent
503 2300 513 2344 l
553 2301 666 2345 Nam
705 2302 763 2350 ita
802 2303 1077 2347 aversabatur

237 2363 451 2420 Barbaros
472 2363 567 2410 illos
583 2398 595 2420 ,
617 2374 667 2409 ut
690 2382 746 2410 ne
768 2376 863 2423 post
886 2378 1076 2412 mortem

238 2428 413 2484 quidem
435 2463 447 2485 ,
470 2431 559 2474 sola
590 2432 736 2475 anima
766 2432 881 2475 inter
903 2433 1077 2476 illorum

239 2494 406 2539 animas
419 2513 508 2540 esse
528 2497 654 2549 velit3
676 2507 720 2542 et
736 2499 878 2554 potius
897 2499 942 2542 in
962 2500 1081 2543 nihi-

237 2559 332 2604 lum
351 2561 543 2606 recidere
564 2563 720 2619 cupiat.

293 2625 360 2670 60.
370 2626 478 2670 Pars
490 2643 581 2670 mea
587 2631 716 2671 nulla.
727 2631 836 2672 Pars
844 2631 950 2672 mihi
957 2629 1080 2686 quin·

240 2706 325 2747 que
341 2691 486 2748 scripti
504 2711 514 2745 ;
538 2693 693 2736 rectius
711 2709 720 2736 :
742 2702 784 2736 et
806 2710 980 2736 vacuam
1000 2704 1081 2737 ata-'-

237 2772 329 2799 ram
342 2771 443 2799 mox
458 2773 537 2814 pro
553 2774 712 2801 vacuas
728 2775 857 2801 auras
873 2758 1079 2815 plerique.

291 2822 359 2866 61.
379 2826 487 2867 Nam
503 2829 548 2867 si
560 2833 686 2867 morte
702 2841 859 2868 carens.
881 2826 980 2869 Hoc
994 2827 1081 2885 Py-

238 2886 436 2945 thagoras
447 2889 560 2946 apud
572 2888 782 2934 Ovidium
797 2890 841 2934 in
858 2892 967 2935 Met.
977 2891 1076 2948 XV,

245 2953 320 2996 153
333 2985 346 3008 ,
363 2955 551 3011 apertius
571 2955 723 2999 docet:

238 3028 269 3059 Ο
284 3039 382 3068 genus
402 3030 583 3062 adtonitum
602 3031 713 3072 gelido
726 3031 898 3063 formidine
912 3033 1024 3064 mortis
1034 3056 1043 3071 ‚

237 3088 328 3128 Quid
340 3090 440 3132 Styga
449 3112 462 3128 ,
477 3091 559 3132 quid
573 3092 719 3123 tenebras
731 3114 743 3131 ,
761 3093 842 3135 qnid
854 3093 986 3124 nomint
997 3105 1079 3125 vana

323 3149 448 3182 timetis

238 3213 410 3245 Mutet-iem
425 3221 537 3246 vatum
548 3240 559 3255 ,
573 3215 712 3258 salsique
727 3218 853 3259 piacula
867 3220 979 3251 mimdi
991 3220 1009 3251 ’.Ρ

240 3276 380 3317 Corpora
393 3277 462 3308 sive
477 3287 571 3318 rogus
584 3276 730 3318 flamma,
751 3290 807 3311 seu
821 3281 892 3312 tabe
907 3288 1048 3314 vetustus

240 3342 425 3375 Abstulerit
433 3367 443 3383 ‚
465 3345 548 3375 mala
562 3355 654 3385 posse
667 3347 734 3387 pati
745 3358 810 3380 non
825 3348 892 3380 ull·
905 3350 1036 3393 putetis.

243 3410 349 3441 Morte
361 3417 468 3443 carent
481 3411 562 3442 anim
568 3421 605 3441 o.

1216 1975 1282 2032 67.
1296 1976 1391 2018 Non
1404 1981 1521 2019 ula!
1530 1977 1608 2019 ltoc
1619 1979 1849 2033 qumquam.
1862 1976 1927 2021 Ne
1932 1994 2005 2021 mo

1159 2038 1393 2097 sepulturae
1412 2039 1607 2083 officium
1629 2043 1917 2097 negat—Nec
1934 2059 2006 2085 sex

1160 2104 1328 2162 antiqui
1349 2120 1359 2148 t
1390 2114 1496 2163 puto
1516 2107 1607 2150 Nec
1627 2114 1734 2149 velet
1754 2108 1845 2148 hoc.
1871 2106 1931 2148 H.
1950 2130 2005 2139 —

1159 2174 1345 2216 Fratrem
1372 2175 1571 2216 Thebana
1591 2183 1814 2228 peremtum
1843 2173 2001 2228 Subpo-

1158 2242 1244 2280 sm't
1257 2246 1337 2281 etc.
1351 2237 1617 2294 Antigonem
1634 2237 1854 2294 designat,
1880 2238 2005 2281 OEdi-

1159 2304 1281 2361 podis
1303 2304 1557 2347 Thebarum
1584 2304 1696 2360 regis
1718 2305 1849 2347 filiam
1867 2336 1879 2357 ,
1905 2321 2002 2361 quae

1157 2366 1341 2409 fratrem
1365 2368 1588 2410 Eteoclem
1607 2368 1801 2423 sepelivit
1818 2384 1828 2411 :
1847 2384 2004 2425 quam-

1159 2431 1220 2475 vis
1236 2430 1546 2481 Creontes,rex
1559 2431 1830 2487 Thebarum,
1842 2436 2003 2491 eosqui

1160 2494 1204 2537 in
1239 2495 1351 2538 bello
1386 2496 1598 2539 Thebano
1628 2498 1848 2553 perierant
1880 2499 2003 2542 inse—

1159 2559 1301 2616 pultos
1327 2561 1468 2615 jacere
1491 2561 1716 2616 voluisset,
1745 2572 1794 2605 ut
1821 2563 2003 2621 elegan—

1159 2624 1318 2667 tissime
1354 2626 1508 2670 cecinit
1536 2626 1743 2684 Papinius
1769 2628 1815 2671 in
1848 2629 2001 2674 ultimo

1159 2690 1419 2735 Thebaidos.

1213 2758 1281 2816 69.
1313 2760 1375 2800 El
1393 2761 1550 2800 amomi
1557 2762 1725 2814 pulvere
1744 2769 1823 2803 etc.
1852 2762 2002 2805 Amo-

1159 2838 1283 2865 mum
1296 2831 1359 2866 est
1375 2839 1510 2880 genus
1519 2823 1664 2867 herbae
1673 2824 1981 2871 odoratissima:
1993 2845 2003 2870 :

1160 2887 1472 2942 Armenicum,
1495 2890 1660 2932 caeteris
1676 2899 1847 2946 praestat
1862 2924 1873 2944 ,
1896 2892 2005 2936 fulvi

1159 2957 1313 3001 colo-ris
1330 2990 1340 3010 ‚
1370 2955 1619 3013 habensque
1644 2957 1810 3014 lignum
1835 2960 2003 3002 subm-

1157 3025 1251 3067 sum
1265 3057 1277 3079 ‚
1301 3023 1472 3066 abunde
1489 3024 1731 3067 odoratum.
1756 3026 1807 3067 In
1827 3042 2007 3068 conser-

1159 3090 1310 3134 vandis
1329 3089 1447 3132 euim'
1472 3090 1749 3133 cadaveribus
1779 3107 2002 3134 amomum

1159 3153 1354 3198 adhiberi
1373 3154 1480 3197 solet
1497 3186 1508 3206 ,
1539 3163 1587 3196 ut
1612 3154 1739 3198 docet
1763 3155 1808 3197 in
1832 3157 2001 3210 Ponto,

1160 3221 1206 3274 Ι,
1228 3219 1347 3275 Eleg.
1370 3233 1418 3261 lx
1436 3251 1447 3272 ‚
1474 3221 1539 3260 52.
1561 3217 1614 3260 C.

1217 3300 1281 3340 70·
1301 3285 1479 3326 Condita
1490 3299 1601 3337 pone
1619 3286 1722 3327 loco.
1741 3286 1836 3327 Salo
1851 3285 2002 3341 prima!

1159 3347 1370 3391 editiones
1392 3356 1434 3390 et
1453 3347 1597 3403 scripti
1619 3349 1825 3405 plerique.
1853 3351 1910 3393 H.

1219 3415 1280 3467 74.
1302 3415 1472 3470 Ingenio
1491 3418 1607 3468 perii
1628 3417 1747 3460 Naso
1756 3422 1885 3469 poeta
1904 3431 2002 3457 mco.
