2268 3848
493 321 942 378 TRISTIUM
991 323 1156 379 LIB.
1204 325 1289 379 11.
1345 324 1465 379 ΕΙ..
1515 326 1822 384 UNICA.
1985 335 2051 409 75

269 435 349 500 Ut
378 453 555 501 tamen
587 440 694 501 hoc
717 439 915 513 fatear,
943 438 1063 501 ludi
1097 465 1318 526 quoque
1351 442 1561 505 semina
1588 444 1836 528 praebent

350 537 626 621 Nequitiae
652 562 662 597 :
690 535 812 598 tolli
836 551 952 598 tota
979 538 1188 601 theatra
1215 540 1380 622 jube;

274 635 543 697 Peccandi
574 658 789 696 causam
821 659 940 719 quae
969 636 1162 699 multis
1193 663 1333 723 saepe
1363 638 1659 712 dederunt.

359 730 560 793 Martia
594 755 766 815 quum
794 730 992 794 durum
1022 734 1219 795 sternit
1245 758 1407 796 arena
1439 734 1637 796 solum.

197 880 208 885 ..
277 825 532 888 Tollatur
559 826 771 900 circus;
802 850 921 888 non
953 842 1071 891 tuta
1096 827 1319 890 licentia
1346 830 1512 905 circi;

359 921 467 983 Hie
497 921 648 983 sedet
677 922 871 1003 ignoto
901 923 1085 1005 juncta
1116 923 1299 1010 puella
1325 925 1460 986 viro.

278 1019 467 1100 Quum
497 1020 745 1103 quaedam
775 1022 1085 1105 spatientur
1110 1022 1167 1084 in
1198 1024 1334 1099 hac,
1365 1038 1431 1085 ut
1455 1038 1667 1087 amator
1695 1025 1882 1087 eadem

1975 1042 2058 1087 285

357 1116 688 1190 Conveniat,
720 1141 886 1201 quare
913 1120 1163 1203 porticus
1192 1118 1305 1181 ulla
1334 1121 1524 1203 patet?

276 1209 420 1290 Quis
449 1209 606 1272 locus
634 1227 719 1273 est
747 1213 964 1297 templis
988 1215 1319 1294 augustior?
1343 1215 1459 1276 haec
1487 1239 1709 1300 quoque
1738 1216 1903 1289 vitet,

355 1308 423 1368 In
453 1307 672 1392 culpam
700 1309 747 1370 si
776 1334 883 1393 qua
913 1326 998 1371 est
1029 1312 1314 1390 ingeniosa
1343 1337 1517 1374 suam.

274 1404 467 1485 Quum
498 1405 713 1467 steterit
737 1406 896 1467 Jovis
924 1406 1069 1479 aede3
1101 1408 1258 1468 Jovis
1288 1422 1570 1470 succurret
1593 1407 1650 1469 in
1681 1408 1792 1471 aede
1812 1456 1827 1483 ,

360 1501 544 1583 Quam
573 1503 777 1567 multas
799 1519 1000 1567 matres
1029 1505 1220 1568 fecerit
1247 1505 1341 1567 ille
1367 1507 1538 1568 Deus·

278 1597 536 1660 Proxima
565 1600 817 1663 adoranti
845 1602 1090 1662 Junonia
1122 1600 1325 1685 templa
1356 1601 1604 1674 subibit,

358 1695 661 1760 Pellicibus
691 1698 881 1760 multis
909 1699 1051 1760 hanc
1081 1698 1323 1761 doluisse
1350 1701 1542 1761 Deam.

277 1791 504 1854 Pallade
533 1810 829 1878 conspecta
847 1843 862 1869 ‚
893 1811 1081 1857 natum
1111 1795 1177 1857 de
1206 1796 1434 1857 crimine
1462 1796 1618 1875 virgo

356 1887 657 1952 Sustulerit
687 1914 887 1974 quare,
917 1906 1150 1974 quaeret,
1181 1890 1628 1953 Erichthonium.

275 1986 504 2048 Venerit
533 1986 592 2047 in
614 1987 802 2067 magni
833 1985 1101 2071 templum
1131 2002 1228 2049 tua
1255 2010 1483 2051 munera
1509 1986 1711 2049 Martis
1730 2033 1745 2060 ‚

266 2148 307 2190 le
325 2149 442 2190 meis.
467 2146 667 2203 Abmgat
687 2146 824 2191 scribe
846 2163 948 2191 cum
972 2148 1120 2192 multis

266 2223 495 2268 veterum3
522 2230 610 2271 quo
631 2215 767 2258 verbo
794 2215 940 2259 Livius
961 2215 1119 2273 aliique

266 2279 421 2338 optimi
447 2279 671 2326 latinitatis
691 2291 890 2327 auctores
918 2292 1120 2327 utuntur.

270 2345 483 2390 Nonnulli
508 2346 641 2391 etiam
662 2351 847 2404 derogat.
868 2348 1038 2393 Hnms.

325 2413 417 2456 281.
442 2413 577 2467 Quam
595 2416 751 2456 mullis·-
778 2415 879 2468 Qua·
895 2412 1122 2456 Richelia-

273 2492 372 2529 nus,
387 2485 437 2520 ut
450 2477 501 2521 ad
514 2478 682 2521 theatra
701 2476 929 2521 referatur.
940 2479 994 2522 In
1008 2493 1126 2520 non-

278 2542 406 2586 nullis
421 2546 555 2587 mulli.
574 2543 742 2588 Hmrxs.

332 2611 423 2654 282.
446 2611 756 2654 Sterm'tdurum
767 2613 918 2653 solum.
937 2609 1038 2652 Hoc
1050 2608 1128 2652 di-

275 2673 334 2718 cit
348 2709 358 2729 ,
381 2674 479 2732 quia
494 2674 585 2718 ludi
600 2674 842 2732 gladiatorii
858 2673 1125 2717 exhibeban—

276 2748 350 2784 tur
363 2739 525 2802 inbsoro
544 2756 677 2783 arena
697 2748 930 2784 constrato.
944 2739 1125 2781 —Ster-

274 2817 353 2852 nat
369 2808 557 2852 maxima
578 2824 676 2865 pars
704 2808 988 2865 scriptorum;
1017 2815 1126 2849 ster-

270 2881 342 2915 net
358 2889 472 2916 unus
489 2890 500 2925 ;
523 2889 690 2916 curvum
701 2876 836 2916 solum
857 2888 984 2915 unus.

322 2940 415 2985 283.
448 2942 643 2984 Tollatur
657 2944 808 2984 cimus.
839 2938 967 2982 Idem
988 2954 1123 2995 aper-

269 3004 354 3048 tius
364 3004 410 3048 in
423 3004 535 3048 libro
553 3005 698 3062 primo
718 3004 772 3048 de
794 3005 902 3048 Arte
921 3003 1120 3057 amandi,

267 3086 378 3114 vers.
402 3070 480 3114 135
500 3087 575 3127 sq,
596 3071 655 3114 ita
684 3069 877 3114 ostendit
905 3086 916 3114 z
942 3089 965 3108 κ
990 3070 1056 3113 Ne
1079 3078 1122 3113 te

266 3135 479 3179 nobilium
492 3134 628 3193 fugiat
637 3145 861 3179 certamen
875 3151 1091 3192 equorum
1111 3152 1122 3179 ι

266 3200 405 3244 multa
419 3217 549 3258 capax
562 3199 709 3258 populi
729 3201 964 3245 commoda
984 3201 1123 3246 circus

267 3265 412 3309 habet.
427 3283 450 3303 »

327 3333 418 3376 285.
432 3332 614 3375 Amator
621 3334 762 3375 eodem
779 3334 1019 3377 Conveniat.
1032 3335 1126 3376 Ea-

276 3401 368 3443 dem
383 3398 594 3455 plerique.
607 3398 776 3444 Hssms.

333 3465 424 3522 289.
468 3464 603 3519 Quum
615 3468 775 3508 steterit
793 3465 916 3510 Jovz’s
937 3467 1026 3508 oede
1044 3473 1125 3509 etc.

2037 2005 2061 2025 't

1980 2016 2060 2063 29.)

1204 2149 1364 2206 Quum
1387 2149 1560 2194 venerit
1579 2147 1632 2192 in
1658 2146 1799 2192 adem
1819 2145 1943 2191 Jovis
1969 2144 2061 2190 Ca·

1203 2214 1376 2273 pitolini
1395 2249 1408 2272 ,
1432 2224 1538 2259 tunc
1552 2212 1798 2272 reputabit,
1825 2229 1957 2270 quam
1979 2222 2059 2257 etc.

1259 2298 1353 2341 ²9¹·
1380 2283 1565 2324 lunonis
1590 2282 1759 2335 templa.
1779 2279 1971 2321 lemonia
1992 2277 2059 2320 le-

1204 2362 1255 2404 ge
1271 2347 1484 2404 exprimis
1501 2345 1766 2389 editionibus
1778 2352 1823 2387 et
1834 2342 2058 2403 Gryphia-

1205 2429 1277 2456 na.
1317 2413 1526 2456 Proximo
1546 2427 1675 2455 versu
1691 2443 1703 2465 ,
1727 2426 1806 2468 pro
1826 2411 2060 2455 indoluisse

1205 2482 1345 2523 Deam
1382 2477 1576 2536 plerique
1615 2479 1727 2520 hanc
1763 2478 1963 2519 doluisse.
1999 2473 2058 2517 Et

1208 2562 1311 2589 mox
1333 2554 1485 2603 queret
1501 2561 1581 2603 pro
1600 2549 1753 2601 querit.
1776 2542 1949 2587 Hssms.

1266 2612 1359 2672 293.
1380 2613 1538 2654 Natum
1551 2613 1604 2653 de
1614 2613 1800 2653 cnirm’ne.
1815 2609 1983 2653 Natum
2002 2606 2057 2650 de

1203 2678 1293 2722 lite.
1313 2675 1606 2721 Erichthonio
1619 2691 1786 2718 nomen
1799 2672 2056 2732 impositum

1206 2745 1279 2788 ἇπᾶ
1299 2755 1366 2792 τῖς
1392 2749 1512 2806 ’ἔριδος
1541 2750 1607 2788 καὶ
1636 2746 1787 2798 χθονὶς,
1814 2740 1860 2785 id
1883 2749 1972 2796 est,
2001 2756 2054 2784 ex

1204 2809 1445 2854 certamine
1472 2817 1602 2866 atque
1618 2807 1756 2851 humo
1770 2824 1781 2850 2
1795 2815 1947 2851 auctor
1968 2806 2053 2848 La-

1203 2875 1402 2918 ctantius.
1417 2875 1629 2918 Fabulam
1645 2874 1783 2917 refert
1795 2872 1974 2917 Servius
1986 2905 1999 2926 ,
2011 2879 2057 2915 et

1206 2938 1395 2984 Ovidius
1415 2939 1525 2983 libro
1539 2936 2061 2996 Metamorphsecundo.

1263 3007 1357 3063 295·
1396 3007 1561 3048 Venerit
1594 3009 1639 3047 in
1671 3007 1820 3059 magni
1848 3004 2060 3057 templum.

1207 3069 1366 3113 Martis
1385 3069 1541 3113 ultoris
1569 3069 1790 3126 designat,
1811 3066 1931 3123 quod
1953 3066 2061 3110 Au-

1207 3143 1356 3192 gustus
1373 3134 1488 3178 bello
1508 3132 1778 3190 Philippensi
1794 3148 1875 3189 pro
1888 3131 2058 3176 ultione

1206 3209 1387 3258 paterna
1409 3208 1658 3256 susceptum
1678 3208 1857 3243 voverat
1874 3217 1885 3251 3
1906 3199 1953 3242 in
1970 3215 2059 3255 quo

1206 3267 1345 3310 voluit
1360 3266 1415 3310 de
1431 3266 1553 3310 bellis
1567 3265 1889 3323 triumphisque
1902 3282 2061 3309 consu-

1205 3332 1236 3376 li
1251 3339 1451 3375 senatum
1468 3332 1720 3387 :sanxitque
1732 3364 1744 3385 ,
1758 3339 1806 3374 ut
1816 3331 2058 3388 provincias

1205 3414 1309 3444 cum
1328 3398 1514 3455 imperio
1530 3395 1713 3456 petituri
1731 3413 1783 3440 ex
1797 3413 1850 3440 eo
1866 3396 2057 3440 deduce—

1207 3473 1386 3520 rentur,
1409 3463 1571 3522 quique
1591 3465 1778 3509 victores
1794 3463 2025 3507 rediissent
2043 3497 2054 3516 ,
