2280 3776
333 325 432 380 136

787 326 852 377 P.
895 324 1187 389 OVIDII
1231 322 1600 379 NASONIS

405 443 596 503 Cessat
622 442 765 500 iners
791 440 971 518 rigido
997 454 1136 501 terra
1162 440 1347 501 relicta
1374 442 1500 501 situ.
1614 459 1635 472 ‘¹
2021 474 2074 520 7⁹

320 540 447 597 Non
472 537 561 595 hie
588 536 870 618 pampinea
899 535 1070 596 dulcis
1096 535 1226 596 latet
1250 561 1351 598 uva
1379 537 1482 598 sub
1513 535 1705 597 umbra
1727 559 1752 609 3

398 635 511 692 Nec
539 630 815 693 cumulant
838 630 976 690 altos
1002 626 1207 692 fervida
1229 647 1406 692 musta
1436 632 1600 692 lacus.

319 729 493 789 Poma
518 744 679 807 negat
706 729 856 806 regio
884 753 895 787 :
921 751 1020 787 nec
1044 728 1270 788 haberet
1294 730 1590 800 Acontius,
1616 729 1674 788 in
1702 752 1812 811 quo

398 824 669 884 Scriberet
696 824 786 883 hic
811 824 1040 883 dominae
1063 824 1225 882 verba
1250 823 1478 900 legenda
1506 847 1632 883 suae.

317 917 642 999 Adspiceres
668 917 852 978 nudos
879 918 992 978 sine
1015 918 1209 978 fronde
1226 965 1242 990 ,
1270 920 1385 978 sine
1412 920 1606 979 arbore
1632 941 1884 1000 campos;
2018 936 2074 995 75-

398 1016 519 1074 Heu
548 1014 663 1074 loca
694 1014 839 1075 felici
867 1037 977 1073 non
1002 1014 1251 1074 adeunda
1281 1014 1435 1073 viro!

316 1112 466 1187 Ergo
487 1157 501 1182 ,
534 1126 643 1170 tam
670 1110 776 1169 late
797 1124 978 1192 pateat
1010 1134 1178 1192 quum
1206 1102 1478 1169 maximus·
1501 1109 1655 1170 orbis
1673 1157 1692 1184 ,

396 1207 527 1265 Haec
552 1220 632 1265 est
660 1205 717 1263 in
742 1229 957 1286 poenam
985 1221 1127 1265 terra
1152 1221 1366 1288 reperta
1395 1206 1611 1265 meam?

371 1366 434 1406 71.
455 1350 549 1393 Non
569 1351 649 1391 hic.
671 1348 866 1391 Thraciae
887 1349 1028 1406 regio,
1053 1364 1147 1404 quae

314 1414 427 1456 Istro
458 1413 692 1469 pelagoque
732 1414 1022 1470 contingitur,
1066 1430 1148 1457 nec

313 1478 416 1521 caelo
431 1477 524 1520 laeta
546 1486 609 1519 est
623 1510 635 1531 ,
658 1493 738 1520 nec
751 1477 862 1519 solo:
877 1493 1116 1532 eorumque
1133 1510 1144 1531 ,

314 1558 409 1597 quae
435 1550 661 1595 seruntur,
694 1541 880 1597 maligne
909 1540 1147 1583 admodum

313 1606 492 1660 patiens.
502 1607 730 1660 pampinea
738 1608 892 1647 umbra.
901 1605 1024 1647 Ulmo
1035 1620 1147 1648 unus

311 1669 562 1721 Mediceus3
612 1678 801 1713 venuste.
856 1667 1147 1725 Calpurnius:

313 1752 337 1770 «
354 1734 475 1777 Inter
499 1735 747 1791 pampineas
777 1743 967 1791 ponetur
991 1734 1146 1778 vitibus

310 1797 463 1841 ulmos.
484 1815 505 1835 »
522 1798 687 1842 HEINS.

368 1864 430 1918 73.
456 1865 543 1906 Nec
558 1865 726 1905 haberet
740 1863 958 1906 Aconbt'us.
986 1861 1148 1922 Cydip-

1227 1365 1302 1405 pes
1319 1357 1364 1391 et
1383 1347 1555 1391 Acontii
1575 1346 1720 1390 fabula
1738 1354 1843 1391 nota
1863 1356 1927 1391 est
1951 1347 2070 1392 Ovi-

1227 1412 1287 1455 dii
1307 1411 1497 1468 epistola.
1520 1411 1617 1454 Vol.
1635 1412 1656 1454 I
1672 1444 1684 1466 ,
1702 1428 1744 1467 p.
1763 1411 1855 1455 363.

1256 1495 1276 1533 7
1283 1481 1319 1520 5.
1329 1478 1577 1532 Adsp1keres
1587 1480 1727 1521 nudos.
1741 1477 2070 1532 Dqudspicicg·

1226 1557 1339 1584 unus
1358 1542 1603 1595 AdspzZ-ies,
1641 1557 1721 1597 pro
1737 1543 1978 1595 Adspicias.
2002 1558 2070 1598 pr.

1229 1605 1367 1648 Vatie.
1388 1622 1488 1648 cum
1515 1606 1620 1659 alio,
1645 1606 1909 1660 Adspiceret,
1946 1615 1995 1649 ut
2015 1606 2067 1648 ad

1229 1668 1464 1711 Acontium
1480 1669 1706 1775 rjferatur.
1726 1668 1812 1711 Sed
1829 1669 1973 1712 verius
1992 1685 2068 1725 pu-

1229 1741 1275 1776 to
1297 1733 1491 1790 refingen
1526 1749 1601 1775 um
1615 1765 1626 1786 ,
1648 1733 1877 1788 Adspz‘cere
1892 1741 1967 1775 est.
1983 1733 2043 1775 H.

1286 1800 1349 1855 78.
1359 1801 1558 1854 lupa-nas
1565 1814 1692 1842 meas.
1700 1801 1752 1841 In
1756 1815 1924 1854 poenam
1933 1815 2065 1841 meam

1227 1863 1420 1920 plerique
1438 1897 1451 1919 ,
1471 1873 1516 1907 et
1534 1864 1671 1908 nostri
1683 1881 1696 1917 5
1719 1863 1833 1920 quod
1855 1863 2039 1920 praetuli.

899 2117 1292 2187 ELEGIA
1342 2119 1479 2187 ΧΙ.

844 2387 1516 2442 ARGUMENTUM.

314 2523 673 2567 Crudelissimum
693 2524 926 2581 quemdam
942 2526 1168 2582 subpresso
1186 2525 1364 2568 nomine
1382 2524 1554 2569 adcusat
1572 2523 1777 2578 Ovidius,
1799 2521 1918 2579 quod
1929 2537 2067 2578 quum

344 2593 411 2654 'in
435 2592 633 2650 Scythica
654 2594 828 2649 regione
845 2626 857 2647 ,
882 2592 1205 2638 orbatusomni
1236 2610 1284 2637 re
1316 2609 1413 2637 cara
1427 2625 1438 2647 ,
1461 2592 1510 2634 in
1527 2591 1722 2635 maximis
1743 2590 1869 2646 degat
1883 2590 2062 2632 incom-

362 2663 503 2705 modis
518 2694 536 2716 ,.
550 2662 619 2704 ille
639 2677 732 2705 non
750 2663 816 2705 his
838 2672 1094 2719 contentus,
1118 2664 1157 2706 ei
1178 2672 1324 2706 tamen
1354 2662 1532 2705 insultet
1558 2677 1568 2705 :
1595 2660 1797 2716 additque
1815 2691 1827 2713 ‚
1853 2675 2067 2715 magnum·

363 2730 424 2773 illi
444 2747 532 2774 esse
556 2730 740 2774 dedecus
758 2763 769 2784 ,
797 2732 1047 2788 obpugnare
1066 2732 1291 2774 hominem
1311 2739 1574 2788 prostratum
1595 2737 1639 2771 et
1656 2729 1884 2784 jacentem.
1904 2728 2062 2770 Monet

363 2808 584 2855 postremo
600 2832 611 2854 ,
627 2808 676 2842 ut
689 2816 860 2843 mernor
872 2800 1072 2844 humanae
1089 2802 1232 2853 sortis,
1251 2801 1360 2843 nolit
1374 2798 1553 2855 amplius
1568 2812 1910 2841 commemorare
1924 2806 2065 2853 poetae

363 2868 547 2911 crimina
560 2901 572 2922 ‚
601 2868 675 2911 sed
699 2884 750 2911 ea
769 2869 880 2912 sinat
900 2869 1142 2914 cicatricem
1162 2870 1397 2924 obducere,
1419 2884 1554 2925 quum
1576 2867 1815 2924 praesertim
1836 2868 1952 2910 nulla
1969 2868 2069 2924 ejus

361 2939 539 2982 fortuna
556 2940 687 2995 possit
706 2939 803 2984 fieri
820 2941 1030 2985 miserior.

313 3053 402 3137 SI
432 3076 556 3158 quis
583 3099 670 3149 eS‚
704 3077 932 3139 insultes
961 3080 1055 3162 qui
1086 3079 1300 3139 casibus
1327 3076 1582 3159 improbe
1610 3077 1846 3149 nostrIS,
1895 3145 1900 3148 ,

389 3176 592 3254 Meque
617 3198 796 3247 reum,
831 3175 1014 3235 demto
1037 3174 1142 3234 fine
1159 3222 1174 3248 ,
1205 3188 1458 3233 cruentus
1484 3196 1611 3251 agas
1633 3197 1646 3245 ;

369 3308 470 3349 1.'Si
491 3313 583 3363 quis
611 3324 667 3350 es.
703 3311 898 3365 Quisquis
909 3325 954 3352 es
971 3342 982 3364 ,
1006 3318 1107 3366 puto
1127 3340 1139 3362 ,

1223 3308 1403 3364 elegiam
1429 3307 1678 3350 inchoavit?
1695 3309 1838 3350 Im’ide
1863 3321 1942 3363 pro
1971 3309 2062 3349 irn-

311 3373 534 3429 scripserat
546 3374 892 3420 Noster.H.—Et
905 3393 982 3419 cur
992 3392 1082 3419 non
1098 3377 1151 3418 Si
1213 3379 1341 3430 probe
1360 3391 1472 3417 unus
1493 3374 1635 3418 codex.

311 3441 424 3493 quis,
476 3445 526 3481 ut
566 3436 786 3494 eleganter
822 3440 1139 3495 praecedentem

1273 3456 1311 3483 2.
1328 3439 1388 3483 Et
1405 3455 1475 3483 me
1495 3447 1705 3496 perpetuo
1724 3437 1912 3482 adeuses.
