2268 3848
246 342 315 421 74
724 346 790 398 P.
838 344 1136 401 ov1D11
1181 341 1564 398 NASOMS

319 460 484 520 Facta
512 460 585 521 sit
610 459 756 520 unde
786 483 986 542 parens
1016 459 1147 532 Ilia,
1178 484 1373 542 nempe
1405 458 1579 537 leget3

1879 512 1882 514 >
1946 480 2026 521 260

242 553 536 626 Sumserit‚
567 554 877 614 AEneadum
906 553 1144 633 genitrix
1172 555 1271 614 ubi
1299 555 1504 637 prima3
1531 553 1803 637 requiret,

323 651 630 710 AEneadum
657 650 891 727 genitrix
923 651 1066 712 unde
1097 651 1169 712 sit
1198 650 1337 712 alma
1369 653 1574 711 VenuS.

242 749 545 831 Persequar
573 748 829 820 inferius,
862 749 1030 809 modo
1062 750 1109 809 si
1136 747 1263 810 licet
1293 749 1485 809 ordine
1508 749 1663 821 ferri,

325 844 495 904 Posse
525 867 723 903 nocere
753 844 951 904 animis
983 845 1236 906 carminis
1267 870 1426 906 omne
1457 869 1650 923 genus,

240 943 369 1002 Non
394 956 573 1002 tamen
605 941 812 1002 idcirco
843 942 1044 1004 crimen
1074 943 1217 1004 liber
1245 944 1423 1004 omnis
1450 943 1715 1015 habebit3

1947 961 2027 1004 265

318 1036 411 1098 Nil
444 1038 701 1120 prodest,
734 1040 885 1122 quod
914 1064 1030 1100 non
1055 1039 1249 1102 laedere
1276 1040 1458 1123 possit
1488 1039 1650 1099 idem.

240 1137 374 1214 Igne
406 1135 541 1218 quid
570 1136 801 1197 utilius?
833 1136 881 1197 si
913 1138 1038 1220 quis
1067 1153 1248 1198 tamen
1278 1159 1434 1197 urere
1459 1151 1600 1197 tecta
1656 1158 1659 1161 “

318 1234 619 1316 Comparat
637 1281 652 1305 ,
680 1234 912 1295 audaces
940 1234 1167 1295 instruit
1193 1235 1321 1312 igne
1351 1259 1562 1295 manuS.

232 1332 418 1416 Eripit
442 1332 718 1393 interdum
739 1380 754 1405 ,
789 1333 958 1394 modo
990 1333 1085 1393 dat
1112 1333 1380 1394 medicina
1409 1333 1640 1394 salutem
1667 1357 1678 1392 :

315 1432 566 1512 Quaeque
587 1431 782 1511 juvans
808 1445 1113 1502 monstrat,
1147 1454 1379 1513 quaeque
1404 1430 1477 1490 sit
1496 1431 1670 1491 herba
1691 1454 1914 1491 nocens.
1944 1460 2024 1505 270

233 1529 306 1586 Et
333 1525 476 1587 latro
498 1574 512 1599 ,
546 1542 601 1588 et
629 1541 821 1587 cautus
851 1526 1209 1609 praecingitur
1238 1548 1365 1585 ense
1399 1526 1610 1586 viator:

313 1623 415 1683 Ille
445 1624 541 1685 sed
569 1623 798 1684 insidias
816 1672 831 1697 ,
865 1624 957 1684 hic
983 1624 1092 1685 sibi
1124 1637 1310 1706 portat
1341 1645 1519 1706 opem.

227 1722 503 1796 Discitur‚
533 1724 805 1783 innocuas
836 1738 900 1783 ut
928 1738 1054 1801 agat
1079 1721 1336 1782 facundia
1365 1745 1586 1791 causas;

312 1820 563 1898 Protegit
588 1819 707 1880 haec
736 1835 923 1881 sontes
951 1820 1370 1903 immeritosque
1394 1818 1612 1903 premit.

233 1919 322 1979 Sic
351 1919 527 2002 igitur
556 1943 773 1979 carmen
793 1966 807 1991 ,
837 1934 985 1980 recta
1009 1919 1054 1980 si
1084 1932 1266 1979 mente
1295 1917 1534 1997 legatur,

1943 1933 2022 1990 275

317 2016 614 2077 Constabit
644 2016 785 2077 nulli
813 2040 978 2100 posse
1006 2041 1204 2078 nocere
1236 2039 1438 2077 meum.

230 2113 309 2173 At
338 2111 601 2194 quiddam
628 2112 748 2172 vitii
781 2112 1114 2195 quicumque
1143 2111 1275 2172 hinc
1306 2109 1582 2193 concipit,
1614 2123 1790 2179 errat;

313 2209 388 2267 Et
415 2207 646 2267 nimium
673 2207 896 2290 scriptis
925 2209 1156 2287 abrogat
1182 2206 1272 2267 ille
1304 2206 1456 2266 meis.

230 2369 430 2411 hirsutius
447 2370 550 2410 illis.
567 2366 654 2410 Alii
674 2371 785 2410 istis.
804 2367 931 2424 prim.
955 2367 1084 2410 Vati-

230 2448 363 2476 canus
382 2435 791 2476 n1½17est11>r12c1mus
816 2435 918 2475 illis.
949 2432 1084 2475 Forte

1225 2367 1316 2424 267.
1355 2366 1485 2408 Urere
1518 2371 1630 2407 tecta
1667 2366 1904 2417 Comparat.
1936 2361 2023 2404 Alii

1169 2433 1391 2487 Adparat,
1421 2429 1490 2473 vel
1515 2431 1705 2485 Caeperit.
1729 2428 1897 2471 HEms.

234 2496 474 2554 legendum
490 2514 535 2542 z«
550 2498 769 2542 Sumserit
795 2498 975 2541 annales
990 2497 1007 2551 (
1022 2497 1086 2541 ni·
1151 2517 1184 2546 a*
1225 2515 1320 2557 270.
1354 2499 1532 2552 Quaeque
1542 2497 1668 2550 juvet
1690 2500 1906 2536 monstrat.
1939 2494 2024 2534 Ju-

231 2562 295 2606 hil
328 2572 392 2606 est
423 2563 659 2619 hirsutius)
699 2564 831 2607 Enni.
861 2581 883 2601 »
918 2563 958 2606 A
987 2563 1087 2620 plu-

231 2628 352 2671 ribus
380 2627 501 2671 enim
535 2628 712 2672 annales
753 2628 914 2685 scripti.
946 2629 1083 2672 Recte

234 2704 385 2739 autem
410 2698 640 2739 hirsutius:
662 2696 745 2739 hoc
775 2704 840 2739 est
873 2695 1055 2752 rigidius
1071 2728 1083 2750 ,

235 2760 439 2804 severius.
463 2761 632 2805 HEINS.
799 2809 801 2813 ¹

288 2825 382 2868 250.
409 2826 546 2869 Facta
575 2830 640 2869 sit
666 2827 775 2868 unde
801 2841 958 2879 parens
986 2826 1085 2869 Ilia.

237 2889 481 2946 Quomodo
510 2891 588 2934 Ilia
606 2924 618 2945 ,
655 2907 732 2934 seu
759 2891 884 2934 Rhea
909 2890 1057 2949 Sylvia
1075 2922 1087 2944 ,

232 2954 409 3011 gravida
429 2971 454 2998 a
473 2955 620 2999 Marte
645 2956 841 3012 geminos
858 2956 1039 3013 peperit.

289 3021 383 3065 262.
399 3023 633 3064 AEneadum
646 3025 843 3076 genitrix.
859 3021 1090 3063 Rornano-

235 3102 338 3130 rum
361 3096 516 3130 mater.
549 3088 669 3130 Unde
697 3091 767 3130 sit.
796 3086 932 3130 Unde
958 3085 1088 3129 ducat

237 3152 478 3207 originem:
495 3168 548 3195 eo
558 3152 717 3196 scilicet
729 3151 954 3206 adludens,
970 3150 1086 3207 quod

240 3224 285 3258 et
312 3216 478 3260 AEneas
505 3233 557 3260 ex
582 3217 796 3261 adulterio
820 3217 1011 3261 Veneris
1042 3224 1087 3258 et

241 3279 446 3325 Anchisae
464 3291 591 3325 natus
606 3282 754 3326 fuerit.

290 3345 386 3389 265.
404 3348 500 3391 Non
511 3353 650 3390 tamen
664 3351 835 3390 idcirco.
853 3346 1084 3390 Distichon

243 3422 489 3469 suspectum
508 3429 590 3456 :vs.
611 3416 690 3469 243
705 3448 717 3470 ,
734 3415 871 3460 simile
883 3413 1089 3458 carminis

241 3479 429 3524 initium.
453 3480 621 3525 Hums.

1169 2579 1275 2608 vans
1299 2563 1420 2620 prior
1445 2559 1678 2611 Politiani;
1703 2557 1822 2615 quod
1854 2557 2020 2613 placet,

1171 2640 1220 2674 ut
1239 2639 1292 2689 τῷ
1308 2644 1464 2673 nocens
1481 2634 1744 2684 opponatur.
1762 2624 1932 2667 Hnms.

1224 2712 1319 2752 277.
1354 2696 1610 2749 Quicumque
1635 2693 1822 2743 concipit
1850 2690 1930 2730 ltoc
1945 2690 2021 2728 vi·-

1169 2763 1285 2802 tium.
1324 2758 1606 2814 Quicumque
1652 2754 1867 2797 existimat
1908 2749 1992 2793 hoc
2009 2782 2021 2803 ,

1171 2824 1286 2882 quod
1313 2839 1492 2867 carmen
1523 2819 1658 2876 possit
1691 2819 1825 2861 etiam
1847 2831 2021 2859 nocere.

1168 2891 1232 2930 Et
1253 2889 1607 2931 tandemfvitium.
1638 2882 1799 2937 Scripti
1821 2879 2022 2937 plurimi,

1169 2955 1237 2998 At
1257 2954 1464 3008 quoddam
1478 2954 1656 3002 vitium5
1676 2948 1805 3005 prim.
1828 2946 1958 2990 Polit.
1979 2953 2024 2987 et

1169 3016 1295 3061 multi
1317 3016 1387 3059 alii
1402 3049 1414 3069 ,
1443 3016 1508 3059 At
1533 3016 1719 3071 quoedam
1739 3016 1874 3065 vitia,·
1896 3011 2024 3068 prim.

1170 3084 1310 3129 Vatic.
1333 3092 1377 3126 et
1405 3082 1541 3126 Palat.
1567 3084 1631 3126 Et
1647 3083 1852 3138 quasdam
1872 3082 2026 3130 vitiat,-

1168 3151 1355 3193 Putean.
1376 3149 1442 3191 At
1456 3150 1662 3204 quoddam
1686 3150 1794 3189 vitia
1815 3160 1828 3197 ‚·
1850 3144 2026 3188 Barbe-

1169 3214 1251 3257 rin.
1272 3231 1294 3252 «
1320 3214 1412 3257 Aut
1425 3212 1627 3269 quicquid
1639 3211 1731 3254 vitii
1745 3210 1906 3267 quique
1922 3208 2024 3251 hinc

1168 3278 1419 3336 conceperit
1435 3294 1447 3322 z
1463 3297 1484 3316 »
1499 3277 1683 3321 Medon.
1703 3276 1770 3320 At
1786 3277 1952 3332 quidam
1966 3278 2024 3315 vi·

1167 3350 1283 3390 tium.
1303 3345 1421 3401 Lego
1437 3377 1448 3398 ,
1471 3344 1536 3386 At
1549 3344 1747 3399 quiddam
1767 3344 1889 3389 vini,-
1918 3354 2022 3381 nam

1167 3414 1211 3457 in
1234 3411 1404 3455 Arond.
1423 3411 1490 3454 At
1509 3411 1718 3466 quoddam
1732 3411 1838 3450 vitii.
1850 3406 2020 3448 Hunis.

1222 3479 1315 3533 278.
1337 3478 1399 3519 Et
1415 3479 1588 3519 nimium
1605 3477 1774 3529 scriptis
1788 3477 1961 3525 arrogat
1969 3472 2022 3511 il-
