2280 3776
474 209 589 265 EX
632 209 930 266 PONTO
970 210 1129 263 LIB.
1173 210 1303 265 111.
1347 211 1626 267 EPIST.
1673 216 1757 268 ΙΙ.

1917 217 2017 272 381

755 484 1339 557 EPISTOLA
1416 488 1533 557 11.

934 814 960 839 *
1007 807 1355 870 COTTAE.

887 1136 1407 1181 ARGUMENTUM.

258 1253 444 1299 Excusat
471 1252 631 1297 amicos
646 1286 658 1308 ,
690 1253 764 1310 qui
786 1261 909 1297 metu
934 1253 1139 1298 dederint
1166 1263 1284 1312 terga
1302 1288 1313 1309 ,
1342 1270 1432 1297 non
1453 1253 1582 1306 odi03
1604 1253 1789 1298 aliorum
1806 1287 1818 1308 ‚
1844 1262 1886 1298 et
1903 1254 1945 1298 in
1968 1252 2032 1298 his

314 1323 460 1370 Cottae
483 1324 689 1381 pietatem
710 1333 754 1369 et
773 1324 1064 1369 constantiam
1084 1324 1274 1369 celebrat
1295 1357 1306 1378 ,
1328 1339 1429 1368 cum
1451 1323 1577 1368 laude
1594 1324 1765 1369 Orestis
1778 1333 1822 1368 et
1838 1322 2008 1383 Pyladis
2024 1357 2037 1377 ‚

309 1397 472 1442 ituram
495 1379 776 1455 ad‘posteros.

267 1524 510 1630 QUAM
541 1549 680 1630 legis
707 1573 739 1611 a
766 1549 935 1610 nobis
966 1549 1186 1610 missam
1216 1549 1353 1622 tibi,
1387 1549 1580 1621 Cotta,
1607 1547 1840 1610 salutem
1859 1597 1873 1621 ‚

343 1646 518 1709 Missa
546 1647 619 1708 sit
646 1662 711 1708 ut
737 1670 860 1708 vere
878 1693 893 1719 ‚
918 1647 1308 1730 perveniatque
1325 1694 1340 1719 ‚
1372 1669 1582 1729 precor.

260 1745 513 1827 Namque
543 1742 679 1804 meis
709 1766 901 1826 sospes
927 1740 1163 1802 multum
1187 1740 1521 1802 cruciatibus
1547 1741 1728 1802 aufers
1744 1788 1760 1813 ‚

343 1839 532 1920 thue
558 1837 631 1898 sit
659 1860 687 1897 e
714 1837 882 1897 nobis
909 1860 1036 1920 pars
1066 1835 1213 1896 bona
1243 1834 1412 1907 salva,
1445 1835 1592 1896 saciS.

263 1934 567 2018 Quumque
594 1933 787 1994 labent
814 1932 939 2006 alii,
971 1933 1280 2016 jactataque
1308 1932 1423 1993 vela
1453 1932 1793 2017 relinquant,
2018 1951 2042 1992 5

343 2031 433 2092 Tu
458 2029 645 2092 lacerae
674 2054 919 2091 remanes
947 2030 1185 2091 anchora
1215 2030 1331 2091 sola
1363 2030 1483 2091 rati.

267 2125 436 2187 Grata
464 2140 559 2188 tua
588 2141 671 2188 est
697 2125 868 2205 igitur
892 2125 1071 2210 pietas
1098 2150 1110 2186 ε
1136 2126 1474 2205 ignoscimus
1504 2124 1638 2198 illis,

345 2223 462 2303 Qui
489 2247 614 2284 cum
639 2223 866 2284 fortuna
896 2238 1047 2302 terga
1075 2224 1272 2285 dedere
1297 2223 1456 2302 fugae.

320 2369 352 2401 ⁸*
376 2366 568 2413 COTTAE.
592 2366 738 2412 Cottae
767 2367 1023 2412 Messallino
1047 2369 1113 2411 M.

268 2435 435 2479 Valerii
465 2435 663 2480 Messalae
691 2434 906 2489 Corvini,
932 2436 1116 2479 oratoris

267 2499 382 2545 illius
402 2501 595 2555 summi,
629 2500 746 2555 filio,
778 2501 852 2558 qui
879 2500 1114 2558 adoptione

267 2565 316 2608 in
350 2565 575 2609 Aureliam
610 2574 789 2623 gentem
822 2566 1114 2620 transiverat,

268 2630 388 2674 unde
416 2629 627 2674 et‘Cottae
647 2646 894 2687 cognomen
922 2629 1001 2674 sibi
1030 2630 1117 2672 ad—

268 2696 404 2740 scivit.
423 2696 577 2753 Quem
592 2705 870 2748 memorant‚
892 2696 1012 2739 Pers.
1027 2695 1118 2739 Sat.

270 2762 341 2816 II,
361 2778 409 2818 72
423 2779 435 2814 ;
451 2762 655 2805 Juvenal.
677 2761 766 2805 Sat.
780 2760 894 2815 Vll,
914 2765 987 2818 753
1004 2759 1118 2804 Plin.

236 2832 238 2835 ’
269 2824 342 2871 lib.
361 2828 432 2881 X'‚
452 2843 543 2884 cap.
567 2844 632 2871 20.

332 2908 367 2935 1.
385 2895 546 2947 Quam.
573 2895 658 2947 Qui
679 2893 866 2936 Putean.
894 2894 1002 2935 Cota
1026 2892 1120 2934 Ju-

263 2955 392 3000 nian.
418 2961 519 3001 cote
543 2957 665 3002 Leid.
691 2958 766 3015 qui
795 2967 838 3001 et
869 2958 916 3000 in
942 2957 1089 3002 fronte
1107 2991 1119 3011 ,

275 3023 340 3064 ad
354 3023 519 3065 Cotum.

332 3104 372 3128 α.
390 3090 532 3130 Mina
547 3093 608 3131 sit
620 3098 669 3132 ut
683 3105 788 3132 vere.
805 3089 930 3132 Salus
941 3104 1043 3131 vere
1062 3088 1125 3131 di-

278 3151 393 3195 citur
403 3153 519 3195 mitti
531 3185 542 3207 ,
561 3170 697 3209 quum
713 3155 781 3197 ille
797 3155 849 3197 ad
866 3170 999 3210 quem
1018 3155 1126 3198 scri-

278 3215 423 3259 bimus
436 3249 448 3269 ,
467 3227 584 3260 recte
598 3218 732 3272 valet,
750 3218 1125 3274 quemadmodum

280 3293 494 3340 optamus.

335 3353 373 3405 4.
396 3351 536 3405 Atque
553 3354 612 3394 sit
622 3358 670 3394 ut
685 3353 817 3393 nobis.
831 3354 887 3394 Τὸ
899 3358 947 3394 ut
956 3349 1126 3395 Sarrav.
1173 3359 1176 3364 '

1196 2382 1287 2410 non
1310 2367 1503 2425 agnoscit
1521 2384 1531 2418 ;
1553 2367 1736 2423 Argent.
1757 2375 1802 2410 et
1818 2383 1889 2411 sex
1908 2367 1977 2410 alii
1994 2383 2045 2411 ex

1197 2432 1449 2476 melioribus
1462 2463 1474 2484 ‚
1505 2433 1640 2487 thue
1658 2435 1719 2474 si!
1732 2436 1776 2473 in
1795 2434 1926 2476 nobis.
1956 2433 2044 2477 Le·-

1198 2514 1249 2555 ge
1276 2514 1285 2541 :
1312 2515 1334 2534 «
1362 2497 1512 2553 thue
1537 2497 1591 2540 sit
1615 2513 1639 2540 e
1664 2497 1788 2541 nobis
1813 2514 1909 2554 pars
1928 2498 2043 2545 bona

1197 2563 1311 2607 salva
1327 2562 1445 2606 facis.
1467 2581 1488 2600 »
1512 2563 1679 2606 HBINS.

1253 2632 1292 2671 5.
1320 2630 1577 2684 Jactataque
1599 2630 1695 2669 vela
1716 2629 1963 2682 relinquant.
1989 2628 2047 2672 Et

1199 2693 1402 2736 deferant
1427 2693 1521 2736 vela
1545 2709 1568 2736 a
1596 2692 1737 2736 ventis
1761 2694 1929 2750 agitata.
1959 2695 2047 2737 Per

1198 2762 1295 2802 vela
1315 2768 1462 2801 autem
1475 2791 1487 2811 ‚
1511 2759 1711 2802 amicitiae
1732 2758 1866 2801 fidem
1885 2768 1928 2802 et
1946 2758 2047 2801 offi-

1199 2824 1321 2867 cium·
1339 2824 1545 2881 intellige.

1256 2891 1294 2934 8.
1329 2894 1416 2944 Qui
1443 2907 1535 2933 cum
1558 2889 1740 2944 fortuna
1765 2898 1880 2945 terga
1904 2892 2051 2935 dedere

1190 2956 1321 3011 fuge.
1342 2954 1493 2998 Scribe
1517 2955 1583 2997 vel
1607 2954 1752 2997 invitis
1774 2956 1941 3011 scriptis
1964 2972 2048 2999 co-

1203 3019 1368 3063 dicibus
1386 3052 1397 3072 ‚
1437 3036 1531 3062 cum
1554 3018 1733 3073 fortuna
1759 3028 1875 3074 terga
1903 3023 2050 3064 dedere

1205 3103 1306 3129 mea.
1338 3089 1471 3141 Terga
1495 3089 1596 3128 dare
1619 3101 1700 3141 pro
1711 3085 1886 3140 sugere,
1918 3087 2053 3130 usita-

1206 3162 1302 3196 tum
1317 3153 1493 3204 Nostro,
1514 3161 1558 3194 et
1574 3151 1764 3194 melioris
1779 3151 1858 3195 aevi
1874 3153 2051 3209 scripto·

1206 3219 1337 3262 ribus.
1351 3219 1466 3261 H.—
1473 3220 1560 3273 Qui
1570 3235 1662 3261 cum
1664 3217 1853 3272 fortuna.
1871 3219 1964 3276 Qui
1976 3220 2051 3262 ubi

1207 3300 1279 3326 me
1303 3300 1325 3326 a
1346 3283 1524 3326 fortuna
1544 3292 1806 3339 prostratum
1823 3293 1866 3327 et
1885 3285 2053 3340 relega-

1208 3348 1468 3393 tumvidere
1483 3381 1495 3405 ‚
1515 3359 1741 3405 coeperunt
1762 3350 1927 3405 sugere.
