2280 3776
457 312 567 368 Ex
608 312 906 368 ΡοΝΤο
946 313 1104 403 Lm.
1148 311 1564 368 11.E1>15‘r.
1607 314 1806 371 v111.
1892 317 1997 373 353
2082 279 2087 285 ¹

326 429 469 490 Ante
502 429 899 512 triumphantes
927 452 1075 490 serva
1101 429 1304 488 feratur
1333 452 1522 512 equos·
1950 452 2005 508 40

246 523 335 586 Sic
366 540 518 609 pater
546 525 602 585 in
636 524 853 608 Pylios,
887 526 1136 585 Cumaeos
1165 539 1335 585 mater
1363 525 1418 585 in
1445 548 1620 586 annos

327 623 550 690 Vivant3
581 637 636 683 et
661 611 838 707 possis
868 620 1013 682 filius
1043 645 1158 682 esse
1189 621 1298 682 diu.

245 722 333 781 Tu
363 744 611 803 quoque,
645 719 970 781 conveniens
1003 719 1213 797 ingenti
1242 735 1412 803 nupta
1442 721 1670 795 marito,

327 816 530 900 Accipe
560 839 669 875 non
705 816 836 877 dura
868 814 1130 899 supplicis
1158 840 1283 876 aure
1312 840 1513 899 preces.

252 911 342 972 Sic
376 911 477 971 tibi
506 910 588 970 vir
617 934 837 995 sospes,
866 913 943 973 sic
975 911 1085 972 sint
1111 937 1231 973 cum
1266 912 1418 996 prole
1449 930 1707 998 nepotes,
1959 937 2013 993 45

334 1008 585 1090 Cumque
614 1007 776 1067 bonis
807 1007 1069 1078 nuribus,
1104 1031 1239 1092 quas
1267 1033 1523 1092 peperere
1543 1058 1558 1082 ‚
1588 1035 1793 1073 nurus:

249 1103 370 1175 Sic,
407 1127 564 1187 quem
599 1102 712 1163 dira
744 1102 842 1163 tibi
877 1103 1059 1186 rapuit
1091 1105 1407 1177 Germania,
1441 1106 1656 1168 Drusus

331 1202 468 1261 Pars
499 1201 661 1260 fuerit
690 1215 880 1283 partus
909 1199 1023 1260 sola
1052 1201 1251 1262 caduca
1285 1203 1362 1262 tui
1386 1227 1398 1262 :

250 1297 340 1358 Sic
374 1297 474 1356 tibi
506 1298 684 1356 Marte
709 1320 840 1366 suo,
871 1297 1091 1356 fraterni
1126 1296 1330 1359 funeris
1359 1298 1540 1373 ultor,

331 1394 649 1476 Purpureus
680 1393 852 1453 niveis
880 1393 1025 1453 {ilius
1056 1394 1219 1454 instet
1249 1395 1422 1478 equis,
1969 1417 2022 1458 50

253 1489 495 1553 Adnuite
525 1514 558 1549 o
591 1489 827 1559 timidis,
856 1490 1139 1551 mitissima
1175 1492 1396 1551 numina
1416 1539 1430 1562 ‚
1463 1492 1633 1553 votis!

337 1588 638 1648 Praesentes
669 1585 875 1668 aliquid
907 1586 1080 1668 prosit
1111 1586 1310 1647 babere
1340 1588 1520 1649 Deos!

257 1684 486 1746 Caesaris
516 1682 749 1743 adventu
783 1696 897 1742 tuta
927 1682 1194 1760 gladiator
1222 1708 1381 1745 arena

339 1781 499 1851 Exit3
534 1795 586 1840 et
611 1778 873 1840 auxilium
905 1803 1017 1839 non
1050 1779 1162 1839 leve
1186 1780 1370 1841 vultus
1397 1780 1581 1842 habet.

251 1882 376 1942 'Nos
406 1902 627 1963 quoque
656 1892 832 1939 vestra
860 1877 1010 1959 juvet
1032 1878 1214 1961 quod,
1247 1903 1352 1962 qua
1382 1878 1530 1951 licet,
1561 1903 1652 1940 ora
1675 1880 1950 1954 videmus3
1977 1898 2029 1941 55

312 2017 380 2071 4⁰.
391 2015 436 2059 A
438 2021 506 2059 nte
515 2016 783 2069 triumphales
794 2029 929 2069 equos.
951 2005 1110 2057 Trium·¹

249 2082 432 2139 phantes
463 2080 594 2123 estin
628 2079 943 2123 vetustioribus.
986 2080 1102 2123 Ante

258 2163 392 2205 equos
424 2146 620 2201 Tiberii,
653 2145 707 2189 de
739 2145 979 2189 Germania
1018 2145 1105 2189 de-

259 2213 371 2259 victa
398 2212 672 2270 triumphum
697 2213 873 2270 agentis.

316 2281 381 2333 4²·
425 2280 602 2327 Vivant.
632 2286 674 2321 et
698 2282 841 2333 possis
860 2281 987 2335 filius
1015 2294 1107 2322 esse

261 2346 349 2388 dm.
379 2346 524 2387 Vivum
540 2350 582 2387 et
597 2352 645 2388 ut
667 2344 893 2387 Barberin.
927 2347 1053 2388 Viva!
1066 2353 1110 2387 et

262 2410 361 2452 huic
387 2411 526 2463 possis
551 2423 666 2451 unus
694 2407 833 2452 Vatic.
879 2411 1033 2451 Vivant
1064 2417 1112 2451 ut

258 2477 402 2531 possis
421 2489 534 2517 unus
555 2472 737 2516 Medon.
767 2473 882 2516 Puto
906 2473 1108 2516 scriben-

266 2538 372 2582 dum
389 2570 401 2593 ,
426 2557 446 2575 «ι
462 2537 620 2591 Vivat,
640 2546 726 2581 eto
740 2538 872 2594 possis
888 2537 1001 2581 filius
1020 2554 1110 2581 esse

266 2604 354 2649 diu.
381 2624 401 2642 n
422 2604 591 2648 Huius.

321 2669 388 2725 46.
426 2669 604 2724 Cumque
636 2670 755 2710 bortis
781 2671 946 2711 nuribus
966 2701 977 2716 ‚
1008 2684 1114 2724 quos

259 2751 470 2791 peperere,
498 2749 635 2776 nurus.
670 2734 784 2786 Quos
804 2748 991 2788 peperere
1011 2732 1115 2788 ple-

267 2799 393 2855 rique
412 2805 581 2841 veteres
603 2812 612 2839 ε
630 2806 811 2854 nepotes
834 2796 992 2840 innuit.
1014 2795 1117 2840 Sar-

270 2861 471 2905 ravianus
488 2869 532 2904 et
546 2869 643 2904 octo
672 2861 740 2904 alii
766 2863 880 2916 quod
892 2877 969 2917 pro
989 2868 1109 2916 quot,

272 2934 323 2970 ut
341 2925 624 2975 Combianus.
641 2950 694 2959 —
714 2926 860 2970 Nostri
879 2942 997 2982 quos.

328 2992 395 3033 50.
415 2991 780 3048 Purpureusfilt'us.
793 2991 994 3034 Tiberius
1006 3025 1018 3046 ,
1043 2990 1115 3033 Li-

276 3054 356 3098 viae
377 3054 491 3098 filius
508 3088 521 3109 ‚
550 3056 860 3112 paludamento
886 3056 1121 3113 imperato-

277 3119 343 3162 rio
365 3127 411 3163 et
430 3136 652 3176 purpureo
674 3121 865 3164 indutus.

336 3189 400 3230 52.
421 3187 650 3230 Praesentes
661 3191 964 3244 aliquidprosz‘t
970 3191 1122 3232 babere

280 3251 408 3293 Deos.
427 3250 606 3306 Aliquos
625 3267 737 3294 unus
762 3252 957 3295 Vatican.
987 3252 1124 3295 scribe

278 3319 422 3371 aliquo
435 3320 583 3369 prosit.
609 3316 667 3358 H.
680 3339 734 3348 —
757 3317 872 3359 Deos
890 3326 1124 3371 presentes.

282 3380 465 3435 Augusti
483 3412 495 3432 ,
518 3380 684 3424 Tiberii
704 3388 749 3424 et
768 3381 900 3425 Liviae
916 3381 1126 3438 imagines

284 3445 431 3488 missas
457 3445 614 3488 Roma.

443 3531 595 3590 VII.

1241 2016 1304 2059 53.
1345 2017 1522 2059 Cesart's
1554 2018 1748 2060 adventu.
1779 2017 1948 2061 cesare
1987 2020 2033 2063 in

1187 2096 1363 2124 arenam
1385 2081 1615 2132 venientu
1635 2098 1736 2126 nam
1759 2084 2032 2139 gladiatores,

1187 2146 1260 2203 qui
1277 2147 1386 2189 servi
1406 2156 1531 2190 erant
1548 2179 1559 2200 ‚
1579 2147 1705 2201 victi,
1725 2149 2037 2204 confugiebant

1189 2210 1241 2254 ad
1263 2210 1395 2267 pedes
1410 2210 1594 2254 casaris
1610 2245 1623 2265 ,
1640 2221 1682 2255 et
1701 2212 1938 2256 incolumes
1961 2214 2037 2257 di-

1187 2275 1486 2318 mittebantur.
1514 2275 1571 2318 Et
1595 2276 1627 2319 si
1649 2276 1953 2332 confugientes
1982 2279 2035 2322 ad

1186 2348 1372 2382 statuam
1388 2373 1400 2393 ‚
1422 2340 1543 2383 liberi
1565 2349 1715 2394 erant,
1740 2342 1880 2383 multo
1900 2343 2037 2400 magis

1190 2404 1493 2461 confugientes
1528 2404 1580 2446 ad
1623 2406 1764 2461 ipsum
1798 2406 2039 2463 imperato-

1190 2485 1355 2512 rem.·—
1364 2471 1531 2518 Voltus,
1551 2468 1594 2511 id
1617 2479 1677 2512 est
1694 2503 1705 2523 ,
1725 2469 1905 2514 Caesaris
1926 2487 2041 2528 prae-

1193 2534 1330 2577 sentia
1366 2533 1496 2576 habet
1534 2549 1623 2577 non
1664 2535 1885 2579 modicum
1913 2569 1925 2590 ,
1962 2536 2039 2580 sed

1195 2615 1405 2658 magnum
1424 2601 1650 2655 auxilium,
1674 2602 1774 2658 quia
1792 2602 1861 2645 ille
1882 2603 2041 2645 libera-

1195 2674 1280 2708 tur.
1310 2689 1364 2697 —
1396 2667 1508 2709 -Tulo
1524 2669 1738 2721 gladiator
1770 2683 1899 2709 arena
1917 2702 1927 2715 ‚
1961 2683 2042 2724 pro

1195 2734 1285 2786 ipse
1298 2734 1514 2786 gladialor
1526 2740 1639 2775 totus
1650 2766 1661 2782 ‚
1683 2742 1787 2775 nota
1801 2734 1937 2789 poetis
1950 2749 2045 2776 me·

1197 2795 1364 2839 tathesi.
1394 2798 1500 2839 Tota
1523 2795 1716 2853 plerique
1744 2806 1957 2840 veterum.
1982 2798 2042 2842 H.

1198 2885 1252 2895 —
1286 2864 1415 2906 Tutus
1439 2867 1651 2918 gladiator
1682 2863 1911 2906 duodecim
1947 2864 2047 2907 iibri

1200 2935 1244 2970 et
1264 2927 1411 2971 multae
1428 2927 1638 2972 editiones
1654 2962 1666 2982 ,
1690 2928 1807 2984 quod
1821 2929 2045 2971 Burman-

1201 3008 1260 3036 no
1280 2992 1486 3048 placebat.
1505 3017 1559 3026 —
1576 2994 1724 3038 Nostri
1744 3000 1849 3036 tuta.

1257 3060 1322 3102 55.
1343 3061 1433 3101 Nos
1451 3074 1607 3114 quoque
1626 3067 1763 3101 vestra
1770 3058 1904 3113 juret.
1918 3057 2048 3102 Ordo

1204 3133 1267 3168 est
1286 3141 1295 3167 ι
1312 3123 1403 3167 Nos
1423 3139 1594 3179 quoque
1613 3123 1739 3179 juvet
1755 3155 1767 3175 ,
1796 3122 1912 3178 quod
1933 3123 2048 3166 vide-

1203 3204 1300 3231 mus
1331 3196 1471 3230 vestra
1491 3203 1567 3230 ora
1587 3220 1598 3241 ,
1635 3202 1724 3243 quo
1750 3186 1886 3229 modo
1918 3186 2018 3230 licet
2035 3219 2047 3240 ,

1205 3251 1392 3307 imagine
1421 3259 1594 3294 tantum
1628 3266 1856 3307 expressa3
1887 3259 1933 3294 et
1967 3250 2049 3293 hoe

1206 3325 1397 3373 spectare
1418 3316 1542 3358 nobis
1570 3316 1732 3372 prosit,
1760 3316 2053 3373 quemadmo-

1208 3383 1313 3426 dum
1353 3381 1575 3438 gladiatori
1610 3382 1779 3439 profuit
1815 3383 1967 3426 vidisse
2005 3383 2051 3424 in

1209 3463 1341 3489 arena
1363 3445 1583 3493 Caesarem
1604 3447 1747 3502 ipsum
1766 3456 2039 3504 praesentem.

1722 3533 1789 3585 23
