2280 3776
264 276 373 331 386

732 276 794 328 P.
845 273 1135 330 OVIDII
1185 273 1565 330 NASONIS

263 396 523 477 Dumque
550 407 707 475 parat
734 413 946 451 sacrum
966 437 980 462 ‚
1013 389 1141 450 dum
1173 389 1316 451 velat
1346 405 1593 475 tempora
1618 392 1796 466 vittis,

345 492 494 551 Dum
527 490 688 550 tardae
717 512 905 549 causas
934 488 1142 549 invenit
1170 512 1344 571 usque
1374 513 1539 550 morae
1564 514 1575 548 :

264 591 391 651 Non
422 611 521 665 ego
551 583 813 657 crudelis,
845 584 1066 666 juvenes
1090 586 1387 665 ignoscite,
1421 585 1592 657 dixit;

344 685 503 743 Sacra
534 705 634 742 suo
663 680 804 740 facio
835 679 1155 741 barbariora
1182 679 1324 740 loco.

263 779 430 839 Ritus
458 777 504 837 is
533 792 616 837 est
646 775 823 854 gentis
854 801 865 836 ε
901 799 1010 858 qua
1037 799 1134 836 vos
1166 790 1346 835 tamen
1373 775 1514 835 urbe
1546 776 1784 837 venitis?

346 876 544 953 Quove
574 897 768 957 parum
797 872 974 933 fausta
1003 895 1190 955 puppe
1219 871 1438 954 petistis
1466 870 1616 933 iter?
1988 894 2044 934 ευ»

266 971 424 1031 Dixit
453 995 465 1029 :
495 985 574 1042 et,
607 969 795 1029 audito
826 968 1016 1052 patriae
1045 968 1138 1052 pia
1162 967 1384 1027 nomine
1413 967 1596 1047 virgn,

347 1068 648 1127 Consortes
679 1067 835 1127 urbis
863 1067 1132 1149 comperit
1164 1089 1279 1126 esse
1308 1088 1435 1125 suae.

263 1164 420 1225 Alter
450 1180 506 1224 at
534 1189 562 1225 e
590 1164 747 1225 vobis
765 1212 779 1237 ‚
803 1165 1017 1248 inquit,
1055 1164 1214 1224 cadat
1246 1161 1428 1224 hostia
1455 1163 1625 1234 sacri,

347 1259 438 1318 Ad
470 1259 674 1341 patrias
704 1258 857 1320 sedes
884 1260 1114 1320 nuntius
1143 1257 1278 1318 alter
1305 1272 1406 1318 eat.

264 1359 347 1416 Ire
370 1356 531 1437 jubet
558 1355 790 1439 Pylades
820 1379 1004 1416 carum
1033 1355 1315 1437 periturus
1342 1354 1613 1413 Oresten:
1991 1372 2045 1415 85

346 1451 453 1511 Hie
480 1466 644 1530 negat
669 1476 681 1524 ;
711 1452 880 1534 inque
908 1452 1078 1511 vicem
1105 1465 1321 1537 pugnat
1352 1464 1586 1532 uterque
1616 1448 1774 1509 mori.

263 1549 493 1610 Exstitit
522 1550 629 1610 hoc
658 1574 857 1621 unum,
891 1573 1003 1632 quo
1030 1572 1148 1608 non
1177 1547 1496 1608 convenerit
1523 1546 1634 1607 illis
1659 1573 1671 1606 :

350 1647 556 1707 Caetera
580 1670 680 1729 par
708 1669 936 1706 concors
966 1660 1020 1705 et
1044 1645 1162 1705 sine
1191 1643 1286 1704 lite
1315 1644 1436 1704 fuit.

270 1745 419 1804 Dum
447 1758 720 1825 peragunt
746 1742 969 1825 pulchri
996 1742 1222 1824 juvenes
1252 1757 1524 1802 certamen
1553 1743 1781 1814 amoriS,

271 1921 356 1961 qua
370 1904 488 1947 vittae
510 1905 562 1947 ab
585 1910 771 1959 utraque
794 1912 915 1960 parte
939 1903 1116 1959 depenss-
1199 1905 1320 1946 lubra
1340 1910 1463 1954 vota,
1490 1911 1591 1946 vola
1608 1905 1754 1946 laurea
1768 1937 1780 1955 ‚
1803 1912 1927 1947 votus
1947 1921 2050 1947 san—

272 1970 446 2013 debant.

330 2034 394 2089 76.
403 2035 566 2077 Invenit
580 2036 677 2088 ipsa
691 2048 825 2075 rnoroe.
836 2031 1015 2075 Rectius
1025 2031 1118 2075 Lei-

274 2099 418 2143 densis
433 2131 444 2152 ,
466 2114 603 2154 usque.
626 2098 795 2140 HEINS.

331 2166 394 2222 78.
403 2166 535 2207 Sacra
547 2164 749 2219 suoface'o
757 2164 1001 2206 barbariora
1013 2165 1119 2206 loco.

275 2231 441 2274 Forte:
465 2246 487 2266 (ε
519 2228 650 2272 Sacra
681 2243 782 2270 meo
812 2227 925 2271 facio
955 2227 1120 2270 barba-

274 2292 391 2336 riora
408 2292 526 2343 solo;
550 2308 572 2329 »
594 2307 699 2334 nam
727 2291 783 2335 in.
800 2307 891 2334 uno
904 2290 1120 2334 Vossiano

273 2361 358 2401 lolo
385 2373 464 2415 pro
493 2361 600 2400 loco.
629 2357 690 2399 H.
709 2379 763 2388 -
784 2358 866 2399 Suo
892 2359 997 2400 loco.
1024 2357 1122 2399 Hac

274 2433 391 2466 terra
414 2421 622 2475 Taurica,
647 2437 743 2477 quae
766 2430 831 2464 est
851 2421 1060 2465 crudelis:
1077 2430 1122 2465 et

274 2489 374 2533 ideo
391 2506 510 2533 sacra
528 2489 660 2532 etiam
680 2487 874 2531 crudelia
894 2487 1121 2531 celebran-

229 2600 232 2602 Α
275 2563 349 2598 tur
373 2571 397 2598 a
419 2571 491 2598 me
513 2563 662 2597 tamen
684 2570 774 2597 non
795 2551 973 2597 crudeli.

333 2637 397 2678 79.
419 2621 547 2662 Ritus
560 2623 599 2661 is
614 2626 680 2661 est
690 2623 839 2673 gentis.
854 2618 1010 2661 Malim
1021 2634 1121 2673 gen-

270 2691 317 2731 ti.
332 2687 577 2729 H.—R1·tus
595 2690 634 2728 1's
648 2695 715 2729 est
727 2690 874 2740 gentis.
890 2685 1008 2729 Talis
1026 2701 1120 2729 mos

273 2761 337 2795 est
357 2751 552 2795 Tauricis
574 2751 741 2808 populis
758 2783 770 2805 ,
797 2750 952 2795 Dianae
971 2751 1121 2807 hospi-

273 2827 338 2862 tes
358 2818 600 2861 immolare.

327 2885 393 2928 80.
419 2886 617 2940 Quodque
630 2901 792 2939 parurn.
824 2885 1016 2939 Quoque,
1051 2881 1120 2925 vel

279 2950 450 3004 Quaque
472 2947 682 3005 plerique.
703 2949 871 2991 HEINS.

326 3015 391 3057 81.
424 3016 603 3058 Nomine
613 3018 776 3069 patrt'oe.
798 3014 989 3058 Nomine
1011 3012 1120 3070 My-

275 3093 498 3122 cenarum.
619 3121 622 3123 .

328 3143 392 3183 83.
412 3145 535 3185 Alter
547 3151 595 3186 ut
608 3159 632 3185 c
648 3146 787 3194 vobis,
811 3147 963 3199 inquit,
990 3146 1120 3186 cadat

271 3207 411 3247 hostia
423 3213 570 3251 sacris.
582 3209 749 3251 Versus
764 3209 1000 3252 mendosus
1015 3224 1118 3251 :nec

240 3305 243 3307 .
274 3270 431 3325 juvant
448 3269 546 3312 libri
568 3280 749 3316 veteres.
776 3273 925 3316 Scribe
947 3289 957 3315 ε
981 3291 1002 3310 «
1030 3272 1117 3314 Al-

271 3343 439 3379 teruter
458 3337 566 3379 votis
584 3369 595 3389 ,
628 3337 770 3393 inquit
789 3372 801 3390 ,
831 3339 953 3382 cadat
977 3338 1115 3381 hostia

270 3401 409 3445 sacris.
421 3420 442 3441 »
471 3406 580 3446 Vola
593 3418 737 3454 sacra,
762 3408 811 3446 ut
829 3407 982 3458 templa
992 3412 1035 3446 ct
1047 3408 1118 3447 de-

1196 1973 1307 2024 ςιιιίῐ,
1330 1977 1429 2010 vota
1449 1970 1633 2019 victima,
1663 1977 1708 2012 et
1726 1968 1879 2011 similia
1894 1970 2049 2024 passim

1201 2032 1316 2088 apud
1337 2033 1576 2076 Nostrum:
1610 2033 1722 2076 Met.
1748 2033 1813 2076 IX
1831 2066 1842 2087 ‚
1878 2051 2049 2090 quoque

1201 2104 1301 2138 vota
1311 2111 1436 2138 sacra
1446 2095 1578 2140 habes
1595 2112 1605 2140 z
1619 2114 1641 2133 «ε
1655 2097 1813 2140 Victor
1826 2098 1878 2140 ab
1893 2097 2051 2141 OEcha-

1200 2160 1256 2204 lia
1274 2160 1450 2205 Caenaeo
1463 2177 1582 2206 sacra
1592 2163 1769 2219 parabat
1783 2163 1897 2206 Vota
1908 2164 1937 2206 J
1940 2164 2049 2206 ovi.»

1201 2250 1256 2258 -
1277 2227 1431 2270 Burm.
1451 2235 1496 2270 et
1511 2226 1662 2270 Oberl.
1686 2236 1882 2271 nostram
1901 2228 2054 2271 defen*

1204 2291 1316 2334 dunt
1338 2307 1348 2335 :
1375 2307 1471 2347 quae
1489 2307 1592 2334 sane
1607 2292 1751 2348 potior
1770 2292 2025 2335 Heinsiana.

1260 2359 1325 2413 84.
1340 2360 1420 2400 Ad
1428 2361 1548 2401 sedes
1551 2364 1732 2414 patrias.
1750 2361 1803 2404 In
1817 2359 2031 2403 Graeciam
2041 2394 2052 2414 ,

1205 2424 1431 2483 Mycenas.

1256 2489 1323 2533 86.
1336 2490 1463 2547 Inque
1477 2492 1609 2532 vicem
1615 2497 1781 2544 pugnat
1786 2496 1953 2547 uterquc
1965 2508 2050 2534 rno-

1200 2557 1251 2596 rz‘.
1267 2571 1286 2590 «
1300 2552 1387 2596 Hic
1398 2552 1491 2595 veri
1510 2553 1670 2596 amoris
1685 2553 1808 2597 dulce
1827 2564 2050 2598 certamen

1200 2619 1347 2671 vides3
1375 2619 1559 2663 Servare
1579 2619 1772 2664 Oresten
1794 2622 1908 2665 serio
1925 2622 2051 2681 Pyla-

1202 2683 1277 2727 des
1309 2683 1457 2726 studet
1472 2716 1484 2737 ,
1523 2683 1806 2742 Pyladenque
1836 2684 2016 2729 Orestes
2038 2702 2048 2736 ;

1200 2757 1381 2791 mutuus
1402 2764 1554 2792 sensus
1577 2758 1730 2792 monet
1751 2766 1761 2792 :
1787 2750 1956 2793 Neuter
1975 2766 2048 2792 su-

1201 2825 1364 2873 perstes
1378 2831 1468 2860 esse
1488 2815 1647 2859 suffert
1661 2815 1808 2868 alteri;
1832 2834 1855 2854 ι»
1880 2833 1931 2860 ex
1955 2817 2047 2860 Eu-

1200 2883 1282 2939 rip.
1305 2882 1393 2925 fab.
1418 2896 1482 2924 ιο.

1255 2948 1321 3002 87.
1336 2949 1522 2989 Exstilt‘t
1541 2948 1620 2989 boc
1647 2963 1795 2998 unum,
1831 2950 1946 3003 quod
1965 2965 2047 2991 non

1198 3023 1447 3056 convenerat
1459 3016 1550 3056 illis
1564 3030 1576 3055 :
1595 3015 1752 3057 Coetem
1761 3031 1865 3069 pars
1878 3031 2050 3058 concors

1198 3087 1240 3121 et
1258 3081 1350 3120 sine
1370 3081 1444 3120 lire
1453 3078 1560 3134 fud.
1586 3081 1713 3132 Quod
1723 3096 1807 3122 non
1821 3084 2056 3122 convenerit

1203 3143 1387 3199 Argent.
1420 3143 1577 3200 aliique
1608 3145 1865 3201 complures.
1903 3146 2017 3201 Lege
2036 3176 2047 3199 ,

1197 3225 1277 3264 quo
1300 3226 1382 3252 non
1403 3215 1639 3253 convenerit
1655 3214 1757 3254 illis.
1780 3211 1954 3254 Deinde
1968 3227 2051 3266 par
2074 3230 2076 3232 ·

1198 3290 1370 3317 concors
1396 3275 1679 3319 scribendum
1696 3309 1706 3329 ‚
1733 3285 1780 3320 ut
1803 3276 2044 3333 Naugerius

1196 3338 1288 3392 jam
1317 3339 1437 3382 vidit.
1475 3343 1630 3384 Caetera
1658 3357 1830 3384 concors
1859 3338 2044 3395 eleganti

1197 3402 1461 3460 Graecismo,
1484 3414 1533 3447 ut
1557 3414 1705 3448 cratera
1723 3408 1880 3449 Graias
1894 3404 2043 3459 Virgi-
