2280 3776
546 313 1007 371 TRISTIUM
1057 313 1224 368 LIB.
1277 312 1350 368 V.
1411 313 1822 369 ELEG 111.

1956 337 2057 371 211

380 434 584 495 Nubila
611 432 853 495 nascenti
882 454 976 494 seu
1010 431 1142 492 mihi
1178 432 1336 492 Parca
1365 431 1500 492 suit:

301 529 390 590 Tu
418 545 626 602 tamen,
661 553 688 590 e
717 529 884 593 sacris
912 528 1122 590 hederae
1150 526 1456 590 cultoribus
1482 551 1653 589 unum
2023 548 2070 588 15

381 626 618 686 Numine
648 625 912 686 debueras
938 624 1263 686 suatinuisse
1295 638 1409 686 tuo.

301 723 421 795 An,-
454 724 683 783 dominae
710 722 834 793 fati,
869 721 1141 804 quidquid
1172 722 1409 786 cecinere
1438 743 1688 794 sorores,

382 819 561 879 Omne
590 819 693 880 sub
726 819 956 880 arbitrio
989 819 1189 880 desinit
1212 842 1330 881 esse
1359 819 1503 879 Dei?

301 916 428 998 Ipse
459 935 679 998 quoque
706 915 963 978 aethercas
990 916 1198 981 meritis
1228 915 1472 976 invectus
1500 937 1556 975 es
1584 937 1766 986 arces;

381 1014 507 1093 Qua
536 1037 650 1073 non
681 1014 882 1096 exiguo
914 1013 1053 1080 facta
1084 1012 1269 1077 labore
1300 1012 1380 1074 via
1411 1027 1506 1073 est.
2020 1044 2074 1072 20

299 1108 412 1169 Nec
439 1109 614 1192 patria
646 1125 730 1171 est
762 1109 1005 1176 habitata
1035 1109 1135 1171 tibi
1164 1130 1176 1165 t
1201 1109 1295 1170 sed
1324 1109 1390 1170 ad
1424 1132 1596 1191 usque
1625 1107 1880 1170 nivosum

379 1204 674 1288 Strymona
703 1206 930 1278 venisti,
966 1204 1422 1287 Marticolamque
1458 1207 1663 1275 Geten;

298 1302 660 1386 Persidaque,
691 1318 745 1364 et
770 1303 881 1366 lato
911 1303 1234 1386 spatiantem
1265 1302 1484 1364 flumine
1515 1304 1774 1382 Gangen,

377 1403 449 1462 Et
481 1425 851 1486 quascumque
877 1402 1024 1463 bibit
1053 1399 1290 1461 discolor
1318 1401 1486 1462 indus
1508 1425 1693 1484 aquas.

297 1494 546 1568 Scilicet,
578 1497 719 1558 hanc
746 1497 951 1578 legem,
981 1513 1173 1559 nentes
1201 1495 1382 1558 fatalia
1415 1498 1593 1559 Parcae
2024 1515 2078 1559 225

374 1591 625 1654 Stamina
643 1640 657 1666 ,
689 1593 778 1654 bis
807 1594 992 1673 genito
1022 1594 1108 1654 bis
1137 1594 1375 1656 cecinere
1407 1593 1527 1653 tibi.

297 1689 395 1749 Me
420 1713 671 1772 quoque,
703 1689 748 1750 si
777 1690 859 1751 fas
889 1706 970 1752 est
1000 1690 1264 1774 exemplis
1294 1690 1370 1750 ire
1402 1691 1644 1751 Deorum
1663 1736 1679 1763 ,

377 1786 575 1846 Ferrea
603 1809 723 1846 sors
757 1786 878 1847 vitae
910 1786 1257 1869 difficilisque
1286 1787 1521 1868 premit:

298 1882 403 1944 Illo
432 1906 532 1944 nec
559 1882 732 1943 levius
763 1882 963 1955 cecidi,
999 1906 1160 1965 quem
1188 1905 1384 1960 magna
1414 1880 1662 1942 locutum

355 2025 420 2069 18.
437 2025 613 2067 Bestiae?
623 2038 716 2066 esse
729 2023 824 2066 Dei.
839 2023 977 2066 Dedm
992 2020 1151 2066 rectius
1233 2019 1376 2068 Persis
1399 2027 1488 2064 tota
1510 2019 1726 2064 altissimis
1743 2020 1928 2065 vallatur
1946 2038 2083 2066 mon-

300 2103 380 2145 pro
397 2086 547 2146 gentili
581 2086 796 2145 theologia
820 2086 931 2130 liber
950 2085 1150 2130 Leidens.

1233 2085 1347 2129 tibus
1362 2118 1375 2138 ‚
1396 2084 1570 2129 initium
1589 2085 1763 2143 rapiens
1787 2102 1811 2128 a
1838 2088 1972 2143 portis
1993 2088 2085 2131 Ca-

355 2171 416 2214 ¹9·
453 2155 676 2199 AEthenm
705 2155 863 2197 merim·
890 2155 1075 2197 &vectus
1106 2167 1153 2195 es
1230 2150 1333 2207 spiis
1348 2184 1359 2200 .
1376 2166 1463 2208 qua
1476 2152 1559 2195 iter
1571 2151 1616 2194 in
1630 2162 1826 2196 austrum
1842 2185 1855 2206 ,
1872 2163 1999 2210 atque
2019 2170 2082 2198 us·

298 2233 434 2267 arces.
457 2220 678 2262 AEthmas
697 2233 746 2262 es
768 2221 915 2266 merito
945 2224 1089 2260 vectus
1107 2221 1153 2259 in
1235 2231 1318 2271 que
1340 2215 1392 2259 ad
1415 2231 1537 2261 mare
1560 2216 1840 2272 protenditur
1858 2233 1867 2259 z
1885 2219 2001 2273 quod
2027 2219 2081 2262 ab

296 2299 415 2328 arces
440 2282 559 2340 prior
583 2281 854 2332 Vaticanus;
887 2289 1050 2325 evectas
1068 2279 1152 2324 Po-
1206 2310 1211 2314 -
1234 2293 1284 2321 ea
1316 2277 1539 2322 Persicum
1568 2287 1631 2321 est
1654 2278 1931 2334 adpellatum.
1959 2282 2082 2324 Gan·—

296 2348 359 2392 lit.
383 2346 515 2399 alten
537 2345 613 2390 sed
634 2345 743 2390 nihil
775 2349 900 2393 muto
922 2359 932 2387 ε
953 2359 1056 2387 nam
1086 2342 1148 2385 il-

297 2413 372 2457 lud
391 2412 577 2457 verbum
591 2413 734 2460 invehi
745 2409 975 2466 proprium
987 2409 1149 2452 trium-

297 2477 554 2535 phantium,
590 2484 640 2519 ut
662 2474 774 2531 apud
799 2474 1046 2526 Romanos,
1068 2477 1147 2518 in·

298 2546 390 2587 vehi
413 2543 666 2598 Capitolium
689 2539 956 2586 dicebantur.
979 2537 1141 2583 Lucan.

302 2607 433 2661 VIII,
451 2607 552 2651 553:
569 2623 591 2643 «
607 2621 689 2649 nec
701 2613 769 2648 ter
784 2602 1000 2660 Capitolia
1013 2617 1147 2645 curru

299 2676 502 2719 Invectus
519 2689 529 2723 ;
547 2689 568 2709 υ
584 2670 699 2715 Fior.
719 2668 803 2723 Vl,
821 2685 844 2710 2
862 2700 874 2721 ,
899 2685 921 2705 «
940 2665 1086 2714 Caesar
1098 2666 1145 2709 in

299 2739 485 2797 patriam
514 2737 651 2785 victor
686 2733 936 2785 invehitur;
976 2751 998 2772 »
1021 2741 1066 2781 et
1090 2733 1146 2777 ita

300 2803 452 2847 millies
471 2802 554 2849 alii.
577 2799 778 2857 Quidam
795 2832 807 2853 ,
837 2814 984 2846 auras,
1020 2797 1145 2840 male.

354 2884 423 2912 ao.
438 2873 531 2924 qu
542 2883 627 2911 non
638 2869 800 2920 exiguo.
812 2867 921 2919 Qua
932 2863 1145 2907 meliores.

360 2949 424 2977 at.
445 2935 534 2979 Na:
545 2935 703 2987 patria.
723 2929 900 2977 Tbeboe.

357 3015 421 3042 αα.
429 2999 657 3056 Strymona.
670 2997 884 3056 Strymon
895 2994 1052 3039 fluvius
1062 3003 1142 3049 est,

301 3065 377 3121 qui
397 3063 441 3107 in
456 3063 650 3109 confinio
664 3062 861 3107 Thraciae
878 3071 923 3105 et
937 3061 1146 3105 Macedo-

303 3132 387 3175 niae
407 3146 458 3173 ex
479 3129 613 3175 AEmo
630 3129 828 3186 decurrit
843 3130 927 3173 :ibi
949 3146 1027 3186 per
1055 3145 1144 3172 aes-

302 3205 397 3240 tum
418 3194 604 3238 maxime
626 3210 751 3251 grues
771 3203 1027 3245 morantur-3
1050 3210 1143 3237 un-

302 3261 356 3304 de
385 3261 513 3303 Maro
536 3275 606 3303 eas
627 3260 881 3317 Strymonius
905 3258 1144 3316 adpellavit.

302 3328 644 3381 Marticolamque
670 3325 812 3369 Geten.
832 3324 943 3368 Belli
966 3325 1144 3382 cupidos

306 3390 511 3435 Thracas.

356 3458 421 3499 23.
436 3457 688 3510 Persidaque
696 3489 708 3510 ,
727 3463 769 3499 et
778 3458 867 3499 lato
878 3460 1141 3510 spatiantem.

1227 2359 1319 2398 gen.
1340 2342 1534 2398 Ganges,
1558 2342 1693 2385 Indiae
1711 2342 1888 2397 fluvius,
1910 2354 1973 2387 est
1994 2362 2081 2389 ma-

1231 2407 1370 2450 ximus
1395 2406 1599 2449 omnium
1619 2406 1856 2451 fluminum
1873 2443 1885 2463 ‚
1909 2426 2007 2466 quae
2033 2412 2080 2455 in

1229 2475 1366 2517 tribus
1402 2475 1729 2518 continentibus
1761 2488 2079 2523 memorantur.

1226 2538 1341 2583 Vide
1362 2539 1473 2584 Plin.
1489 2539 1558 2582 lib.
1582 2539 1650 2584 VI
1665 2574 1679 2594 ,
1697 2556 1787 2597 cap.
1813 2544 1871 2585 18.

1285 2608 1350 2661 24.
1369 2609 1555 2651 Decolor
1571 2609 1713 2651 Indus.
1729 2609 1926 2665 Quidam
1941 2617 2076 2658 disco·

1226 2675 1315 2724 lor,-
1340 2681 1575 2729 utrumque
1591 2674 1776 2730 probum
1793 2675 1876 2720 dixi
1893 2678 1945 2721 ad
1963 2679 2075 2724 Met.

1228 2737 1498 2782 H.—1ndiae
1520 2740 1703 2796 populus
1724 2743 1875 2798 niger,
1905 2754 1950 2788 et
1971 2747 2074 2791 mali

1227 2801 1380 2849 coloris
1402 2835 1414 2857 ,
1442 2803 1498 2848 ob
1522 2804 1709 2847 nimium
1731 2807 1832 2850 solis
1855 2809 2072 2854 ardorem.

1228 2867 1340 2910 Plin.
1359 2867 1431 2919 lib.
1447 2868 1515 2912 VI
1528 2901 1541 2923 ‚
1562 2886 1652 2926 cap.
1679 2888 1739 2927 ¹7·
1756 2872 1886 2915 Mna.

1281 2933 1347 2974 26.
1365 2934 1566 2984 Stamina.
1595 2936 1791 2978 Carmina
1812 2938 2001 2983 Strozzae
2021 2941 2075 2984 li·-

1224 2998 1304 3041 ber
1325 3013 1335 3040 t
1357 2997 1411 3040 de
1433 3014 1516 3054 qua
1540 3014 1644 3042 voce
1667 2999 1764 3044 vide
1785 3002 1837 3044 ad
1861 3002 2070 3048 Claudia-

1225 3079 1351 3117 num,
1363 3063 1482 3116 11,in
1494 3063 1676 3121 Eutrop.
1693 3082 1749 3110 vs.
1769 3069 1860 3120 458.
1875 3068 2072 3117 H.—Bis

1220 3133 1360 3184 genito
1382 3132 1449 3172 bis
1470 3139 1550 3174 etc.
1579 3131 1652 3174 Bis
1670 3132 1866 3187 genitum
1888 3135 2073 3192 adpellat

1225 3194 1447 3238 Bacchum
1461 3228 1472 3248 ,
1491 3196 1699 3251 quoniam
1718 3198 1906 3253 primum
1924 3219 1976 3244 ex
1995 3203 2071 3247 Se·

1224 3259 1337 3302 mele
1354 3292 1365 3313 ,
1400 3258 1558 3305 deinde
1586 3277 1637 3303 ex
1662 3261 1832 3307 femore
1852 3265 2001 3319 Jovis,
2024 3269 2068 3311 in

1223 3324 1366 3367 lucem
1394 3324 1658 3369 venitzhinc
1687 3330 1862 3371 bimater
1887 3340 1931 3372 et
1958 3337 2065 3376 &1525-

1221 3395 1360 3447 ραμέος
1377 3389 1526 3432 dictus.

1276 3473 1342 3514 29·
1372 3459 1500 3511 Quem
1519 3459 1712 3501 locutum.
1741 3457 2009 3515 Capaneum.
