2280 3776
320 242 458 337 146

759 271 823 323 P.
879 269 1181 324 OVIDII
1227 267 1622 324 NASONIS

842 509 1231 579 ELEGIA
1274 509 1500 581 XIII.

862 796 1514 853 ARGUMENTUM.

307 934 461 990 Quum
489 931 640 975 natalis
669 940 807 988 poetae
838 931 1032 986 adesset,
1066 933 1338 988 superfluum
1371 933 1502 977 fuisse
1536 934 1664 988 dicit,
1686 935 1732 978 in
1755 952 1804 979 ea
1822 935 1915 980 loca
1942 937 2064 982 illum

357 1000 522 1044 venisse
536 1032 547 1052 ‚
569 999 641 1042 ubi
663 1014 752 1042 non
775 1000 872 1044 licet
892 1001 950 1042 illi
973 1017 1023 1043 ex
1043 1016 1163 1043 more
1184 1001 1394 1045 solemnia
1411 1018 1529 1046 sacra
1549 1002 1750 1046 exhibere
1769 1021 1779 1056 ;
1798 1013 2034 1062 monetque
2050 1040 2062 1061 ,

357 1087 414 1114 ne
438 1070 616 1127 amplius
637 1069 809 1124 redeat,
836 1069 944 1112 dum
962 1070 1044 1114 erit
1062 1070 1108 1112 in
1133 1070 1322 1129 Scythia.

304 1201 503 1286 ECCE
535 1245 926 1307 supervacuus,
961 1222 1094 1306 quid
1123 1224 1263 1282 enim
1292 1223 1400 1284 fuit
1427 1222 1562 1284 utile
1593 1225 1786 1303 gigni?

282 1384 285 1387 ,
380 1319 469 1379 Ad
500 1343 597 1379 sua
620 1318 1083 1401 natalis-tempora
1110 1334 1300 1396 noster
1327 1319 1480 1381 adest
1502 1344 1514 1380 :

299 1416 448 1474 Dure
467 1460 481 1485 ‚
515 1414 648 1496 quid
675 1414 744 1474 ad
771 1414 997 1473 miseros
1027 1414 1283 1476 veniebas
1313 1414 1515 1476 exsulis
1543 1417 1757 1477 annos?

376 1512 661 1573 Debueras
691 1510 800 1571 illis
829 1512 1154 1593 imposuisse
1182 1513 1425 1573 modum.

298 1609 356 1669 Si
384 1608 484 1667 tibi
512 1631 639 1667 cura
668 1607 801 1678 mei,
834 1605 915 1665 vel
946 1606 992 1665 si
1021 1605 1204 1688 pudor
1227 1605 1376 1668 ullus
1405 1608 1635 1680 inesset,
2032 1627 2055 1667 5

373 1706 500 1763 Non
529 1702 673 1764 ultra
700 1704 931 1786 patriam
960 1727 1044 1763 me
1073 1726 1356 1785 sequerere
1384 1727 1589 1776 meam;

295 1804 538 1885 Quoque
566 1801 687 1862 loco
716 1802 954 1884 primum
985 1801 1088 1861 tibi
1118 1825 1235 1861 sum
1267 1801 1406 1862 male
1434 1802 1689 1881 cognitus
1715 1801 1921 1873 infans,

372 1898 477 1959 Illo
508 1913 770 1958 tentasses
799 1897 1027 1968 ultimus
1051 1921 1168 1957 esse
1198 1897 1349 1957 mihi.

290 1993 521 2077 Jamque
549 1993 904 2075 relinquenda
924 2039 938 2064 ‚
969 1990 1118 2075 quod
1142 1993 1281 2053 idem
1312 1994 1486 2053 fecere
1515 1992 1753 2065 sodale5‚

367 2093 456 2151 Tu
484 2113 705 2173 quoque
733 2088 962 2148 dixisses
993 2089 1164 2148 tristis
1192 2089 1247 2147 in
1276 2089 1444 2160 urbe,
1475 2088 1606 2150 vale.
1659 2126 1662 2129 -
2005 2121 2051 2149 m

288 2188 441 2268 Quid
468 2186 574 2246 *tihi
597 2208 720 2244 cum
750 2185 967 2245 Ponto?
997 2208 1130 2244 num
1161 2199 1213 2244 te
1244 2209 1463 2267 quoque
1494 2186 1721 2247 Caesaris
1749 2187 1829 2247 ira

367 2287 677 2344 Extremam
705 2280 867 2359 gelidi
896 2281 1046 2340 misit
1068 2282 1126 2340 in
1150 2281 1298 2341 orbis
1327 2280 1601 2341 humum?

289 2380 507 2441 Scilicet
538 2393 815 2461 exspectes
846 2376 993 2438 soliti
1025 2377 1128 2436 tibi
1156 2378 1327 2438 moris
1354 2377 1651 2450 honorem,

365 2475 607 2537 Pendeat
635 2499 699 2536 ex
727 2473 970 2536 humeris
998 2475 1161 2535 vestis
1185 2490 1249 2535 ut
1275 2473 1397 2559 alba
1424 2473 1596 2535 meis?

340 2630 375 2658 1.
402 2614 516 2668 Quid
520 2616 627 2656 em'm
629 2609 725 2665 fuit
734 2613 834 2653 utile
844 2613 975 2652 nasci.
991 2612 1128 2665 Gl‘gm‘

283 2678 483 2721 meliores
497 2709 509 2730 ‚
531 2676 612 2718 nisi
634 2675 749 2731 quod
772 2675 897 2731 prim.
921 2674 1120 2717 Politian.

283 2733 419 2799 prim(
433 2741 570 2784 Vatic.
591 2749 634 2783 et
648 2739 807 2782 Medic.
826 2742 958 2782 nobis.
977 2739 1036 2782 H.

334 2809 373 2849 3.
406 2809 582 2849 Miseros
612 2809 770 2848 exsulis
798 2822 943 2847 annos.
971 2807 1126 2847 Miseri

282 2871 601 2926 Rottendorph.
623 2871 684 2912 H.

333 2938 371 2990 4.
390 2938 576 2978 Modum.
608 2935 764 2977 Finem
781 2967 792 2988 ,
814 2943 860 2977 ut
881 2950 1089 2978 morerer.

332 3004 370 3044 5.
387 3004 532 3044 Pudor
540 3004 650 3043 ullus
661 3003 839 3042 adesset.
854 3003 1016 3043 Inesse!
1025 3000 1117 3056 ple-

277 3065 414 3121 rique.
440 3066 499 3107 H.

330 3147 365 3185 7.
391 3131 558 3185 Quoque
571 3133 664 3173 loco
671 3134 860 3184 primum.
877 3129 1086 3172 Sulmone
1099 3159 1111 3180 ,

276 3207 410 3247 quum
425 3194 614 3248 primum
627 3202 753 3236 natus
767 3193 994 3235 fui—Sum
1007 3193 1115 3233 male

272 3260 483 3310 cognitus-¹
500 3258 609 3299 Sum
636 3257 866 3300 infeliciter
886 3256 1080 3313 cognitus
1099 3285 1111 3307 ,

273 3319 394 3361 malis
416 3328 460 3362 et
486 3320 736 3366 infortuniis
759 3322 903 3366 exsilii.
926 3324 1115 3365 Creditus

276 3385 384 3428 Cod.
412 3385 608 3429 Strozzae.

1256 2625 1295 2668 9.
1324 2610 1453 2665 Inque
1474 2611 1748 2665 relinquendo.
1779 2605 2040 2662 Relmquen-

1200 2677 1296 2716 dum
1315 2675 1442 2730 prim.
1462 2673 1588 2718 Polit.
1605 2683 1649 2717 et
1667 2673 1754 2715 duo
1769 2673 1847 2715 alii.
1866 2673 2038 2716 Scribe:

1202 2758 1222 2776 «ι
1246 2739 1435 2798 Jamque
1457 2738 1741 2795 relinquenda
1757 2771 1769 2792 ,
1787 2738 1900 2794 quod
1922 2738 2036 2781 idern

1197 2803 1340 2847 fecere
1360 2802 1525 2846 sodales
1540 2835 1552 2856 ‚
1577 2803 1647 2845 Tu
1673 2818 1845 2858 quoque
1868 2803 2037 2847 dixisses

1198 2868 1328 2910 tristis
1347 2868 1392 2909 in
1415 2866 1549 2919 urbe,
1569 2865 1675 2907 vale.
1689 2884 1709 2902 »
1729 2866 1788 2908 H.

1257 2947 1318 2972 12.
1338 2932 1577 2971 Extremam
1594 2932 1727 2983 gelidi
1740 2933 1855 2971 mtlrt't
1868 2934 1912 2971 in
1927 2933 2039 2972 orbis

1195 2998 1371 3038 humum.
1398 2994 1553 3036 Malim
1575 2997 1718 3037 Getici
1731 2998 1854 3037 orbis.
1878 2996 1936 3037 H.

1255 3060 1313 3101 13.
1335 3060 1505 3102 Scilicet
1526 3065 1744 3113 exspectas
1767 3062 1936 3103 sollium
1960 3062 2043 3103 tibi

1194 3131 1320 3167 moris
1349 3127 1551 3167 honorem.
1584 3125 1781 3167 Solitia'n
1816 3125 2036 3168 nonnullis

1194 3189 1370 3245 scriptis.
1396 3190 1512 3232 Puto
1537 3193 1660 3232 soliti
1676 3193 1784 3232 mila·
1801 3194 1926 3233 moris
1949 3193 2034 3233 bo-

1193 3272 1342 3297 norem.
1364 3255 1423 3297 H.

1251 3324 1310 3375 ¹4·
1339 3323 1479 3364 Vestis
1498 3329 1546 3364 ut
1559 3325 1671 3364 alba.
1697 3320 1845 3377 Quam
1866 3322 2031 3365 indue·-

1192 3386 1298 3428 bant
1311 3418 1323 3440 ‚
1348 3387 1420 3443 qui
1441 3388 1629 3430 natalem
1646 3387 1935 3432 celebrabant.
