2280 3776
967 453 1338 514 GARMEN

290 626 619 712 JULII
694 627 1262 718 CAESARIS
1318 633 2015 725 SCALIGERI

1105 812 1199 857 DE

656 958 731 1026 P.
785 958 1146 1059 ovlml
1197 960 1664 1031 NASONIS

967 1119 1348 1176 EXSILIO.

672 1332 918 1396 (quuitur
937 1339 1024 1397 ipse
1046 1339 1232 1385 Ovidius
1251 1340 1304 1383 ad
1327 1341 1618 1399 Augustum.)

278 1508 348 1592 A
368 1557 476 1600 me
495 1534 705 1594 utinam
731 1534 996 1617 inciperes
1022 1534 1170 1596 ferus
1194 1559 1310 1598 esse
1328 1585 1342 1610 ‚
1369 1553 1589 1599 cruente
1612 1563 1624 1611 ;
1649 1561 1750 1600 nec
1777 1553 1921 1602 atras

357 1631 462 1689 Per
491 1630 662 1691 caedes
689 1630 891 1692 faceres
920 1631 986 1690 ad
1015 1655 1132 1692 mea
1162 1631 1270 1694 fata
1298 1633 1541 1712 gradum.

277 1727 336 1788 Si
363 1750 480 1787 mea
507 1743 558 1787 te
586 1728 757 1787 movit
791 1728 1042 1788 te'tl‘icum
1070 1725 1268 1791 lasciva
1295 1731 1578 1812 juventUS‚

355 1827 436 1885 Te
461 1825 711 1906 juvenem
742 1823 965 1884 damnas
994 1826 1240 1908 perditus
1267 1852 1278 1886 :
1312 1826 1462 1887 exsul
1489 1826 1594 1887 abi.

274 1924 450 2006 Impia
478 1922 698 2000 flagitiis
730 1922 982 2004 squalent
1010 1924 1306 2005 penetralia
1337 1925 1504 1985 diris:

360 2018 619 2078 Damnati
649 2032 908 2099 superant
934 2019 1159 2079 nomina
1187 2020 1332 2080 foeda
1360 2020 1455 2079 rei.

280 2118 409 2175 Non
438 2129 487 2174 te
519 2113 762 2173 divinum
795 2113 1075 2191 ingenium
1096 2162 1110 2186 ‚
1139 2140 1256 2175 non
1286 2115 1513 2176 candida
1545 2130 1779 2194 tangunt

363 2215 597 2273 Pectora
617 2259 630 2281 ‚
661 2236 770 2271 non
802 2211 985 2272 Clario
1014 2211 1202 2290 lingua
1234 2213 1467 2274 secunda
1496 2215 1632 2274 Deo,

283 2313 479 2370 Lactea
504 2307 739 2369 mollivit
769 2323 978 2369 veteres
1005 2332 1124 2369 mea
1151 2333 1284 2370 vena
1315 2325 1538 2394 poetas;

367 2409 443 2466 Et
468 2430 646 2467 rerum
680 2405 867 2465 docuit
892 2405 1135 2489 pondera
1165 2421 1309 2466 certa
1340 2431 1528 2468 novos.
2012 2438 2061 2465 10

286 2507 477 2585 Quum
507 2520 560 2564 te
591 2503 866 2564 laudarem
885 2550 898 2574 ‚
930 2518 1060 2562 tunc
1088 2527 1210 2563 sum
1237 2504 1499 2564 mentitus
1523 2529 1536 2564 :
1563 2504 1638 2564 ob
1665 2528 1836 2564 unum
1862 2503 1969 2564 hoc

366 2600 560 2661 Exsilii
589 2599 767 2659 suerat
795 2598 980 2658 debita
1005 2622 1167 2681 poena
1195 2599 1349 2659 mihi.
