2280 3776
270 338 379 407 364

733 343 797 394 P.
848 344 1136 400 OVIDII
1182 344 1564 403 NASONIS

347 457 430 515 Ne
456 469 670 514 careant
699 478 904 515 summa
934 460 1130 520 Troica
1152 461 1263 522 fata
1293 487 1477 523 manu.

274 552 421 609 Naso
451 573 643 631 parum
672 550 942 631 prudenS‚
975 555 1165 635 Artem
1194 557 1322 617 dum
1352 558 1517 617 tradit
1546 559 1789 634 amandi,
1989 582 2037 624 15

350 648 628 706 Doctrinae
658 649 895 730 pretium
928 651 1082 712 triste
1113 655 1372 732 magister
1398 656 1583 716 habet.

270 747 410 806 Sunt
444 759 619 805 tamen
648 746 792 807 inter
821 772 877 808 se
907 753 1215 811 communia
1247 777 1395 813 sacra
1424 756 1634 835 poetiS‚

352 840 640 901 Diversum
672 844 915 924 quamvis
949 846 1181 928 quisque
1215 872 1507 930 sequamur
1538 851 1656 911 iter.

274 937 528 1015 Quorum
562 953 612 997 te
644 963 961 1012 memorem,
998 966 1310 1025 quanquam
1341 947 1536 1027 procul
1562 949 1852 1021 absumu8‚
1884 971 1998 1008 esse

351 1035 643 1117 Suspicor,
678 1052 731 1095 et
759 1060 914 1097 casus
943 1038 1077 1097 velle
1105 1039 1276 1100 levare
1310 1066 1476 1102 meos,
1986 1074 2039 1101 20

271 1133 348 1192 Te
383 1131 549 1205 duce,
583 1133 897 1211 magnificas
924 1135 1068 1195 Asiae
1094 1138 1470 1220 perspeximus
1498 1138 1661 1199 urbes
1684 1163 1697 1212 ;

349 1231 626 1290 Trinacris
657 1247 736 1292 est
771 1231 940 1292 oculis
972 1248 1023 1292 te
1058 1233 1192 1295 duce
1223 1250 1353 1295 nota
1385 1236 1534 1296 meis.

269 1327 522 1389 Vidimus
553 1331 762 1390 AEtnaea
795 1329 982 1390 caelum
1011 1331 1384 1414 splendescere
1409 1334 1651 1407 flamma,

351 1423 686 1506 Subpositus
714 1426 886 1484 monti
924 1451 1084 1507 quam
1114 1429 1282 1487 vomit
1308 1453 1400 1488 ore
1431 1430 1616 1507 gigas;

273 1520 655 1603 Hennaeosque
683 1521 875 1594 lacuS‚'
894 1537 944 1581 et
970 1522 1168 1585 olentia
1196 1541 1383 1605 stagna
1413 1525 1617 1598 Palici.
1983 1544 2036 1585 25

260 1658 497 1709 manebat;
539 1659 762 1701 Homerus
801 1659 921 1701 enim
941 1659 1104 1702 bellum

260 1721 505 1778 Trojanum
521 1722 741 1780 descripsit
767 1740 902 1780 usque
924 1724 977 1767 ad
996 1741 1107 1767 mor-

261 1795 349 1829 tem
375 1787 592 1831 Hectoris.

318 1856 379 1907 14.
410 1857 559 1898 Troica
578 1859 698 1899 bella.
725 1859 858 1899 Facta
873 1856 959 1899 (luo
977 1866 1100 1901 vete-

258 1934 338 1960 res.
353 1918 483 1961 Forte
497 1952 508 1971 ,
538 1922 659 1963 Troia
669 1920 768 1968 fata
785 1954 795 1975 ,
818 1931 864 1964 ut
882 1954 892 1974 ‚
913 1925 1110 1965 Illivicta

260 1986 350 2024 suis
380 1984 422 2025 T
414 1987 504 2024 τοία
517 1983 622 2038 fata
640 1993 810 2027 canunt.
839 1986 897 2027 H.

319 2047 378 2089 18.
411 2049 631 2091 Diuersum
663 2053 752 2092 iter.
797 2050 915 2106 Quia
956 2051 1109 2093 Macer

257 2112 434 2155 heroico
453 2114 646 2157 carmine
665 2146 676 2167 ,
694 2114 878 2158 Ovidius
893 2115 1015 2172 elego
1029 2114 1103 2158 flo-

260 2177 396 2221 rebat.

313 2259 374 2300 ¹9·
396 2243 506 2284 Esse
534 2260 758 2287 memorem.
801 2244 923 2299 Quia
956 2246 1108 2289 Macer

256 2306 422 2349 viderat
459 2307 606 2350 Ovidii
636 2317 863 2364 poemata,
906 2318 949 2352 et
979 2309 1104 2353 illum

259 2370 457 2427 ejusdem
492 2371 623 2414 studii
651 2381 695 2415 et
737 2387 961 2415 sacrorum
1007 2373 1108 2415 cul—

257 2445 400 2478 torem
429 2435 601 2479 amabat
616 2469 627 2490 ‚
662 2445 900 2491 antequam
921 2436 964 2478 in
987 2436 1107 2478 exsi—

252 2498 361 2542 lium
383 2500 739 2556 proficisceretur.
762 2501 829 2544 M.
847 2525 901 2533 —
920 2503 1105 2555 Quorum

256 2570 297 2606 le
320 2581 543 2607 memorem.
579 2565 679 2608 Sive
710 2581 895 2621 quarum
927 2582 1106 2617 rerum,

255 2627 455 2672 videlicet
472 2662 482 2682 ‚
502 2629 618 2684 quod
638 2646 756 2672 sacra
777 2629 1041 2685 poetisinter
1061 2645 1106 2672 se

257 2694 507 2736 communia
526 2702 628 2736 sunt
645 2727 656 2747 ,
680 2695 810 2737 etiam
839 2693 874 2736 si
892 2694 971 2750 ipsi
992 2695 1108 2736 inter

256 2774 301 2800 se
317 2757 483 2804 diversa
502 2758 719 2800 scribendi
740 2775 900 2814 genera
917 2774 1108 2814 sequun-

256 2832 354 2877 tur,
378 2833 420 2866 te
436 2840 679 2867 memorem
697 2840 787 2867 esse
808 2832 912 2880 puto
930 2857 941 2879 ,
965 2839 1105 2880 eoque

256 2886 365 2929 velle
383 2904 504 2930 casus
524 2903 645 2930 meos
669 2889 822 2931 levare.
851 2889 1023 2931 Mlc-YL.

310 2968 375 2994 21.
403 2954 461 2994 Te
478 2955 591 2995 duce.
615 2952 732 2995 Cum
748 2953 902 2996 Macro
924 2952 1104 2996 enimin

259 3017 407 3060 Asiam
435 3018 650 3075 navigavit
678 3028 805 3075 poeta
825 3052 836 3073 ‚
877 3027 920 3061 et
951 3020 994 3061 in
1025 3019 1106 3061 Si-

257 3082 409 3124 ciliam.
441 3107 494 3115 —
517 3085 636 3127 Asioe
652 3087 938 3139 perspeximus
968 3087 1121 3128 urbes.‘

256 3146 516 3190 Patavinum
546 3153 815 3203 perreximus.
839 3148 1028 3191 FABRIC.
1052 3171 1106 3179 —-

259 3213 551 3264 Prospescimus
572 3213 764 3269 plurimi.

315 3294 378 3318 22.
418 3280 475 3320 Te
498 3282 600 3321 duce
618 3286 712 3323 visa
733 3284 845 3323 meis.
873 3282 987 3325 Nota
1007 3295 1102 3322 me-

258 3343 387 3386 liores
413 3354 676 3388 constanter.
708 3348 769 3389 H.

314 3410 377 3462 24.
391 3411 634 3464 Subpositus
646 3407 786 3453 monti.
801 3413 995 3468 Fingunt
1007 3427 1105 3468 poe-

259 3482 312 3518 tae
333 3490 356 3517 a
378 3474 492 3520 Jove
519 3474 799 3520 fulminatum
824 3477 1071 3536 Typhoeum
1089 3493 1103 3533 5

1191 1671 1235 1705 et
1258 1671 1307 1705 ut
1333 1662 1488 1706 cecinit
1511 1662 1554 1705 in
1578 1661 1760 1705 Metam.
1784 1660 1854 1703 lib.
1889 1663 1946 1715 V,
1971 1679 2030 1706 vs.

1189 1727 1270 1781 346
1289 1743 1367 1783 sqq
1387 1743 1396 1770 :
1424 1745 1447 1765 «
1473 1729 1606 1770 Vasta
1628 1726 1845 1783 gigantaeis
1871 1726 2031 1782 injecta

1190 1801 1254 1835 est
1291 1792 1429 1835 insula
1464 1792 1671 1835 membris
1708 1791 1928 1834 Trinacris
1946 1823 1957 1845 ‚
1991 1801 2035 1845 et

1190 1857 1360 1908 magnis
1400 1857 1645 1912 subjectum
1681 1855 1864 1899 molibus
1909 1867 2037 1911 urget

1189 1921 1421 1965 AEthereas
1444 1937 1596 1964 ausum
1615 1929 1805 1976 spectare
1825 1919 2036 1977 Typhoea

1191 1986 1315 2028 sedes
1336 2002 1345 2029 ε
1367 1987 1534 2029 Nititur
1547 1985 1615 2028 ille
1633 1984 1826 2040 quidem,
1847 1991 2037 2040 pugnat-

1189 2067 1272 2107 que
1301 2067 1524 2107 resurgere
1555 2066 1695 2106 saepe,
1728 2057 1809 2091 etc.
1840 2047 2036 2093 sedee—

1188 2124 1335 2172 gravat
1357 2115 1493 2158 AEtna
1513 2124 1641 2170 caput
1664 2130 1674 2157 ε
1703 2113 1783 2156 sub
1804 2128 1889 2168 qua
1907 2128 2033 2155 resu—

1187 2180 1314 2235 pinus
1335 2196 1486 2222 arenas
1523 2180 1693 2235 Eiectat
1710 2212 1721 2231 ,
1743 2178 2029 2233 flammasque

1193 2244 1291 2287 fero
1310 2243 1448 2286 vomit
1468 2259 1543 2287 ore
1570 2243 1806 2303 Typhoeus.
1824 2261 1846 2280 »

1244 2311 1308 2351 25.
1331 2311 1602 2365 Henneosque
1626 2312 1746 2350 lacus
1764 2341 1775 2356 ,
1810 2315 1854 2349 et
1880 2310 2036 2350 olentia

1187 2383 1340 2429 stagna
1365 2375 1518 2416 Palici.
1552 2375 1842 2429 Hennoeosque
1862 2372 2033 2415 Sarrav.

1188 2438 1371 2495 Argent.
1395 2447 1438 2481 et
1458 2454 1570 2480 unus
1589 2439 1727 2481 Vatic.
1747 2437 1834 2480 duo
1854 2437 1925 2480 alii
1941 2440 2037 2481 En·-

1186 2519 1386 2558 naeosque.
1405 2502 1585 2546 Dictum
1598 2502 1651 2545 de
1666 2503 1745 2545 hae
1758 2518 1861 2545 voce
1881 2501 2030 2545 multis

1187 2567 1240 2611 ad
1262 2569 1456 2624 Raptum
1482 2567 1756 2623 Proserpina:
1783 2566 2028 2610 Claudiani.

1186 2633 1405 2676 Praeterea
1443 2631 1722 2675 scribendum
1752 2633 1944 2681 palicas,
1978 2638 2028 2672 ut

1186 2696 1241 2740 sit
1258 2696 1469 2753 adpositio
1493 2713 1503 2739 :
1524 2695 1711 2739 vidimus
1742 2695 1908 2738 Palicos
1935 2701 2032 2737 sta-

1189 2778 1272 2819 gna
1294 2761 1468 2805 olentia.
1495 2763 1656 2815 Stagna
1678 2762 1909 2802 Palt‘corum
1928 2756 2033 2800 dixit

1187 2827 1370 2871 Metam.
1385 2827 1440 2869 V.
1454 2826 1527 2869 Sic
1539 2824 1650 2881 apud
1664 2824 1838 2868 Graecos
1858 2838 2031 2878 semper

1186 2901 1313 2948 Λίμνη
1345 2898 1515 2935 Παλίκων
1528 2923 1540 2945 ,
1567 2899 1611 2933 et
1631 2899 1808 2951 κρατῆρες
1820 2894 1992 2932 [latinum
2010 2905 2023 2940 ;

1173 2958 1320 3000 'etiam
1340 2960 1518 3006 Παλικίνή
1536 2960 1648 3016 κρηνὴ
1664 2970 1673 2996 :
1689 2969 1791 2996 nam
1806 2953 1914 2996 duos
1933 2952 2027 2994 fra-

1184 3031 1271 3064 tres
1284 3021 1402 3063 Deos
1417 3019 1583 3063 Palicos
1600 3018 1727 3062 fuisse
1742 3017 2031 3061 constat.Vir-

1184 3085 1285 3142 gilio
1306 3094 1454 3128 tamen
1471 3117 1482 3138 ,
1510 3084 1686 3128 AEneid.
1709 3085 1751 3127 X
1769 3116 1780 3138 ,
1801 3085 2032 3137 placabilis
2053 3109 2055 3111 -

1182 3167 1260 3193 ara
1281 3153 1430 3193 Palici.
1462 3149 1551 3192 Sed
1571 3159 1616 3192 et
1644 3148 1731 3192 illic
1753 3164 1925 3205 quoque
1953 3163 2030 3203 per

1184 3215 1501 3271 adpositionem
1518 3215 1632 3258 sumi
1650 3222 1804 3271 potest.
1818 3215 1969 3256 Posset
1985 3221 2029 3254 et
2048 3234 2053 3238 -

1183 3281 1290 3338 legi,
1323 3283 1478 3323 olentia
1498 3289 1655 3335 stagna
1676 3282 1852 3322 Palz'cen
1864 3311 1875 3329 ‚
1906 3286 1954 3320 ut
1974 3275 2027 3318 ad

1183 3345 1390 3402 oppidum
1418 3352 1583 3396 Παλίκην
1598 3379 1610 3398 ,
1628 3354 1779 3401 stagno
1802 3343 1992 3386 vicinum
2012 3372 2024 3393 ‚

1182 3411 1348 3454 innuat.
1378 3410 1467 3452 Adi
1496 3409 1687 3454 Siciliam
1727 3404 2027 3452 accuratissimi

1189 3473 1394 3519 Cluverii.
1421 3474 1480 3516 H.
