2280 3776
277 282 388 351 224

727 286 791 338 P.
848 286 1145 341 OVIDII
1189 287 1565 346 NASONIS

278 403 461 481 Quam
489 401 673 460 multae
704 401 890 479 gracili
921 417 1129 465 terrena
1159 406 1259 466 sub
1287 406 1481 467 horrea
1508 408 1648 468 ferre

355 496 551 556 Limite
582 495 822 556 formicae
851 520 1015 574 grana
1043 514 1254 581 reperta
1280 499 1484 572 solent3
1956 526 1957 529 ¹
1986 523 2042 576 4ο

273 594 410 652 Tam
438 616 522 651 me
551 591 903 652 circumstant
932 592 1225 655 densorum
1255 597 1416 657 turba
1442 597 1738 658 malorum:

357 686 528 746 Crede
559 685 880 758 niihi3'vero
910 703 993 747 est
1020 704 1208 749 nostra
1237 690 1452 772 querela
1479 691 1676 751 minor.

276 791 380 850 His
407 789 501 871 qui
532 804 821 850 contentus
848 814 961 850 non
992 806 1108 863 est,
1141 792 1197 850 in
1229 792 1361 852 litus
1391 817 1612 868 arenas,

354 891 419 947 In
447 903 681 965 segetem
712 889 889 971 spicas
910 936 923 962 ‚
953 888 1012 947 in
1038 913 1185 949 mare
1210 890 1406 949 fundat
1431 915 1614 974 aquaS.

271 983 693 1064 Intempestivos
721 983 892 1058 igitur
922 1007 1204 1065 compesce
1233 985 1453 1044 timores
1473 1031 1488 1057 ‚
1989 1001 2044 1056 45

354 1079 612 1140 Velasnec
641 1080 700 1138 in
717 1080 910 1140 -medio
941 1080 1125 1140 desere
1152 1096 1341 1142 nostra
1368 1081 1521 1148 mari.

271 1238 348 1265 seu
363 1217 488 1264 mons
502 1220 585 1264 fuit
601 1221 754 1265 Siciliae
769 1239 778 1272 3
793 1223 916 1277 cujus
928 1239 1031 1279 ager
1046 1222 1121 1266 flo-

274 1287 393 1330 ribus
415 1287 689 1341 abundabat,
710 1286 783 1330 ubi
802 1288 955 1343 optimi
974 1288 1112 1332 mellis

274 1351 411 1407 copia.

260 1410 261 1414 Ἰ
329 1419 395 1471 4ο.
414 1420 616 1460 Gracili...
633 1418 981 1472 limitesormicoe
989 1435 1122 1473 grana

273 1492 439 1535 reperta.
454 1483 576 1537 Virg.
596 1482 699 1524 AEn.
725 1484 806 1535 lv,
825 1485 907 1537 404
917 1498 1055 1538 sqq·.«
1081 1483 1123 1524 lt

276 1548 452 1604 nigrum
467 1550 627 1604 campis
642 1566 798 1605 agmen
814 1581 825 1602 ,
842 1549 1122 1605 praedamque

277 1630 356 1669 per
374 1613 527 1656 herbas
561 1613 836 1657 Convectant
857 1614 960 1657 calle
983 1630 1124 1671 angu-

275 1683 363 1730 sto,
396 1693 492 1732 pars
512 1678 693 1734 grandia
725 1678 909 1722 trudunt
935 1677 1122 1722 Obnixae

274 1741 500 1785 frumenta
522 1743 738 1798 humeris,
760 1752 839 1787 etc.
860 1762 881 1781 »

1260 1227 1324 1278 41.
1352 1227 1456 1267 Tam
1479 1240 1543 1267 me
1566 1227 1817 1267 circumstat.
1855 1224 2043 1265 Circum-

1205 1296 1325 1332 stant
1352 1289 1505 1345 primae
1521 1288 1758 1341 editiones,
1787 1296 1829 1330 et
1850 1288 1974 1330 multi
1995 1304 2046 1329 ex

1204 1353 1373 1409 scriptis
1389 1386 1401 1407 ,
1435 1353 1551 1409 quod
1570 1353 1731 1396 mutari
1751 1367 1841 1394 non
1866 1351 2042 1402 debuit;

1203 1417 1331 1473 prim.
1354 1416 1443 1460 Pal.
1465 1425 1510 1461 et
1539 1416 1748 1459 Arondel.
1763 1417 2017 1459 circumdant
2030 1428 2046 1466 ‚⁶

1203 1485 1434 1525 circumdat
1450 1482 1578 1538 prim.
1599 1482 1728 1525 Polit.
1753 1481 1881 1536 prim.
1906 1481 1942 1521 V
1949 1479 2044 1522 atie.

1204 1557 1249 1590 et
1266 1557 1354 1591 tres
1376 1547 1458 1590 alii.
1480 1549 1537 1590 Η.

1259 1615 1327 1667 45.
1343 1615 1562 1668 Compesce
1580 1620 1768 1656 tumores.
1791 1614 1974 1655 Timores
1994 1628 2045 1654 ex

1204 1678 1383 1734 scriptis.
1408 1679 1468 1720 H.

1259 1743 1325 1798 46.
1348 1745 1516 1786 Desere.
1547 1745 1705 1796 Desine
1722 1744 1908 1786 Putean.

855 2002 1248 2071 ELEG-IA
1293 1952 1471 2071 vn.
1528 2072 1529 2075 γ

821 2310 1505 2366 ARGUMENTUM.

278 2446 434 2489 Amico
454 2446 667 2502 quaerenti
688 2445 790 2502 quid
814 2455 961 2503 ageret
979 2447 1024 2489 in
1045 2446 1222 2505 Scythia
1238 2477 1250 2500 ,
1285 2445 1520 2502 respondet
1546 2445 1737 2489 breviter
1760 2443 1944 2489 Ovidius
1961 2479 1973 2501 ,
2002 2463 2046 2490 se
2063 2503 2068 2507 .

332 2516 544 2559 miserum
566 2533 669 2560 esse.
697 2517 990 2560 Postmodum
1018 2517 1264 2560 Tomitanae
1293 2515 1482 2573 regionis
1511 2514 1753 2559 incolarum
1786 2531 1930 2558 mores
1963 2515 2049 2558 de—

335 2585 492 2629 scribit.
515 2586 688 2629 Deinde
712 2586 842 2641 dicit,
873 2587 1024 2630 studiis
1045 2587 1223 2644 poeticis
1239 2587 1439 2630 animum
1463 2585 1677 2641 detineri,
1703 2601 1752 2628 ac
1772 2585 1912 2642 pasci,
1943 2591 1987 2627 et
2004 2599 2049 2626 se

327 2655 591 2699 carminibus
609 2656 722 2698 mala
751 2673 827 2699 sua
848 2657 1049 2701 oblivisci.

284 2784 509 2888 QUAM
538 2805 701 2884 legis,
732 2830 794 2865 ex
821 2806 916 2866 illa
946 2807 1047 2866 tibi
1079 2808 1228 2866 venit
1255 2804 1486 2890 epistola
1515 2798 1656 2866 terra
1674 2851 1690 2878 ‚

355 2907 528 2964 Latus
561 2905 661 2964 uhi
689 2905 952 2987 aequoreis
984 2904 1206 2989 additur
1234 2908 1375 2963 lster
1401 2903 1588 2985 aquis:

279 2997 339 3055 Si
368 2998 472 3057 tibi
501 2999 774 3076 contingit
803 3022 927 3058 cum
956 2998 1104 3058 dulci
1133 2998 1243 3057 vita
1272 2995 1443 3056 salute
1461 3042 1475 3067 ,

335 3158 371 3181 2.
403 3144 616 3198 AEquoreis
632 3143 833 3198 jungztur
855 3145 965 3185 Ister
988 3145 1121 3197 aquis.

281 3203 467 3247 Additur
495 3207 621 3260 prim.
653 3207 746 3249 Pol.
772 3207 900 3263 prim.
924 3205 1119 3248 Vatican.

1203 3139 1262 3181 ibi
1282 3155 1326 3181 se
1341 3147 1546 3181 exoneret
1566 3138 1612 3180 in
1629 3136 1862 3181 Oceanum
1881 3170 1893 3191 ,
1914 3141 1955 3182 τὸ
1971 3140 2047 3180 ad-

1201 3209 1316 3248 ditur
1333 3204 1656 3248 admittendum
1667 3205 1767 3247 duxi
1782 3221 1792 3256 ;
1809 3205 1938 3248 Pont.
1960 3204 2046 3258 111,

283 3266 409 3321 prim.
431 3268 521 3311 Pal.
543 3280 587 3313 et
607 3269 734 3313 multi
756 3272 825 3314 alii
847 3288 898 3314 ex
917 3269 1120 3314 meliori-
1203 3272 1323 3329 Eleg.
1344 3287 1395 3327 v,
1417 3291 1438 3314 2
1457 3289 1467 3316 z
1492 3290 1513 3310 «
1538 3273 1621 3315 His
1634 3272 1709 3315 ubi
1724 3271 1916 3315 caeruleis
1933 3271 2047 3327 jun-

281 3330 384 3381 bus;
405 3336 600 3377 nonnulli
621 3353 724 3378 cum
740 3338 890 3393 primis
915 3335 1121 3380 editioni-

282 3395 361 3438 bus
376 3427 387 3449 ,
421 3398 532 3440 Ister
556 3402 705 3443 aditur.
736 3402 823 3446 Sed
852 3418 989 3458 quum
1011 3402 1121 3446 Ister

1206 3340 1322 3395 gitur
1344 3340 1456 3382 Ister
1473 3339 1604 3395 aquis.
1627 3357 1649 3376 »
1666 3339 1725 3382 H.

1244 3404 1295 3452 ,3.
1316 3405 1538 3459 Contingit.
1562 3400 1946 3459 Contzgrenzmulti.
1968 3442 1971 3445 .
