2280 3776
477 294 589 348 EX
630 291 927 348 PONTO
968 294 1128 348 LIB.
1174 294 1260 348 11.
1305 293 1582 350 EPIST.
1628 298 1742 351 XI.
1884 299 1991 377 367

752 564 1267 653 EPISTOLA
1315 569 1445 638 x1.

1016 703 1205 720 m

969 864 1247 925 RUFO.

776 1151 1437 1204 ARGUMENTUM.

226 1266 297 1311 Ad
322 1266 490 1311 Rufum
516 1266 783 1312 Fundanum
800 1301 810 1317 ‚
844 1268 988 1311 uxoris
1015 1284 1102 1311 ωε
1136 1269 1424 1321 avunculum,
1456 1269 1568 1314 hanc
1592 1270 1816 1329 epistolam
1852 1274 1999 1318 scribit

281 1343 408 1393 poeta
428 1352 437 1380 :
459 1336 581 1393 cujus
597 1336 752 1380 merita
770 1333 874 1381 dicit
893 1354 936 1381 se
954 1337 1113 1381 habere
1132 1338 1176 1380 in
1199 1339 1411 1382 memoria
1427 1371 1438 1391 ‚
1462 1339 1658 1396 quamvis
1678 1343 1731 1383 sit
1750 1343 2002 1399 longissimo

279 1408 506 1453 intervallo
538 1418 745 1454 remotus.
775 1408 971 1452 Demum
994 1408 1113 1452 Deos
1140 1418 1342 1465 precatur
1361 1443 1372 1464 ,
1402 1417 1448 1453 ut
1470 1409 1530 1454 ini
1556 1413 1732 1456 meritas
1750 1414 1905 1470 gratias
1928 1431 1999 1458 re-

279 1479 434 1524 serant.

229 1596 405 1680 HOC
433 1619 560 1693 tibi,
592 1621 736 1681 Rufe
755 1669 769 1693 ‚
800 1621 954 1682 brevi
983 1636 1337 1704 properatum
1370 1636 1614 1705 tempore
1639 1625 1809 1685 mittit

307 1716 487 1786 Nasu,
518 1740 709 1800 parum
739 1717 930 1777 faustae
960 1717 1219 1777 conditor
1245 1716 1427 1789 Artis,
1463 1741 1640 1801 opus:

228 1814 339 1885 Ut,
371 1836 682 1895 quanquam
711 1811 876 1892 longe
906 1828 1025 1874 toto
1057 1837 1244 1874 sumus
1276 1812 1408 1874 orbe
1439 1814 1663 1885 remoti,

311 1910 460 1971 Scire
489 1925 669 1971 tamen
698 1911 882 1993 possis
909 1932 1012 1969 nos
1040 1909 1351 1969 meminisse
1382 1910 1479 1969 tui.

226 2006 481 2069 Nominis
511 2021 636 2067 ante
663 2006 770 2067 mei
801 2007 1020 2066 venient
1049 2005 1252 2066 oblivia
1277 2004 1467 2078 nobis,
1973 2027 1998 2067 :5

303 2103 531 2166 Pectore
562 2127 722 2187 quam
754 2103 927 2187 pietas
958 2102 1029 2163 sit
1058 2117 1148 2163 tua
1179 2101 1339 2186 pulsa
1371 2124 1511 2164 meo.

223 2201 299 2270 Et
324 2201 480 2284 prius
502 2200 643 2260 hanc
669 2199 902 2262 animam
934 2224 1130 2261 vacuas
1158 2196 1449 2261 reddemus
1477 2200 1535 2262 in
1565 2223 1725 2261 auras
1742 2247 1758 2273 ‚

305 2296 490 2376 Quam
515 2295 609 2362 fiat
636 2294 818 2357 meriti
857 2297 1026 2374 gratia
1056 2319 1191 2355 vana
1222 2295 1321 2354 tui.

229 2388 450 2453 Grande
473 2411 608 2453 voco
638 2392 898 2475 lacrymas
925 2392 1206 2463 meritum,
1240 2388 1444 2473 quibus
1466 2411 1559 2447 ora
1586 2384 1835 2466 rigabas,

309 2487 502 2567 Quum
531 2509 649 2548 mea
679 2501 945 2547 concreto
965 2488 1105 2547 sicca
1135 2486 1327 2546 dolore
1354 2485 1550 2545 forent.
1953 2512 2000 2541 ιο

229 2573 452 2647 Grande
480 2607 618 2646 voco
647 2585 931 2656 meritum,
962 2598 1168 2645 moestae
1197 2582 1391 2643 solatia
1423 2580 1654 2652 mentiS‚

309 2672 502 2764 Quum
530 2683 736 2766 pariter
764 2682 931 2742 nobis
960 2680 1054 2741 illa
1084 2680 1298 2762 tibique
1326 2678 1498 2737 dares.

227 2782 438 2864 Sponte
471 2779 719 2863 quidem,
749 2804 850 2862 per
879 2802 1044 2861 seque
1073 2802 1189 2838 mea
1219 2791 1302 2837 est
1326 2773 1621 2837 laudabilis
1648 2798 1815 2845 uxor3

309 2878 611 2939 Adnsonitu
642 2877 838 2938 melior
865 2877 929 2936 fit
960 2892 1139 2936 tamen
1168 2873 1259 2934 illa
1291 2889 1402 2933 tuo.

225 2976 482 3058 Namque
513 2975 662 3058 quod
690 2974 1019 3035 Hermiones
1050 2973 1248 3033 Castor
1276 2969 1414 3039 fuit,
1445 2970 1657 3028 Hector
1683 2966 1820 3037 Iuli,
1956 2986 2002 3028 15

284 3113 320 3153 5.
351 3107 522 3154 Veni'ent
541 3114 698 3154 oblivia
716 3114 848 3155 nobis.
891 3112 1073 3154 Veniant
1211 3109 1271 3161 ¹4·
1293 3107 1520 3148 Admonitu
1536 3113 1620 3147 tuo.
1642 3104 1741 3146 Tuo
1759 3101 2004 3146 consilio.—

229 3184 327 3220 octo
349 3170 530 3219 veteres.
565 3177 624 3218 H.
1159 3174 1229 3214 Fit
1254 3173 1410 3213 melior.
1438 3169 1656 3213 Redditur
1687 3169 1819 3225 magis
1848 3167 2005 3224 pudica

289 3258 303 3283 1
317 3258 350 3282 1.
371 3241 530 3282 Moestoe
542 3243 699 3282 solatia
716 3245 878 3283 mentis.
902 3239 1076 3283 Conso·
1157 3237 1240 3280 hoc.
1261 3245 1458 3292 tempore
1475 3250 1561 3290 quo
1582 3235 1634 3276 ab
1656 3233 1762 3275 urbe
1788 3233 2006 3276 absumus.

228 3305 410 3348 lationes
441 3313 534 3347 tuas
561 3303 771 3347 adhibitas
807 3305 1077 3348 conturbatae
1219 3307 1282 3345 15.
1301 3304 1491 3356 Namque
1501 3303 1613 3356 qaod
1622 3303 1842 3342 Hermione
1858 3303 2011 3342 Castor

230 3378 275 3412 et
294 3377 582 3412 consternatae
610 3369 747 3412 menti
769 3384 880 3412 meae
902 3378 1080 3426 propter
1148 3368 1253 3425 fuit.
1281 3367 1526 3409 Hermione
1553 3365 1641 3408 filia
1673 3365 1755 3408 fuit
1786 3365 1970 3407 Helenae
1993 3397 2005 3417 ‚

233 3433 559 3489 relegationem.
644 3466 647 3469 κ
1161 3431 1320 3476 sororis
1342 3430 1550 3475 Castoris.
1573 3429 1731 3474 Castor
1744 3445 1848 3484 ergo
1868 3444 2006 3470 avun—
