2280 3776
544 312 649 368 Ex
694 310 991 367 PONTO
1030 310 1187 366 LIB.
1233 311 1321 366 11.
1364 309 1638 367 EPIST.
1683 315 1731 368 Ι.

1909 317 2015 370 313

338 428 564 490 Vincula
581 476 596 502 ‚
626 451 775 513 paene
804 428 993 489 hostes
1024 440 1162 511 quot
1189 427 1320 487 satis
1347 450 1461 488 esse
1487 426 1611 487 fuit.

258 525 496 586 Maxima
524 548 650 608 pars
677 524 874 585 horum
905 523 1069 584 vitam
1103 523 1422 607 veniamque
1452 523 1720 596 tulerunt3
1968 540 2021 596 45

337 624 403 681 In
435 620 635 704 quibus
664 632 718 678 et
744 617 875 685 belli
904 642 1112 679 summa
1136 634 1410 703 caputque
1434 622 1591 681 Bato.

260 718 374 779 Cur
403 740 504 795 ego
534 738 693 800 posse
719 737 913 794 negem
940 716 1114 776 minui
1144 716 1278 777 mibi
1309 718 1551 779 numinis
1579 718 1739 790 iram,

341 814 530 894 Quum
557 812 766 873 videam
795 812 955 874 mites
980 813 1239 875 hostibus
1270 838 1386 876 esse
1416 816 1607 876 Deos?

259 910 492 972 Pertulit
518 911 627 972 huc
658 910 800 971 idem
829 911 1023 983 nobis,
1059 911 1405 985 Germanice,
1438 936 1655 984 rumor,

340 1008 563 1093 Oppida
585 1008 689 1069 sub
720 1007 880 1069 titulo
912 1008 1150 1070 nominis
1177 1011 1282 1071 isse
1310 1010 1419 1083 tui;
1971 1029 2024 1070 50

309 1169 373 1223 44.
385 1170 512 1211 Peene
525 1169 665 1211 hostes
672 1176 770 1224 quot
781 1171 888 1213 satis
899 1183 992 1212 esse
990 1166 1096 1223 suit.

255 1234 357 1278 Hoc.
374 1241 438 1276 est
454 1266 465 1288 ,
488 1241 552 1277 tot
572 1248 758 1277 numero
774 1266 786 1287 ,
808 1241 914 1290 quot
934 1233 980 1277 in
1002 1241 1095 1277 toto

254 1298 396 1354 aliquo
415 1297 604 1346 exercitu
622 1298 812 1342 hostium
834 1299 934 1343 satis
954 1307 1092 1353 esset,

251 1360 382 1405 fuisse
411 1376 421 1405 z
449 1361 536 1405 sive
560 1362 632 1419 qui
662 1363 825 1419 justum
855 1362 1093 1407 exercitum

253 1426 470 1484 complere
489 1442 538 1471 ac
552 1426 693 1471 facere
711 1429 964 1486 potuissent.
978 1428 1093 1473 Mle.

309 1493 374 1549 46.
405 1495 456 1537 In
478 1497 624 1551 quibus
643 1503 686 1539 et
703 1498 806 1539 belle·
826 1512 987 1540 summa
1010 1513 1096 1541 ca-

247 1564 400 1614 putque
409 1557 512 1614 ficit.
534 1560 702 1603 Summa
727 1567 929 1617 caputque
950 1562 1088 1611 Bato.

256 1622 427 1667 Sarrav.
443 1632 487 1668 et
501 1621 704 1681 Scaligeri
723 1624 856 1669 codex
871 1642 882 1677 ς
906 1626 1069 1683 optime
1086 1642 1096 1670 :

253 1691 444 1748 intellige
478 1692 695 1736 Batonem
726 1693 1061 1738 Pannoniorum
1082 1726 1094 1749 ‚

256 1755 323 1799 vel
351 1765 398 1799 ut
426 1755 495 1800 alii
518 1789 530 1811 ‚
565 1757 869 1802 Dalmatarum
905 1758 1062 1803 ducem
1081 1792 1094 1814 ,

254 1823 378 1879 cujus
393 1823 502 1878 Dio,
529 1825 781 1869 paterculus
794 1858 806 1880 ,
831 1825 1067 1870 Suetonius
1082 1858 1094 1880 ,

254 1887 323 1931 alii
347 1889 658 1935 meminerunt.
675 1891 838 1934 Veram
864 1891 1095 1935 lectionem

254 1954 343 2010 jam
365 1953 471 1998 vidit
494 1954 684 2013 Scaliger
704 1988 715 2009 ‚
747 1957 820 2012 qui
843 1956 1024 2000 adeatur
1043 1956 1096 2000 ad

254 2033 421 2061 annum
459 2032 661 2062 umxxm
697 2018 908 2063 chronici
948 2020 1096 2063 Euse-

251 2084 370 2128 biani
391 2100 402 2128 t
422 2087 605 2129 tulerunt
622 2101 703 2142 pro
724 2089 853 2129 tulere
871 2101 996 2129 versu
1015 2102 1098 2129 su-

251 2148 413 2207 periori
432 2149 591 2207 scripti.
619 2150 679 2195 H.
698 2173 753 2183 -
769 2149 883 2194 Vide
906 2149 956 2194 ad
980 2150 1097 2194 Vel-

250 2213 384 2258 leium
400 2213 494 2270 ,lib.
509 2215 578 2271 11,
594 2230 684 2272 cap.
700 2231 715 2257 1
727 2231 797 2267 103
815 2230 979 2258 nomeu
995 2231 1096 2258 vere

251 2277 356 2323 illud
376 2281 558 2324 Batonis
584 2279 675 2336 iam
703 2279 931 2336 antiquum
957 2297 966 2323 :
994 2296 1096 2323 nam

251 2342 490 2387 Ponticum
501 2345 707 2388 Batonem
718 2378 728 2394 ,
747 2343 979 2388 dominum
995 2343 1098 2387 Me-

253 2410 374 2468 nippi
395 2427 447 2455 ex
466 2410 617 2455 Diocle
643 2420 860 2455 memorat
879 2410 1099 2468 Diogenes

254 2475 474 2530 Laertius,
497 2475 568 2520 lib.
583 2477 650 2521 vl
665 2509 677 2530 ‚
699 2492 767 2536 99.

310 2542 375 2599 47.
399 2542 483 2586 Cur
495 2557 572 2597 ego
578 2557 708 2596 posse
719 2558 859 2598 negem
876 2546 1098 2586 minuietc.

257 2604 398 2662 Capta
418 2605 640 2650 occasione
655 2638 667 2660 ,
689 2605 880 2651 hostium
900 2607 1099 2664 exemplo

255 2671 383 2716 docet
425 2671 506 2716 sibi
543 2672 676 2716 etiam
707 2673 973 2731 sperandum
1008 2690 1099 2717 esse

256 2737 505 2795 Augustum
525 2737 686 2782 iratum
705 2754 827 2793 posse
845 2737 1028 2796 placari,
1056 2748 1101 2782 et

250 2802 469 2848 leniorem
487 2803 658 2847 fieri.—-
678 2804 858 2848 Coesanlc
871 2808 992 2847 iram.
1007 2806 1100 2848 Nu-

254 2873 379 2914 minis
396 2869 570 2915 San-rav.
595 2869 786 2928 Scaliger
802 2903 814 2925 ,
844 2869 1027 2927 Argent.
1056 2878 1100 2914 et

255 2934 383 2981 multi
405 2935 501 2990 alii;
528 2936 656 2981 Polit.
681 2952 783 2979 cum
808 2936 1066 2993 quibusdam
1085 2970 1096 2991 ‚

249 3003 467 3056 principis.
487 3002 655 3046 HEINS.

310 3066 376 3119 48.
391 3067 520 3109 Deos.
535 3067 783 3124 Augustum
798 3074 842 3110 et
856 3066 1099 3110 Tiberium.

311 3130 378 3188 49.
396 3130 574 3172 Pertulit
588 3133 678 3174 hoc.
701 3133 798 3174 Huc
817 3130 947 3175 Polit.
968 3140 1011 3175 et
1029 3149 1103 3175 sex

259 3193 351 3246 alii;
367 3193 520 3251 reliqui
536 3211 714 3253 ,magna
726 3212 778 3240 ex
797 3206 936 3252 parte,
946 3201 1028 3240 lu‘c.
1042 3198 1101 3242 H.

256 3259 572 3302 —Perlulithoc
579 3262 686 3303 idem
695 3263 828 3312 nobis,
840 3263 1098 3311 Germanice,

258 3341 404 3367 rumor.
425 3324 604 3367 Tiberio
624 3324 929 3370 adscribuntur
948 3343 970 3369 a
991 3327 1104 3371 Me—

258 3389 354 3431 rula
374 3388 481 3432 falso
499 3422 510 3443 ‚
535 3405 630 3446 quae
652 3389 706 3434 de
726 3389 990 3435 Germanico
1010 3393 1104 3448 ejus

261 3451 351 3496 filio
370 3452 600 3510 adoptivo,
625 3463 669 3497 et
690 3471 740 3497 ex
763 3454 899 3499 fratre
923 3455 1071 3499 Druso
1091 3489 1103 3509 ,

1178 1180 1337 1229 nepote
1355 1203 1367 1225 ,
1391 1186 1415 1214 a
1429 1179 1554 1229 poeta
1573 1170 1792 1215 dicuntur.
1813 1171 1889 1215 Est
1902 1171 2021 1215 enim

1177 1237 1269 1282 haec
1295 1236 1553 1295 apostrophe
1582 1236 1631 1280 ad
1663 1237 1803 1295 ipsum
1826 1237 2022 1281 Germa-

1178 1304 1325 1348 nicum
1341 1337 1353 1358 ,
1376 1320 1460 1361 qua
1481 1312 1629 1360 poeta,
1646 1304 1764 1348 velut
1785 1304 2023 1362 adloquens

1179 1370 1301 1414 illum
1314 1403 1326 1422 ‚
1342 1369 1532 1414 ostendit
1550 1387 1593 1414 se
1609 1369 1763 1414 eadem
1777 1370 1888 1414 sama
1903 1404 1915 1425 ‚
1936 1387 2020 1427 qua

1177 1435 1230 1480 dc
1242 1435 1407 1480 Tiberii
1423 1435 1646 1493 triumpho
1668 1435 1877 1490 audierit,
1890 1435 2021 1479 etiam

1177 1498 1232 1542 de
1256 1497 1507 1542 Germanici
1534 1498 1807 1556 expeditione
1830 1500 1874 1542 in
1896 1498 2020 1542 Ger-

1178 1563 1369 1608 maniam
1387 1597 1400 1618 ,
1422 1573 1465 1608 et
1480 1562 1533 1607 de
1549 1563 1716 1621 oppidis
1727 1564 1780 1607 ab
1793 1579 1846 1607 eo
1860 1563 2023 1620 aliquot

1177 1629 1265 1684 iam
1299 1630 1431 1686 captis
1446 1661 1457 1681 ‚
1496 1628 1719 1673 audivisse.
1747 1628 2024 1673 vaticinatur

1178 1694 1311 1751 igitur
1328 1703 1371 1738 et
1392 1693 1450 1738 illi
1471 1693 1744 1751 triumphum
1762 1693 1815 1738 de
1831 1692 2023 1737 Germa-

1179 1761 1243 1803 nis
1253 1758 1438 1804 similem
1460 1760 1499 1804 ei
1518 1777 1649 1817 quem
1668 1759 1870 1804 Tiberius
1888 1759 1941 1802 de
1963 1758 2023 1804 1}-

1177 1824 1320 1883 lyricis
1332 1824 1465 1868 modo
1479 1825 1631 1882 gessit,
1646 1834 1724 1869 etc.
1741 1824 1893 1880 Quare
1910 1839 2021 1880 quae-

1177 1905 1350 1946 cunque
1373 1889 1576 1946 deinceps
1591 1887 1642 1932 ad
1661 1889 1796 1931 linem
1812 1903 1947 1944 usque
1963 1886 2023 1929 di-

1177 1962 1340 1998 cuntur
1352 1987 1365 2008 ,
1386 1956 1535 1997 omnia
1554 1953 1606 1997 ad
1622 1951 1938 1996 Germanicum
1957 1966 2023 1993 re-

1178 2019 1363 2063 serenda
1386 2028 1530 2063 erunt.
1557 2018 1643 2063 Cui
1665 2026 1792 2075 poeta
1810 2026 1853 2061 et
1873 2017 2024 2073 longos

1178 2101 1317 2129 annos
1335 2093 1483 2142 optat,
1507 2084 1805 2141 victoremque
1826 2083 1870 2126 in
1890 2081 2026 2138 Capi-

1177 2149 1332 2194 tolium
1352 2166 1606 2194 scansurum
1629 2149 1758 2200 dicit,
1782 2146 2023 2203 eademque

1178 2215 1333 2273 gaudia
1354 2215 1648 2259 exhibiturum
1664 2214 1776 2272 patri
1793 2212 2025 2270 (adoptivo

1177 2279 1335 2324 scilicet
1362 2280 1542 2324 Tiberio
1566 2298 1577 2330 ;
1613 2296 1716 2323 nam
1750 2294 1877 2322 verus
1901 2286 2023 2334 pater

1177 2345 1349 2390 Drusus
1362 2346 1452 2403 jam
1465 2346 1603 2390 multo
1614 2362 1666 2389 an
1674 2354 1714 2389 te
1727 2346 1772 2388 in
1783 2343 2023 2388 Germania

1178 2413 1395 2469 perierat)
1417 2427 1513 2469 quae
1534 2411 1602 2455 ille
1619 2419 1745 2454 antea
1765 2411 1851 2455 suis
1867 2426 2026 2467 paren—

1179 2477 1293 2521 tibus
1307 2510 1318 2532 ,
1342 2477 1540 2535 Augusto
1557 2476 1717 2521 scilicet
1736 2485 1779 2520 et
1797 2475 1929 2519 Livia:
1950 2492 2025 2519 ex-

1178 2541 1397 2586 hibuisset.
1411 2542 1559 2599 Atque
1574 2558 1677 2585 eum
1689 2558 1733 2585 se
1750 2540 2025 2598 triumphum

1178 2610 1371 2652 carmine
1390 2617 1485 2651 tum
1505 2607 1826 2651 celebraturum
1846 2606 1932 2660 ait,
1955 2605 2029 2648 iti-

1180 2672 1282 2716 dem
1314 2682 1362 2716 ut
1392 2671 1510 2716 huuc
1542 2673 1709 2716 Tiberii
1738 2705 1749 2726 ,
1785 2671 1839 2715 de
1865 2687 1953 2728 quo
1980 2672 2024 2714 in

1179 2738 1407 2794 praesentia
1441 2738 1582 2795 agitur
1609 2771 1620 2791 ‚
1656 2738 1687 2781 si
1722 2736 1855 2780 modo
1890 2736 2024 2781 vitam

1179 2819 1232 2846 eo
1259 2819 1396 2859 usque
1414 2802 1690 2860 ‘perduxerit.
1726 2802 1791 2847 Ex
1815 2800 1904 2859 quo
1930 2802 2027 2846 loco
2078 2848 2082 2854 ,

1180 2867 1310 2910 etiam
1335 2867 1440 2911 illud
1460 2885 1551 2911 non
1576 2868 1757 2912 obscure
1776 2866 1916 2925 colligi
1937 2883 2026 2924 po-

1179 2941 1285 2985 test,
1307 2931 1518 2976 Ovidium
1540 2942 1641 2977 ante
1659 2942 1886 2976 mortuum
1907 2949 1997 2976 esse
2011 2966 2024 2987 ,

1181 3013 1313 3054 quam
1336 2996 1625 3042 Germanicus
1645 2998 1700 3041 de
1729 2996 1961 3041 Cheruscis
1984 3008 2030 3042 et

1184 3063 1359 3108 Chattis
1390 3063 1691 3123 triumphavit.
1718 3065 2027 3122 Triumphavit

1183 3138 1329 3173 autem
1342 3129 1631 3174 Germanicus
1641 3129 1763 3174 Coss.
1775 3129 1974 3174 C.Coeli0
1983 3140 2026 3174 et

1182 3195 1231 3239 L.
1243 3195 1491 3252 Pomponio
1502 3195 1655 3239 Flacco
1668 3214 1679 3247 ;
1694 3195 1767 3252 qui
1782 3212 1921 3240 annus
1931 3207 2026 3254 post

1183 3263 1350 3306 obitum
1365 3262 1548 3319 Augusti
1566 3272 1744 3319 quartus
1762 3263 1859 3307 fuit.
1875 3264 1942 3307 M.

1239 3332 1303 3373 50.
1324 3329 1488 3383 Oppida
1497 3331 1575 3371 sub
1586 3332 1708 3372 titulo
1726 3334 1907 3373 nominis
1921 3347 2024 3374 esse.

1181 3395 1264 3436 Sub
1282 3397 1424 3437 titulos
1443 3395 1673 3452 castigabat
1697 3395 1861 3439 Muret-
1885 3395 1996 3438 male
2014 3414 2024 3446 ς

1182 3474 1286 3500 nam
1302 3457 1371 3501 illa
1390 3459 1574 3513 Tibulli,
1594 3460 1656 3513 II,
1671 3474 1731 3513 IV,
1751 3462 1822 3514 54:
1838 3479 1857 3497 «
1872 3460 2028 3502 Itesub
