2280 3776
463 285 577 340 EX
619 281 929 339 PONTO
969 283 1130 339 LIB.
1185 282 1295 338 IV.
1349 281 1628 337 EPIST.
1670 284 1784 339 IX.

1887 283 1994 363 447

240 402 344 473 Ut,
378 401 637 483 quoniam
665 399 781 460 sine
809 422 896 459 me
928 414 1119 477 tanges
1147 396 1422 483 Capitolia
1450 396 1672 472 consul,
1930 435 1935 442 1
1982 420 2012 463 a

317 499 391 557 Et
412 496 536 557 fiam
563 496 735 558 turbae
765 519 891 579 pars
920 519 1020 575 ego
1050 492 1202 555 nulla
1234 508 1338 554 tuae
1356 541 1371 566 ‚
1731 496 1738 506 '

237 598 302 656 In
331 595 539 655 domini
575 595 766 655 subeat
791 608 1001 678 partes,
1036 607 1088 653 et.
1118 607 1339 679 prastet
1368 594 1526 654 amici

319 690 578 753 Officium
605 691 756 772 jusso
785 689 938 751 litera
969 704 1158 749 nostra
1188 688 1292 750 die.

238 790 421 872 Atque
450 813 550 869 ego
581 789 626 850 si
651 788 779 859 satis
809 789 1028 868 genitus
1056 786 1379 849 melioribus
1406 812 1577 850 essem
1595 835 1610 861 ‚

318 886 392 945 Et
417 888 533 946 mba
563 885 775 945 sincero
801 898 1042 946 curreret
1069 906 1166 945 axe
1194 899 1314 946 rota
1332 931 1347 958 ‚
1965 919 2011 944 u·

238 981 369 1061 Quo
399 1006 545 1044 nunc
571 997 761 1043 nostra
786 1006 979 1044 manus
1004 1006 1104 1067 per
1133 983 1400 1068 scriptum
1431 982 1715 1061 fungitur,
1744 999 1885 1045 esset

315 1078 530 1158 Lingua
558 1079 830 1140 salutandi
859 1101 1082 1140 munere
1108 1080 1293 1141 {uncta
1327 1080 1424 1140 tui.

240 1174 606 1258 Gratatusque
637 1176 816 1238 (larem
850 1200 973 1237 cum
1002 1176 1259 1237 dulcibus
1287 1174 1474 1235 oscula
1501 1175 1718 1237 verbis:

316 1273 430 1332 Nec
460 1271 640 1333 minus
668 1271 760 1332 ille
786 1296 972 1346 meus,
1004 1295 1167 1357 quam
1199 1287 1328 1333 tuus
1347 1319 1361 1343 ‚
1394 1286 1538 1333 esset
1566 1271 1764 1333 honor.

233 1365 367 1439 Illa,
401 1367 667 1429 confiteor
687 1415 701 1441 ‚
736 1370 811 1430 sic
840 1393 1014 1431 essem
1048 1369 1166 1430 lnce
1194 1368 1497 1451 superbus»,
1969 1387 2015 1428 15

314 1465 395 1523 Ut
423 1479 638 1547 caperet
665 1465 838 1525 fastus
865 1463 953 1524 vix
980 1463 1178 1524 domus
1206 1461 1315 1523 ulla
1342 1486 1512 1523 meos

236 1559 494 1642 Dumque
521 1559 664 1621 latus
695 1559 868 1621 sancti
897 1560 1070 1639 cingit
1097 1560 1199 1621 tibi
1231 1559 1394 1620 turba
1427 1573 1649 1621 senatus
1671 1608 1686 1631 ‚

320 1654 581 1717 Consulis
614 1669 737 1716 ante
765 1655 936 1739 pedes
964 1656 1042 1716 ire
1070 1654 1281 1715 viderer
1306 1678 1489 1737 eques,

236 1752 312 1811 Et
339 1745 650 1836 quanquam
678 1775 932 1835 cuperem
963 1775 1175 1835 semper
1202 1751 1305 1812 tibi
1335 1751 1620 1835 proximus
1646 1775 1787 1822 esse,

323 1850 626 1912 Gauderem
652 1851 807 1912 lateri
834 1875 949 1912 non
977 1851 1240 1913 habuisse
1270 1849 1471 1911 locum.
1961 1884 2012 1909 20

237 1947 350 2006 Nec
383 1946 644 2029 querulus
661 1995 676 2021 ‚
704 1949 867 2009 turba
895 1949 1141 2032 quamvis
1169 1947 1431 2019 eliderer‚
1461 1970 1632 2008 essem
1661 1972 1673 2006 ε

316 2042 425 2104 Sed
449 2044 593 2105 foret
620 2069 650 2105 a
676 2044 888 2127 populo
922 2059 1038 2105 tum
1066 2044 1204 2104 mihi
1232 2042 1392 2104 dulce
1414 2043 1607 2127 premi.

235 2137 614 2223 Prospicerem
643 2139 886 2220 gaudens
905 2188 922 2212 ‚
950 2155 1191 2223 quantus
1222 2140 1364 2200 foret
1390 2139 1621 2218 agminis
1653 2138 1821 2210 ord0,

318 2237 614 2319 Densaque
642 2262 806 2320 quam
836 2238 1063 2316 longum
1091 2237 1252 2297 turba
1285 2250 1495 2297 teneret
1519 2236 1640 2294 iter.

237 2332 478 2414 Quoque
505 2333 680 2411 magis
708 2334 863 2396 noris
893 2358 1058 2416 quam
1086 2357 1170 2393 me
1199 2332 1444 2410 vulgaria
1474 2344 1732 2409 tangant,
1958 2350 2013 2392 25

270 2515 275 2519 ι
319 2429 633 2516 Spectarem
656 2477 670 2503 ‚
704 2427 879 2519 qualis
904 2454 1153 2514 purpura
1182 2445 1235 2490 te
1270 2443 1487 2507 tegeret.

238 2576 280 2611 ta
302 2583 314 2611 t
336 2569 400 2611 Et
413 2571 608 2624 quoniam
626 2571 722 2611 vnm!
746 2584 810 2611 me
831 2576 979 2624 tanges
1002 2570 1083 2611 Ca·

229 2634 398 2687 pt‘tole‘a.
422 2632 581 2676 Scribit
610 2633 756 2676 Livius
785 2633 982 2676 consules
1011 2632 1079 2675 die

235 2697 512 2755 magistratus
526 2697 646 2752 initi,
660 2696 807 2741 solitos
817 2697 946 2740 fuisse
960 2696 1080 2751 adire

235 2762 451 2820 templum
471 2763 594 2806 Jovis
608 2782 626 2817 ,’
641 2768 687 2805 et
701 2761 911 2818 proficisci
926 2761 971 2804 in
987 2759 1080 2804 Ca-

236 2827 436 2884 pitolium
454 2828 507 2871 ad
528 2837 626 2870 vota
645 2826 951 2883 nuncupandass

294 2895 331 2935 5.
351 2893 415 2934 Et
426 2896 632 2948 qnoniam.
660 2890 719 2934 Ut
736 2890 887 2934 decem
906 2890 1050 2946 scripti
1068 2906 1078 2933 z

237 2965 369 3001 recte.
388 2958 554 3002 Hn'ms.
742 2959 747 2963 ⁴

296 3026 345 3077 ¹5
369 3024 455 3066 Illa
468 3027 570 3066 luce.
594 3023 674 3079 Illo
689 3022 1079 3077 diebKalendarum

238 3087 450 3130 januarii.
602 3080 606 3083 ’
628 3107 633 3110 ·
654 3107 657 3111 ·
685 3088 694 3107 ’·

298 3154 358 3196 16.
386 3155 499 3198 Ulla.
524 3154 794 3213 Iila Regius
818 3163 870 3208 'et
888 3157 940 3199 P.
963 3155 1080 3200 Dan.

239 3219 388 3264 Nostri
408 3223 524 3274 uHa;
547 3220 785 3277 quoffsahe
805 3221 973 3279 melius.

300 3301 361 3339 ¹7·
381 3288 536 3339 Sancti.
552 3286 630 3330 ‘Sic
647 3286 803 3344 Horat.
819 3286 908 3331 Od.
927 3286 1011 3339 IV,
1031 3300 1077 3343 v,

241 3352 267 3406 4
283 3384 295 3406 ,
309 3361 475 3406 patrum
490 3350 679 3396 sanctuin
694 3356 915 3396 concilium
935 3352 1052 3410 dixit.

299 3416 360 3458 18.
375 3418 443 3460 Ire
444 3416 613 3471 juberer
623 3433 757 3478 eques.
771 3417 947 3462 Rectius
963 3420 1081 3460 vide-

1162 2583 1240 2617 rer,
1256 2569 1357 2610 cum
1372 2582 1462 2609 uno
1471 2565 1712 2610 Vaticano:
1729 2574 1773 2609 et
1786 2570 1922 2622 cingi!
1932 2583 2010 2624 pro

1162 2637 1303 2688 cinget
1307 2633 1512 2690 potiores,
1523 2632 1749 2694 praeceden
1755 2634 1787 2676 ti
1798 2649 1935 2676 versu.
1948 2634 2010 2676 H.

1160 2698 1366 2757 —Eques.
1386 2700 1485 2757 Ego
1504 2717 1555 2743 ex
1574 2699 1765 2757 equestri
1785 2699 2011 2743 ordine.—

1161 2764 1275 2808 Ante
1286 2767 1416 2819 pedes
1440 2768 1626 2808 consulis
1649 2770 1720 2807 ite.
1753 2763 2008 2807 Praecedere

1161 2838 1202 2872 te
1219 2829 1444 2875 consulem
1464 2830 1510 2872 in
1535 2846 1586 2872 ea
1600 2837 1770 2887 sspompa
1793 2829 1847 2872 de
1870 2844 2009 2872 more.

1160 2897 1371 2941 solebant
1391 2898 1511 2943 enim
1538 2899 1703 2954 equites
1733 2898 1978 2955 praecedere
1994 2930 2007 2950 ,

1160 2955 1336 3005 seriatus
1355 2978 1461 3004 vero
1481 2963 1700 3018 subsequi.

1216 3043 1281 3069 20.
1307 3029 1542 3071 Gauderem
1566 3030 1722 3070 later-125.
1750 3028 1901 3074 lateri
1914 3043 2010 3070 ma·

1160 3094 1243 3151 jori
1262 3110 1313 3138 ex
1332 3103 1453 3151 parte
1475 3093 1585 3138 libri.
1605 3094 1772 3137 Hnms.

1214 3163 1280 3214 35,
1299 3162 1469 3216 Quoque
1484 3165 1621 3215 magis
1639 3164 1765 3202 noris.
1777 3159 2008 3203 Distirhon

1160 3233 1420 3281 suspectum.
1436 3224 1496 3267 H.
1509 3247 1563 3255 -—
1581 3225 1716 3277 Quam
1736 3240 1800 3266 me
1817 3227 2010 3278 vulgaria

1161 3296 1346 3343 tangant.
1360 3287 1593 3344 Quantum
1607 3280 1680 3330 =me
1695 3287 1914 3332 delectent
1925 3305 1973 3330 ea
1991 3321 2002 3340 ,

1162 3351 1318 3408 quibus
1337 3352 1491 3409 vulgus
1513 3352 1646 3395 etiam
1668 3362 1883 3396 movetur.

1218 3418 1281 3460 26.
1298 3419 1450 3471 Qualis
1458 3434 1652 3472 purpura.
1668 3416 1819 3471 Quam
1830 3416 2007 3472 pulchra
