2280 3776
297 339 403 393 362

776 339 840 389 P.
888 336 1181 391 OVIDII
1225 336 1603 393 NASONIS
1664 330 1665 333 ¹

295 455 405 514 Nec
436 476 553 512 mea
582 452 823 532 subjecta
851 452 1095 511 convicta
1125 467 1208 513 est
1235 475 1445 531 gemma
1473 453 1676 515 tabella

375 548 697 609 Mendacem
729 547 855 608 linis
884 548 1210 630 imposuisse
1237 564 1441 609 notam.

295 647 407 705 Nec
438 643 736 726 quidquam
756 690 770 715 ‚
806 644 954 727 quod
983 644 1100 722 lege
1127 661 1273 705 veter
1302 647 1671 718 committere,
1702 647 1840 709 feci:

376 742 448 798 Et
480 754 655 799 tamen
688 739 776 800 his
806 741 1022 818 gravior
1043 765 1186 802 noxa
1213 741 1430 802 fatenda
1458 741 1595 801 mihi
1626 756 1722 802 est.

293 837 439 895 Neve
467 859 623 914 roges
653 835 784 918 quid
817 836 916 906 sit3
949 836 1169 899 stultam
1199 837 1625 919 conscripsimus
1653 839 1875 902 Artem:

374 932 642 990 Innocuas
670 930 832 990 nobis
860 930 972 990 haec
1002 946 1148 991 vetat
1178 954 1293 991 esse
1323 955 1534 992 manus.

292 1026 506 1110 Ecquid
537 1042 791 1110 praeterea
819 1028 1089 1110 peccarim
1108 1074 1122 1098 ‚
1158 1052 1396 1111 quaerere
1426 1027 1578 1101 noli;
2008 1048 2061 1104 75

377 1127 447 1185 Ut
475 1141 653 1207 pateat
685 1125 800 1185 sola
832 1125 988 1208 culpa
1019 1127 1122 1187 sub
1152 1129 1289 1186 Arte
1319 1150 1455 1187 mea.

292 1222 583 1305 Quidquid
614 1222 670 1281 id
700 1238 781 1282 est
802 1269 815 1294 ‚
848 1223 1019 1283 habui
1047 1223 1381 1315 moderatam
1410 1223 1644 1284 vindicis
1671 1222 1805 1284 iram
1832 1247 1845 1282 ε
1893 1242 1895 1244 ’

373 1316 516 1395 Qui,
549 1318 657 1377 nisi
685 1317 948 1390 natalem,
977 1317 1056 1376 nil
1086 1318 1222 1378 mihi
1249 1318 1471 1389 demsit‚
1502 1319 1748 1378 humum.

290 1414 408 1472 Hac
441 1413 702 1494 quoniam
731 1436 885 1472 careo
907 1460 921 1484 ‚
955 1428 1048 1474 tua
1071 1438 1220 1474 nunc
1246 1415 1443 1476 vicinia
1471 1428 1720 1498 praestet‚

369 1511 554 1572 Inviso
582 1511 789 1594 possim
821 1526 972 1576 tutus
1002 1527 1066 1572 ut
1096 1535 1211 1574 esse
1240 1511 1380 1575 loco.
1637 1511 1647 1586 ἰ
2007 1529 2063 1571 30

334 1655 406 1713 69.
428 1657 522 1698 Non
543 1671 635 1698 mea
655 1656 846 1708 subjecta
865 1660 1058 1699 convicta
1068 1648 1143 1699 est'

282 1737 442 1775 gemma
455 1724 611 1763 labella
624 1722 869 1763 Mendacem
886 1725 991 1764 cetis
1002 1725 1136 1776 impo-

286 1789 421 1827 suisse
432 1794 587 1827 notam.
613 1788 736 1827 Ll'm‘s
758 1789 1007 1841 imposmlrse
1026 1785 1133 1829 scri-

284 1849 482 1892 bendum
499 1866 600 1893 cum
622 1849 794 1893 Sarrav.
821 1849 1026 1907 Scaligeri
1058 1866 1136 1895 co-

286 1913 379 1956 dice
394 1946 405 1968 ,
431 1914 608 1970 Argent.
623 1923 666 1958 et
679 1929 770 1958 uno
787 1913 1002 1961 Vaticano
1018 1930 1028 1956 ε
1044 1915 1136 1957 vin·

286 1978 382 2021 cula
402 1979 514 2021 linea
531 1979 730 2034 intelligit
750 1995 846 2034 quae
868 1978 1033 2022 tabellis
1057 1981 1135 2022 ob-

288 2045 508 2100 signandis
529 2043 723 2087 adhiberi
740 2044 863 2088 solita
883 2059 894 2087 ε
915 2045 991 2087 lini
1011 2047 1133 2088 enim

291 2125 391 2151 usus
407 2109 452 2151 in
474 2108 750 2164 obsignandis
780 2108 944 2152 tabellis
976 2119 1134 2153 notus:

289 2174 417 2217 multi
431 2183 630 2217 veterum
647 2177 774 2229 14qu
786 2207 797 2224 ,
819 2174 936 2230 quod
954 2174 1136 2231 Cujacio

291 2240 475 2285 observ.
497 2241 569 2283 lib.
591 2241 656 2284 XI
672 2272 684 2294 ‚
707 2257 797 2297 cap.
822 2243 871 2296 14
886 2274 897 2295 ,
919 2242 1133 2298 placebam

288 2307 360 2350 alii
384 2311 543 2362 segni&
566 2308 795 2350 Barberin.
817 2311 998 2363 tabulis,-
1028 2309 1137 2352 alius

290 2377 447 2418 chartis
467 2391 480 2417 :
500 2383 711 2430 praeterea
724 2373 862 2431 priori
883 2390 1011 2417 versu
1025 2373 1139 2428 ,fal-

290 2441 382 2482 laci
396 2442 587 2482 convicta
603 2445 667 2481 est
682 2455 845 2493 gemma
862 2442 1015 2494 sigillo,
1038 2439 1139 2481 Sca-

291 2503 416 2559 ligeri
436 2502 572 2546 codex
598 2519 608 2545 :
641 2503 759 2559 quod
787 2511 831 2546 et
856 2501 1061 2558 Cujacius
1090 2502 1137 2544 in

290 2569 379 2614 suis
399 2569 628 2612 videbatur
646 2568 875 2613 invenisse.
898 2570 1066 2612 Hnms.
1086 2590 1140 2600 —·

295 2637 473 2677 Gemma
489 2651 594 2677 mea.
621 2634 751 2677 Meus
774 2634 961 2677 annulus
997 2642 1041 2676 et
1075 2633 1135 2676 si-

294 2699 446 2756 gillum
462 2731 473 2753 ‚
508 2709 716 2755 tanquam
748 2698 858 2743 falso
877 2698 1139 2755 signaverim

292 2771 566 2810 testamenta.
576 2787 630 2796 —-
639 2764 835 2819 subjecta
849 2767 1018 2806 tabella.
1030 2763 1140 2807 Sub·

295 2830 433 2886 posita
463 2830 787 2873 testamentaria
807 2829 975 2872 tabella.

350 2910 414 2951 70.
439 2896 686 2939 Mendacem
708 2906 861 2939 notam.
883 2896 1059 2938 Falsum
1078 2896 1138 2938 si-

297 2959 459 3016 gillum.
493 2959 558 3002 Hi
578 2969 725 3004 autem
754 2977 778 3003 a
810 2961 1021 3004 Romanis
1055 2961 1142 3003 de·-

294 3025 499 3080 prehensi
531 3034 575 3068 et
605 3026 818 3078 convicti,
854 3026 1141 3069 mittebantur

294 3092 342 3134 in
362 3092 570 3136 exsilium.

353 3174 372 3213 7
384 3174 416 3198 1.
447 3159 570 3211 Quod
582 3161 672 3213 lege
694 3166 816 3201 velot.
847 3159 968 3201 Veter
980 3173 1031 3199 ex
1044 3172 1144 3199 me-

294 3218 485 3264 lioribus.
510 3223 570 3265 H.

350 3302 413 3345 72.
433 3288 514 3329 Est
530 3296 669 3333 tamen
686 3292 754 3333 bis
765 3293 936 3346 gravior·
946 3287 1145 3343 noxafh-

1211 1660 1338 1700 tenda
1357 1660 1470 1701 mihi.
1502 1659 1563 1700 Et
1583 1665 1723 1700 tamen
1753 1671 1868 1698 noxa
1876 1655 2064 1711 fatenda

1214 1727 1324 1767 mibi
1333 1732 1400 1767 est
1418 1724 1574 1767 rectius
1600 1732 1687 1767 tres
1707 1731 1887 1766 veteres.

1262 1790 1325 1846 73.
1342 1791 1450 1832 Neue
1457 1805 1576 1844 roges
1585 1805 1678 1844 qua·
1690 1791 1750 1830 sil
1758 1790 1929 1830 stultam
1939 1803 2061 1842 quam

1212 1858 1453 1908 scripsimus
1469 1863 1612 1896 artem.
1627 1852 1748 1897 Malo
1761 1867 1862 1896 cum
1877 1859 2063 1907 quatuor

1213 1920 1415 1976 antiquis,
1433 1939 1453 1957 «
1478 1920 1596 1962 Neve
1618 1934 1740 1975 roges
1753 1917 1858 1975 quid
1868 1917 1921 1960 sit
1934 1934 1944 1967 3
1958 1917 2061 1960 stut-

1213 1992 1303 2026 tam
1325 1984 1655 2040 conscripsimus
1679 1984 1845 2025 Artem.
1870 2000 1891 2019 »
1917 1982 1977 2024 H.

1271 2053 1333 2104 75.
1353 2052 1413 2091 Et
1429 2051 1539 2104 quid.
1570 2049 1740 2103 Ecquid
1753 2047 1925 2090 Sarrav.
1950 2045 2063 2088 Me-

1214 2113 1335 2156 donii
1347 2129 1458 2157 unus
1468 2129 1569 2156 cum
1580 2112 1720 2169 prima
1731 2111 2062 2167 editione3quod

1214 2181 1401 2237 probant
1419 2180 1626 2223 Heinsius
1656 2188 1699 2223 et
1715 2179 2010 2221 Burmannus.

1272 2246 1338 2301 75.
1363 2247 1422 2287 Ut
1432 2251 1592 2300 pateat.
1609 2242 1764 2286 Malim
1779 2248 1934 2293 lateat,
1963 2258 2065 2286 cum

1214 2311 1447 2354 Puteaneo
1461 2319 1504 2352 et
1517 2307 1724 2352 undecim
1738 2306 1828 2350 aiiis
1845 2322 1854 2349 z
1873 2306 2064 2350 studiose

1215 2375 1336 2418 enim
1353 2390 1528 2431 semper
1549 2389 1705 2417 verum
1723 2373 1891 2416 crimen
1915 2372 2037 2415 celat.

1272 2456 1335 2495 77.
1354 2440 1624 2492 Quidquidt'd
1636 2446 1710 2479 est.
1730 2436 2065 2492 Qualecumque

1219 2511 1283 2546 est
1305 2502 1348 2544 id
1362 2535 1373 2557 ‚
1397 2502 1522 2558 cujus
1534 2517 1660 2544 causa
1674 2501 1888 2557 relegatus
1900 2517 2067 2543 sum.—

1216 2570 1637 2612 Habuitmoderatam
1652 2569 1835 2609 vindicis
1849 2570 1966 2610 imm.
1979 2569 2065 2609 Ha—

1217 2638 1293 2677 bui
1307 2642 1481 2691 praestat
1501 2647 1604 2677 cum
1629 2632 1863 2676 nonnuliis.
1887 2634 1946 2675 H.

1278 2701 1341 2757 78.
1360 2703 1447 2746 Nil„
1468 2699 1589 2743 Nihil
1610 2697 1741 2742 aliud.
1762 2697 1970 2753 Intelligit
1988 2711 2069 2738 au·-

1219 2776 1310 2811 tem
1327 2765 1541 2820 fortunas,
1559 2779 1656 2820 quae
1668 2763 1883 2806 exsulibus
1902 2761 2067 2803 adime-

1218 2834 1379 2877 bantur
1390 2866 1402 2887 ‚
1425 2832 1504 2875 sibi
1516 2830 1696 2874 relictas.
1707 2852 1761 2862 —
1774 2831 1872 2872 Nisi
1884 2832 2067 2871 natalem

1218 2904 1397 2944 humum.
1412 2899 1505 2943 Nisi
1522 2897 1663 2940 solum
1683 2896 1938 2939 Romanum
1955 2928 1967 2949 ‚
1991 2894 2067 2937 ubi

1220 2966 1426 3009 educatus
1443 2978 1542 3005 sum
1558 2995 1569 3016 ,
1591 2960 1812 3004 mittendo
1833 2977 1904 3004 me
1924 2961 1970 3003 in
1993 2977 2069 3003 ex-

1219 3030 1377 3072 silium.
1978 3031 1982 3035 ’
2068 3062 2070 3069 ,

1278 3109 1341 3151 79.
1371 3094 1462 3134 Tua
1485 3095 1656 3135 vicinia.
1672 3091 1757 3134 Tui
1772 3090 1922 3148 populi
1940 3087 2067 3132 vicini

1222 3157 1470 3201 Tomitanae
1491 3158 1613 3200 urbi.r
1626 3157 1753 3199 Mun.
1773 3179 1828 3190 ·—
1851 3157 1942 3197 Tua
1961 3169 2067 3197 nunc

1220 3227 1394 3266 vicinia.
1409 3223 1598 3278 Propter
1610 3220 1879 3264 vicinitatem
1890 3219 1972 3262 hoe
1987 3216 2067 3259 mi-

1224 3287 1269 3329 hi
1293 3295 1448 3343 praesta
1467 3284 1745 3330 beneficium.
1769 3285 1914 3328 PONT-

983 3426 1377 3449 ffl-
