2280 3776
239 310 346 363 5²16

685 312 748 363 P.
804 311 1108 366 OVIDII
1165 311 1544 370 NASONIS

239 429 369 486 Non
404 449 504 505 ego
537 426 790 508 concepi,
825 427 870 486 si
901 426 1093 487 Pelion
1124 430 1267 490 Ossa
1294 430 1542 505 tulisset,

325 520 483 581 Clara
514 545 630 580 mea
660 521 810 599 tangi
838 522 1013 583 sidera.
1039 547 1204 606 posse
1233 549 1413 586 manu.
1955 559 2003 587 ιο

242 619 354 677 Nec
385 641 488 676 nos
509 665 521 689 ‚
551 616 811 677 Enceladi
840 618 1108 679 dementia
1136 636 1307 680 castra
1336 621 1539 692 secuti,

317 718 381 774 In
410 735 589 774 rerum
620 713 874 776 dominos
901 717 1168 777 movimus
1201 741 1349 776 arma
1378 718 1546 802 Deos.

231 815 342 872 Nec
359 859 374 883 ,
410 812 558 894 quod
582 812 807 894 Tydidae
838 815 1116 874 temeraria
1145 815 1362 874 dextera
1389 814 1519 875 fecit
1539 863 1555 889 ‚

316 907 556 968 Numina
585 923 716 968 sunt
746 907 868 969 telis
898 908 1012 968 ulla
1043 911 1214 992 petita
1242 910 1393 971 meis.

234 1006 338 1063 Est
366 1028 484 1063 mea
512 1003 671 1087 culpa
702 1006 877 1083 gravis
896 1053 910 1079 ‚
939 1007 1035 1067 sed
1065 1031 1186 1090 quae
1213 1031 1299 1068 me
1323 1007 1550 1091 perdere
1577 1006 1756 1069 solum
1956 1025 2003 1068 ιε

317 1103 468 1163 Ausa
497 1104 596 1176 sit,
630 1118 683 1163 et
708 1103 921 1165 nullum
950 1106 1125 1188 majus
1151 1106 1341 1167 adorta
1371 1106 1538 1167 nefas,

233 1197 357 1271 Nil,
390 1199 499 1260 nisi
529 1224 643 1259 non
673 1202 886 1286 sapiens
915 1227 1145 1285 possum
1177 1205 1513 1287 timidusque
1538 1203 1720 1264 vocari
1745 1228 1757 1262 ε

317 1297 446 1356 Haec
478 1297 588 1357 duo
618 1313 747 1358 sunt
772 1300 939 1359 animi
969 1301 1196 1362 nomina
1225 1326 1348 1362 vera
1376 1302 1497 1361 mei.

237 1392 372 1452 Esse
404 1393 625 1475 quidem
651 1394 825 1454 fateor
845 1443 859 1468 ‚
893 1397 1138 1457 meritam
1164 1414 1294 1481 post
1325 1399 1552 1459 Caesaris
1577 1399 1711 1459 iram
1732 1444 1746 1471 ,

317 1488 610 1549 Difficilem
636 1491 894 1573 precibus
922 1507 973 1552 te
1005 1517 1226 1576 quoque
1253 1495 1373 1575 jure
1400 1495 1551 1555 meis.
1952 1522 2004 1551 20

233 1587 483 1670 Quaeque
512 1602 602 1647 tua
636 1603 719 1648 est
748 1588 922 1671 pietas
950 1591 1009 1649 in
1041 1606 1222 1653 totum
1247 1616 1452 1652 nomen
1481 1591 1620 1664 Iuli,

309 1686 389 1746 Te
421 1685 541 1745 laedi
560 1733 574 1758 ,
607 1711 779 1769 quum
810 1688 933 1770 quis
958 1687 1175 1749 laeditur
1202 1689 1359 1763 inde,
1391 1705 1574 1774 putas.

233 1782 343 1842 Sed
370 1781 497 1843 licet
525 1808 672 1844 arma
701 1784 840 1844 feras
861 1831 876 1857 ‚
908 1799 961 1844 et
989 1784 1214 1847 vulnera
1243 1811 1379 1847 saeva
1407 1786 1629 1847 mineris
1650 1833 1664 1859 ‚

282 1956 324 1998 9.
346 1942 439 1984 Non
453 1957 528 1995 ego
544 1945 724 1996 concepi.
745 1942 846 1985 Non
867 1942 1077 1998 cogitavi,
1138 1972 1147 1996 χ

232 2020 322 2047 non
349 2004 395 2047 in
427 2005 624 2048 animum
653 2006 803 2049 induxi
827 2023 837 2050 :
865 2008 1079 2050 rationem

233 2079 379 2114 autem
402 2071 594 2129 adsignat
608 2081 735 2128 poeta
754 2106 765 2127 ,
786 2089 869 2128 qua
890 2073 1081 2117 ostendit

230 2151 320 2178 non
337 2145 455 2179 tanta
474 2153 562 2180 esse
583 2138 676 2193 ejus
694 2138 876 2181 crimina
888 2170 899 2192 ,
919 2147 968 2181 ut
982 2155 1080 2181 me—

230 2209 409 2243 reantur
426 2218 526 2245 cum
543 2218 595 2244 eo
608 2202 805 2246 carmina
817 2219 894 2246 sua
912 2203 1079 2260 relega-

229 2263 267 2305 ri
283 2264 520 2320 :siquidem
542 2282 632 2308 non
653 2265 762 2309 bella
783 2267 911 2323 gessit
925 2276 1077 2309 contra

231 2328 414 2384 Jovem,
450 2329 825 2386 quemadmodum
855 2329 1077 2387 Gigantes.

231 2393 311 2437 Est
332 2403 479 2437 autem
498 2395 607 2439 ordo
634 2413 644 2440 :
667 2412 758 2439 non
788 2412 868 2452 ego
892 2396 1077 2453 concepi

231 2458 344 2501 clara
363 2459 504 2503 sidera
524 2477 644 2517 posse
663 2462 781 2519 tangi
800 2478 896 2505 mea
914 2478 1048 2505 manu
1062 2495 1074 2516 ,

229 2524 261 2566 si
287 2524 396 2569 Ossa
419 2527 582 2571 tulisset
605 2528 788 2581 Pelion3
823 2529 905 2573 hoc
927 2538 993 2573 est
1008 2563 1019 2583 ,
1043 2529 1078 2573 si

232 2587 343 2632 Ossa
363 2607 491 2635 mons
514 2592 732 2637 habuisset
755 2594 909 2637 Pelion
937 2610 1078 2637 mon-

230 2663 323 2698 tem
340 2657 738 2714 superimpositum.

291 2736 353 2763 10.
392 2724 522 2765 Posse
556 2728 686 2778 tangi.
725 2724 855 2767 Posse
892 2723 1043 2767 violari
1067 2758 1078 2778 ,

233 2787 607 2842 quemadmodum
627 2788 803 2832 voluere
826 2789 1048 2847 Gigantes.

292 2869 354 2894 ιι.
379 2855 465 2896 Nec
492 2870 569 2896 nos
591 2856 808 2897 Enceladi.
836 2854 1079 2899 Enceladus

234 2918 384 2962 Terrae
418 2919 530 2962 filius
563 2919 648 2962 fuit
681 2937 691 2963 :
725 2937 859 2977 quem
890 2921 1077 2965 fulmine

230 2982 390 3039 ictum,
418 2986 651 3043 AEtnaeque
675 2987 944 3043 subpositum
972 2988 1082 3032 scri—

233 3046 296 3090 bit
318 3048 468 3106 Virgil.
490 3049 536 3092 in
556 3050 625 3092 lib.
646 3051 715 3094 III
740 3051 915 3095 AEneid.
945 3054 1035 3107 578.

297 3130 357 3155 12.
384 3117 436 3156 In
462 3131 606 3158 rerum.
626 3115 900 3159 Membranae
921 3125 1080 3160 nostrae

242 3178 458 3221 Terrarum
475 3183 687 3223 dominos.-
706 3181 789 3238 legi
810 3190 965 3238 potest,
988 3184 1082 3225 Ter-

232 3258 368 3283 rarum
398 3246 443 3284 1'11
475 3247 696 3298 dammas,-
727 3255 965 3303 utrumque
987 3261 1078 3289 non

234 3309 327 3353 sine
365 3310 573 3365 exemplo.
609 3312 808 3355 AUCTOR
845 3313 1078 3357 ELECTOR.

238 3376 470 3420 ETONENS.
490 3376 616 3419 Nulla
637 3393 760 3420 causa
782 3388 868 3434 est,
885 3396 963 3423 cur
977 3395 1079 3423 mu-

237 3450 378 3485 temus
401 3442 571 3487 obviam
590 3442 834 3486 lectionem.

1221 1944 1282 1986 13.
1311 1946 1402 1988 Nec
1419 1947 1534 1999 quod
1550 1945 1734 2002 Tydide.
1755 1943 1849 1987 Nec
1872 1944 2003 1987 etiam

1161 2011 1387 2052 Venerem
1413 2009 1597 2063 violavi,
1630 2008 2004 2065 quemadmodum

1160 2073 1423 2126 Diomedes3
1448 2073 1544 2117 vide
1577 2074 1828 2117 Homerum
1844 2107 1856 2130 ,
1882 2073 2003 2118 Iliad.

1159 2137 1229 2182 lib.
1254 2138 1314 2193 V,
1338 2139 1418 2182 335
1439 2147 1482 2182 et
1502 2154 1594 2195 sqq.

1219 2221 1236 2247 1
1244 2206 1280 2247 5.
1295 2205 1381 2247 Sed
1388 2221 1475 2260 qua·
1485 2219 1549 2246 me
1553 2205 1723 2258 perdere
1735 2205 1868 2246 solum
1882 2204 2006 2247 Ausa

1158 2272 1226 2311 sit.
1249 2268 1338 2312 Sed
1363 2268 1480 2325 quod
1501 2268 1668 2312 crimen
1699 2266 1807 2309 mihi
1832 2276 2005 2311 tantum

1159 2333 1358 2378 nocuerit
1374 2366 1386 2385 ‚
1411 2350 1503 2377 non
1525 2332 1627 2376 aliis.
1654 2332 1771 2375 Nam
1795 2348 1891 2388 quae
1915 2331 2005 2377 aliis

1159 2407 1343 2454 nocent,
1361 2399 1529 2455 majora
1540 2406 1641 2442 sunt
1652 2397 1834 2442 crimina
1844 2430 1856 2451 ,
1873 2413 2004 2454 quam

1159 2481 1211 2509 ea
1221 2480 1317 2521 quae
1329 2464 1409 2508 sibi
1421 2473 1608 2508 tantum.
1622 2463 1688 2506 Ex
1695 2479 1782 2520 quo
1791 2462 2003 2520 designat,

1160 2540 1209 2575 ut
1227 2530 1379 2588 saepius
1395 2530 1526 2584 dixit,
1546 2538 1771 2588 peccatum
1790 2545 1920 2573 suum
1933 2545 2006 2573 er-

1161 2612 1310 2640 rorem
1327 2595 1470 2653 potius
1487 2595 1722 2640 dicendum
1734 2627 1746 2650 ,
1769 2603 1814 2638 et
1829 2594 1928 2637 ideo
1943 2594 2006 2637 di-

1160 2679 1300 2719 gnum
1320 2661 1459 2705 venia.

1220 2727 1282 2770 16.
1313 2729 1483 2771 Nullum
1516 2724 1654 2782 majus
1685 2725 1840 2766 adorsa
1868 2721 2003 2777 nefas.

1162 2792 1299 2836 Recte
1316 2824 1328 2846 ,
1363 2794 1514 2834 adorta
1543 2788 1785 2833 sarravian.
1820 2788 2003 2844 Argent.

1166 2857 1338 2902 Combii
1348 2890 1359 2910 ,
1372 2855 1594 2900 Twisden.
1609 2853 1763 2910 aliique
1774 2853 1976 2896 nonnulli
1991 2871 2002 2907 ;

1162 2931 1212 2965 ut
1235 2921 1347 2977 apud
1366 2919 1522 2976 Virgil.
1549 2917 1653 2960 AEn.
1675 2917 1764 2960 VII
1780 2950 1791 2970 ,
1818 2933 1876 2959 vs.
1900 2918 2003 2960 385:

1164 3003 1187 3023 «
1208 2985 1409 3028 simulato
1443 2984 1625 3026 numine
1665 2981 1822 3025 Bacchi
1857 2981 2006 3037 Maius

1163 3049 1313 3092 adorta
1335 3047 1466 3091 nefas.
1490 3065 1511 3085 »
1543 3049 1708 3091 HEINS.

1222 3117 1281 3158 18.
1298 3115 1401 3157 Haec
1413 3116 1495 3156 duo
1512 3117 1694 3156 nomina.
1707 3111 2006 3169 Imprudentis

1161 3179 1320 3222 scilicet
1341 3186 1385 3221 et
1407 3176 1561 3220 timidi.

1217 3262 1282 3287 21.
1303 3247 1354 3287 In
1371 3251 1497 3286 totum
1510 3258 1656 3286 nomen
1673 3243 1768 3285 Iuli.
1785 3241 1838 3284 In
1852 3254 2003 3283 omnes

1163 3327 1214 3353 ex
1234 3318 1363 3366 gente
1376 3308 1506 3352 Julia.

1220 3376 1284 3419 23.
1311 3375 1396 3418 Sed
1420 3378 1520 3416 licet
1542 3388 1662 3415 arma
1678 3370 1815 3425 faras.
1846 3367 2001 3411 Malim

1151 3440 1290 3494 ferox,
1310 3449 1358 3483 ut
1371 3439 1425 3482 ad
1440 3443 1480 3484 τὸ
1491 3443 1658 3482 mineris
1668 3436 1885 3480 referatur
1900 3450 1910 3477 :
1925 3449 2001 3489 pro
