2280 3776
304 346 415 414 234
754 350 818 401 P.
866 349 1170 404 OVIDII
1220 351 1610 407 NASONIS

304 528 2055 560 m

913 662 1304 736 ELEGIA
1354 667 1437 736 X.

1038 806 1275 821 -—fl-—-

836 984 1410 1044 ARGUMENTU
1430 991 1512 1044 M.

299 1119 409 1162 Tres
429 1133 564 1162 annos
581 1134 624 1162 se
647 1120 779 1175 egisse
799 1122 945 1165 scribit
964 1132 1119 1179 poeta3
1155 1139 1230 1167 eos
1261 1132 1409 1167 tamen
1442 1124 1522 1168 sibi
1553 1124 1707 1170 decem
1735 1125 1900 1182 videri,
1931 1127 2061 1185 idque

397 1196 407 1201 ’
498 1187 579 1231 loci
601 1189 828 1245 asperitate
842 1223 852 1241 ‚
876 1199 921 1233 et
941 1190 1286 1249 difficultatibus,
1308 1210 1412 1252 quas
1435 1193 1592 1239 deinde
1615 1195 1851 1254 subjungit.

297 1314 409 1400 UT
438 1364 627 1400 sumus
657 1341 714 1400 in
745 1343 930 1402 Ponto
950 1391 964 1415 ‚
997 1358 1079 1404 ter
1104 1344 1308 1424 frigore
1337 1346 1586 1407 constitit
1612 1349 1780 1420 Ister,

371 1438 533 1496 Facta
559 1452 642 1497 est
666 1439 869 1498 Euxini
898 1439 1032 1500 dura
1064 1455 1145 1500 ter
1175 1441 1321 1501 unda
1352 1442 1531 1503 maris.

291 1532 367 1591 At
395 1533 529 1592 mihi
555 1534 665 1614 jam
692 1535 882 1603 videor
914 1537 1086 1618 patria
1119 1537 1318 1620 procul
1348 1561 1466 1598 esse
1496 1551 1580 1598 tot
1606 1538 1796 1610 annis,

370 1629 627 1689 Dardana
659 1647 795 1714 quot
828 1632 996 1692 Graio
1024 1635 1190 1714 Troja
1222 1634 1325 1694 sub
1352 1635 1512 1694 hoste
1539 1635 1661 1695 fuit.

289 1727 440 1786 Stare
471 1743 660 1810 puteS,
694 1730 827 1790 adeo
856 1730 1163 1813 procedunt
1190 1745 1436 1813 tempora
1466 1731 1617 1792 tarde
1637 1779 1652 1805 ,
2035 1750 2062 1791 5

369 1824 443 1883 Et
472 1825 683 1906 peragit
711 1825 873 1887 lentis
902 1828 1159 1910 passibus
1188 1852 1363 1888 annus
1392 1827 1511 1888 iter.
1582 1881 1587 1892 s

290 1922 400 1980 Nec
429 1921 563 1980 mihi
596 1921 892 1983 solstitium
926 1924 1226 2007 quidquam
1259 1926 1323 1985 de
1351 1924 1606 1986 noctibus
1635 1925 1841 1997 aufert3

368 2015 554 2078 Efficit
583 2034 845 2097 angustos
874 2044 974 2081 nec
1003 2022 1138 2081 mihi
1167 2022 1364 2082 bruma
1389 2022 1539 2084 dies:

288 2115 506 2176 Scilicet
535 2116 592 2175 in
621 2118 786 2178 nobis
815 2142 1000 2179 rerum
1025 2134 1220 2180 natura
1247 2134 1446 2179 novata
1477 2134 1591 2191 est,

371 2213 620 2297 Cumque
651 2215 786 2277 meis
817 2215 962 2276 curis
992 2216 1174 2277 omnia
1202 2216 1369 2296 longa
1402 2216 1548 2277 facit.
2016 2245 2064 2273 ιο

286 2309 433 2368 Num
461 2325 731 2392 peragunt
760 2310 957 2372 solitos
988 2312 1294 2373 communia
1322 2328 1570 2397 tempora
1597 2325 1810 2381 motuS‚

371 2406 623 2491 Suntque
657 2410 829 2487 magis
860 2411 980 2471 vitae
1011 2425 1255 2494 tempora
1289 2411 1422 2471 dura
1448 2398 1621 2471 meae?

289 2507 472 2585 Quem
502 2522 647 2566 tenet
674 2508 877 2570 Euxini
908 2509 1138 2570 menda-x
1170 2509 1497 2589 cognomine
1521 2508 1686 2582 litus,

368 2603 443 2660 Et
470 2602 715 2684 Scythici
747 2627 869 2664 vere
899 2618 1036 2664 terra
1068 2604 1288 2665 sinistra
1319 2604 1461 2665 freti.

285 2698 591 2759 Innumerae
618 2700 758 2760 circa
788 2716 976 2779 gentes
1004 2701 1121 2762 fera
1150 2701 1295 2762 bella
1323 2701 1604 2762 minantur
1623 2747 1640 2774 ‚
2011 2713 2059 2754 15

370 2792 511 2871 Quae
538 2793 643 2853 sibi
676 2819 789 2854 non
818 2811 977 2879 rapto
1008 2797 1186 2856 vivere
1213 2811 1373 2879 turpe
1401 2809 1611 2877 putant.

289 2887 382 2949 Nil
410 2904 562 2949 extra
590 2905 771 2950 tutum
802 2906 886 2952 est
910 2917 925 2951 ε
951 2893 1196 2953 tumulus
1227 2891 1538 2953 defenditur
1564 2910 1702 2968 aegre

343 3034 382 3086 4.
409 3034 552 3089 Troja.
577 3035 702 3077 Terra
720 3033 808 3076 duo
824 3034 1080 3091 praeferunt.
1209 3041 1374 3090 putant.
1395 3031 1651 3076 Herodotus
1670 3063 1683 3084 ,
1716 3029 1764 3072 in
1787 3024 2063 3072 recensendis

341 3115 379 3155 9.
406 3101 585 3143 Novata.
605 3101 776 3142 Morata
788 3133 800 3151 ‚
834 3100 1096 3143 Puteaneus.
1160 3147 1165 3149 b
1220 3099 1444 3143 Thracum
1460 3097 1653 3140 moribus
1665 3128 1677 3150 ,
1702 3095 1827 3138 docet
1840 3109 1913 3137 eos
1931 3109 1954 3136 e
1970 3091 2064 3136 bel-

350 3168 411 3210 13.
432 3169 623 3211 Mendax
653 3173 904 3224 cognomine.
927 3169 1021 3226 Qui
1043 3184 1133 3225 po-
1218 3164 1262 3207 lo
1290 3173 1417 3220 atque
1451 3171 1577 3218 rapto
1597 3161 1743 3204 vivere
1761 3192 1773 3213 ,
1803 3158 1934 3214 idque
1962 3157 2062 3214 pul-

292 3228 377 3272 tius
393 3239 455 3272 est
477 3230 758 3288 inhospitalis.
1217 3227 1485 3271 cherrimum
1515 3226 1688 3270 ducere.
1706 3226 1801 3268 Sibi
1813 3238 1896 3266 aon
1914 3228 2054 3277 rapto,

351 3295 413 3347 14.
438 3297 539 3337 Vere
550 3303 659 3339 terra
668 3301 856 3341 sinistra.
870 3297 990 3341 Vere
1003 3304 1134 3347 terra,
1217 3309 1370 3336 omnes
1389 3292 1603 3336 meliores.
1627 3291 1687 3335 H.

292 3366 342 3401 ut
371 3359 416 3401 in
444 3359 615 3404 sinistra
637 3370 757 3418 parte
778 3363 879 3417 sita,
913 3362 973 3406 sic
1004 3361 1138 3405 etiam
1277 3376 1337 3415 17·
1360 3361 1560 3402 Tumulus
1579 3356 1818 3413 deftndt'tur
1835 3357 1936 3408 ipse.
1958 3352 2059 3426 Πρ-

293 3423 462 3468 infelix.
1207 3424 1405 3481 finditur
1432 3442 1561 3483 σόη-ε,
1597 3423 1724 3468 multi
1756 3437 1808 3467 ex
1839 3418 2026 3475 antiquis
2046 3431 2059 3461 ε

357 3489 418 3532 15.
448 3491 547 3545 Quae
566 3493 651 3534 nisi
672 3493 723 3535 de
737 3498 855 3547 rapto
873 3495 1008 3534 vivere
1026 3497 1140 3548 turpe
1220 3498 1351 3533 recte.
1364 3489 1424 3532 H.
