2280 3776
304 265 409 334 242

767 267 830 319 P.
882 266 1172 322 ovmn
1225 265 1610 322 NASONIS
1673 225 1682 238 ’

305 381 399 442 Nil
426 381 561 441 mihi
589 380 848 440 debuerat
872 404 992 440 cum
1023 381 1269 441 versibus
1299 380 1531 465 amplius
1561 405 1701 465 esse;

387 476 494 537 Sed
522 475 763 552 fugerem
792 474 984 532 merito
1014 476 1304 554 naufragus
1334 502 1490 538 omne
1518 478 1732 537 fretum.
2006 492 2060 534 50

303 578 380 637 At
405 590 569 658 puto,
603 573 648 631 si
683 572 900 631 demens
929 570 1167 631 studium
1194 572 1352 633 fatale
1382 589 1674 646 retentem,

385 669 491 728 Hic
521 666 654 725 mihi
682 665 948 747 praebebit
978 667 1226 728 carminis
1256 693 1399 728 arma
1426 668 1611 728 locus:

302 771 429 830 Non
456 765 595 824 liber
620 764 710 823 hic
738 762 908 834 ullus,
939 787 1053 822 non
1081 765 1174 845 qui
1205 765 1339 824 mihi
1370 766 1676 826 commodet
1704 789 1911 837 aurem,

381 861 672 941 Verbaque
706 859 1012 936 significent
1042 860 1173 942 quid
1204 885 1324 921 mea
1351 862 1525 933 norit,
1554 863 1724 923 adest.

306 959 504 1021 Omnia
535 957 802 1016 barbariae
829 956 946 1016 loca
975 971 1132 1029 sunt,
1162 958 1419 1039 vocisque
1448 957 1663 1032 ferinae,
2009 972 2062 1014 55

382 1055 583 1118 Omnia
612 1070 739 1116 sunt
769 1054 946 1115 Getici
973 1053 1132 1136 plena
1162 1055 1356 1114 timore
1388 1055 1544 1116 soni:

300 1154 427 1234 Ipse
453 1150 589 1209 mihi
616 1149 803 1208 videor
830 1150 936 1229 jam
969 1149 1286 1209 dedidicisse
1316 1149 1542 1220 Latine;

380 1248 505 1307 Jam
535 1246 697 1305 didici
726 1244 895 1323 getice
930 1232 1320 1328 Sarmaticeque
1347 1246 1522 1328 loqui.

299 1343 413 1402 Nec
441 1356 647 1413 tamen,
681 1354 746 1399 ut
776 1363 963 1399 verum
991 1338 1160 1400 fatear
1188 1340 1321 1413 tibi,
1351 1356 1537 1402 nostra
1562 1339 1733 1401 teneri

378 1438 431 1497 A
457 1435 839 1518 componendo
870 1435 1104 1496 carmine
1127 1437 1292 1495 Musa
1319 1450 1518 1519 potest.
2009 1450 2066 1492 60

299 1531 629 1601 Scribimus,
660 1544 712 1589 et
740 1530 972 1611 scriptos
1002 1529 1336 1589 absumimus
1364 1530 1490 1606 igne
1521 1526 1766 1588 libellos:

379 1625 575 1685 Exitus
604 1639 685 1684 est
714 1624 882 1684 studii
908 1648 1073 1706 parva
1099 1606 1280 1684 favilla
1307 1624 1428 1683 mei.

298 1725 411 1785 Nec
442 1744 668 1804 possum
685 1768 699 1792 ‚
728 1735 783 1780 et
811 1722 973 1803 cupio
1003 1744 1118 1780 non
1147 1720 1292 1780 ullos
1321 1720 1517 1780 ducere
1542 1741 1761 1778 versus:

379 1818 618 1877 Ponitur
644 1818 847 1877 idcirco
874 1832 1060 1878 noster
1083 1817 1143 1876 in
1171 1817 1296 1894 igne
1328 1815 1520 1886 labor;

300 1913 416 1970 Nec
443 1912 551 1971 nisi
580 1934 736 1993 pam,
771 1934 898 1970 casu
927 1910 1155 1970 flammis
1182 1925 1397 1991 erepta,
1428 1909 1649 1978 dolove,
2011 1923 2066 1965 65

381 2007 472 2066 Ad
500 2030 598 2066 vos
627 2006 832 2083 ingenii
858 2006 1104 2089 pervenit
1126 2005 1238 2066 ulla
1262 2006 1390 2066 mei..

304 2105 394 2164 Sic
423 2104 632 2163 utinam
650 2150 663 2175 ,
697 2126 815 2184 quae
843 2100 922 2160 nil
952 2115 1283 2161 metuentem
1314 2100 1419 2161 tale
1448 2099 1769 2177 magistrum

381 2201 659 2271 Perdidit,
691 2200 751 2258 in
780 2198 982 2258 cineres
1009 2200 1116 2257 Ars
1140 2221 1258 2258 mea
1283 2221 1433 2257 versa
1463 2196 1607 2256 foret
1632 2195 1645 2254 l

358 2347 423 2403 49.
435 2346 515 2387 Nil
522 2346 625 2388 milti
631 2345 816 2386 debebat.
832 2344 1044 2383 Debuerat
1054 2355 1146 2383 me-

302 2410 431 2453 liores
447 2425 457 2453 2
474 2417 518 2452 et
534 2423 633 2450 mox
646 2423 725 2463 pro
747 2408 831 2448 Sed
833 2406 1048 2462 sugerem,
1068 2421 1146 2448 ve·-

307 2483 420 2517 teres
433 2473 625 2529 plerique
642 2471 883 2526 Sifugerem
896 2505 906 2521 ‚
931 2471 997 2514 vel
1014 2472 1147 2524 Quum

292 2539 498 2594 sugerem.
510 2539 707 2582 H.—N1'l
716 2540 822 2580 mihi
828 2540 1030 2580 debuerat.
1039 2537 1147 2579 Pru·

309 2603 451 2647 dentis
473 2603 587 2645 enim
610 2618 701 2644 non
722 2610 809 2656 est,
834 2601 886 2643 ad
906 2601 948 2643 id
968 2600 1110 2644 redire
1131 2633 1143 2655 ,

308 2666 427 2709 unde
462 2666 777 2709 detrimentum
813 2665 1033 2721 acceperit.

361 2734 427 2774 31.
461 2733 648 2774 Studium
666 2731 821 2786 fatale.
845 2730 892 2772 Si
925 2729 1145 2784 regrediar

311 2795 366 2837 ad
381 2795 576 2837 studium
593 2810 743 2836 meum
756 2826 768 2846 ‚
794 2792 909 2849 quod
928 2793 1035 2843 mihi
1056 2792 1144 2836 sato

309 2858 499 2914 quodam
513 2858 677 2909 nocuit,
691 2857 910 2900 inveniam
926 2873 1046 2900 arma
1054 2872 1145 2899 car-

308 2922 418 2964 mini
443 2922 615 2966 idonea.
641 2923 690 2966 P.
712 2945 767 2954 —
793 2924 1020 2965 Betentem.
1049 2922 1144 2964 Re-

307 2995 465 3043 petam.

364 3056 429 3095 55.
445 3052 596 3093 Omnia
605 3053 810 3093 barbaria·
819 3054 913 3094 loca
923 3058 1030 3094 suat.
1037 3053 1143 3094 Bar-

309 3119 452 3158 barica
472 3115 598 3172 prim.
612 3115 739 3158 Polit.
755 3115 868 3171 Lege
887 3119 1112 3157 barbarica·
1132 3130 1142 3157 :

311 3196 470 3236 nempe
504 3181 618 3225 vocis
638 3198 648 3224 :
679 3181 877 3238 sequenti
904 3197 1029 3225 versu
1062 3195 1141 3236 pro

311 3250 451 3287 omnia
470 3253 567 3287 sunt
582 3248 741 3300 Getici,
762 3245 955 3302 plerique
975 3254 1140 3288 veteres

307 3313 447 3352 omnia
457 3326 544 3365 quoe
548 3317 725 3364 possunt
735 3344 745 3360 ‚
760 3310 827 3353 vel
831 3314 998 3364 possint
1007 3323 1023 3362 ‚·
1038 3325 1140 3352 nam

305 3379 436 3431 gem-e
467 3374 661 3429 sequitur
684 3375 783 3420 :alii
806 3379 1034 3430 barban'ci,
1071 3374 1139 3418 vel

1225 2340 1452 2382 Sarmatici
1476 2341 1583 2381 som‘.
1613 2337 1714 2379 Hoc
1740 2349 1912 2391 quoque
1942 2334 2063 2378 disti·

1225 2405 1339 2449 chon
1361 2405 1408 2448 in
1422 2403 1628 2461 suspectis
1641 2411 1718 2447 est.
1736 2403 1796 2445 H.

1284 2474 1348 2514 58.
1362 2473 1472 2513 Nam
1484 2473 1626 2512 didici.
1639 2471 1739 2512 Jam
1755 2469 1902 2525 priscae
1915 2468 2068 2512 editio-

1227 2546 1304 2579 nes
1319 2545 1363 2579 et
1381 2535 1527 2592 scripti
1547 2550 1639 2577 non
1659 2534 1783 2590 pauci
1801 2551 1810 2585 3
1825 2533 1994 2576 rectius.
2007 2533 2068 2575 H.

1283 2604 1347 2660 59.
1365 2603 1523 2643 Nostra
1533 2603 1672 2642 teneri.
1687 2601 1839 2643 zenan·
1853 2599 1961 2642 alter
1972 2597 2066 2640 Pol.

1226 2672 1271 2708 et
1290 2663 1417 2707 multi
1436 2663 1505 2706 alii
1533 2679 1542 2705 :
1566 2672 1652 2706 tres
1672 2678 1823 2704 vacare
1845 2677 1858 2703 ‚⁰
1879 2669 2065 2716 quatuor

1224 2732 1376 2772 revelli.
1396 2727 1471 2771 Nil
1491 2736 1655 2770 temere
1674 2734 1856 2769 mutem.
1872 2726 1931 2768 H.

1280 2795 1347 2837 62.
1366 2796 1524 2836 Exitus
1540 2800 1608 2836 est
1623 2794 1758 2834 studii
1760 2807 1896 2846 parua
1903 2789 2065 2844 favilla

1224 2863 1316 2901 mei.
1336 2861 1390 2901 To*
1399 2868 1533 2911 parva
1551 2871 1642 2898 non
1657 2856 1794 2911 placet
1811 2871 1820 2897 :
1839 2870 1893 2896 an
1912 2858 2065 2896 studizls·

1222 2929 1318 2963 atra
1325 2920 1488 2974 favilla
1505 2922 1619 2960 meis.
1636 2918 1708 2960 Sic
1725 2918 1910 2961 Metam.
1931 2917 2063 2970 XIII,

1222 2986 1305 3038 604
1316 3017 1327 3037 ,
1341 2984 1452 3026 Atra
1461 2982 1621 3037 favilla
1639 2985 1766 3025 volat.
1786 2983 1845 3025 H.
1858 3005 1912 3014 —
1925 2984 2066 3024 Parva

1209 3048 1383 3103 fauilla.
1418 3048 1583 3090 Parvus
1613 3045 1723 3102 ignis
1739 3079 1751 3101 ,
1786 3054 1831 3089 et
1859 3046 1966 3089 cinis
1999 3053 2065 3088 est

1220 3112 1387 3155 fructus
1404 3110 1534 3153 studii
1554 3113 1657 3155 mei.

1274 3177 1622 3230 63.Necp0ssum,
1633 3185 1677 3219 et
1687 3180 1820 3231 cupio.
1834 3173 2061 3218 Distichon

1221 3243 1445 3286 inficetum
1459 3275 1470 3297 ,
1494 3259 1575 3286 nec
1597 3244 1855 3288 Nasonianae
1870 3276 1881 3298 ,
1902 3243 1935 3285 si
1955 3240 2060 3298 quid

1221 3309 1349 3352 video
1364 3341 1376 3363 ‚
1399 3324 1536 3352 venae.
1558 3309 1620 3351 H.

1273 3374 1340 3430 67.
1358 3376 1618 3429 Magzlrtrum.
1641 3374 1719 3417 Me
1739 3372 1968 3417 Ovidium.
