2280 3776
217 276 325 352 496
616 275 957 330 PETRUS
1009 276 1578 335 BURMANNUS

212 398 323 456 Res
356 409 499 455 caret
523 394 773 476 exemplo
804 419 815 453 ε
843 395 948 454 sub
981 394 1116 456 diris
1140 395 1294 456 triste
1325 398 1570 479 tyrannis

288 493 535 553 Exitium
563 492 749 575 paucis
778 492 963 570 lingua
996 508 1247 576 proterva
1280 494 1447 555 dedit.

216 589 360 649 Huic
391 588 558 648 animi
585 587 776 648 nocuit
807 588 1166 662 truculentia;
1197 592 1439 651 concidit
1465 591 1627 665 alter,

297 685 412 763 Qui
441 685 531 767 pia
561 708 663 767 pro
697 685 869 768 raptis
897 684 1111 766 legibus
1142 712 1290 748 arma
1321 686 1465 748 tulit.

217 781 325 840 Sed
353 805 496 841 nova
523 797 653 864 post
679 781 932 842 homines
951 829 965 854 ‚
1004 782 1192 843 oculos
1218 785 1478 847 habuisse
1503 801 1764 848 nocentes
1785 834 1800 859 ‚

297 877 554 961 Principe
586 893 664 949 te,
698 892 858 938 natos
885 877 1045 961 culpa
1074 895 1288 964 reperta
1319 881 1440 942 fuit.

220 975 460 1036 Crimine
487 991 753 1059 perpetua
784 976 1071 1037 damnatus
1101 994 1264 1038 nocte
1290 997 1560 1053 vacasset,

301 1075 376 1132 Et
404 1073 579 1155 patria
613 1096 785 1133 caecus
814 1097 930 1132 non
961 1075 1225 1137 caruisset
1252 1077 1440 1139 humo,

218 1170 397 1230 Tutus
427 1169 755 1230 adulterium
785 1170 1091 1253 potuisses,
1123 1173 1347 1235 luminis
1374 1197 1570 1258 expers
1590 1222 1605 1248 ‚

299 1267 574 1349 Furtaque
603 1266 840 1340 lascivae,
869 1270 1050 1340 Nam,
1085 1269 1279 1329 docere
1307 1272 1470 1331 Deae:

220 1365 333 1424 Nec
361 1387 588 1424 censura
616 1365 720 1424 tibi
749 1365 883 1425 casti
916 1366 1209 1427 metuenda
1237 1367 1431 1428 fuisset

303 1463 559 1534 Caesaris,
590 1461 840 1545 exemplo
869 1463 965 1545 qui
993 1462 1140 1524 favet
1169 1465 1286 1548 ipse
1314 1490 1414 1526 suo
1433 1513 1448 1538 ‚

222 1562 295 1620 Et
323 1560 417 1643 qui
447 1559 722 1637 legitimos
753 1574 1013 1620 temerare
1045 1559 1275 1622 libidine
1304 1560 1476 1623 lectos

302 1659 599 1737 Flagitium
627 1682 912 1741 nunquam
933 1658 1171 1719 credidit
1202 1683 1318 1721 esse
1348 1659 1493 1721 viris.

222 1756 375 1816 Livia
406 1770 662 1827 testetur,
694 1779 981 1838 praegnans
1010 1757 1246 1818 abducta
1272 1758 1497 1830 marim,

303 1853 500 1913 Ederet
537 1867 600 1913 ut
624 1852 820 1912 foetum
845 1854 1019 1936 patris
1046 1855 1105 1914 in
1132 1855 1242 1915 aede
1272 1856 1374 1916 sui.

220 1952 302 2010 Te
328 1946 602 2022 Tertulla,
635 1951 785 2027 gravi
810 1949 1070 2011 lassatum
1101 1953 1346 2035 pondere
1376 1977 1582 2025 rerum3

303 2050 382 2108 Te
414 2064 600 2108 tenero
631 2047 771 2107 fovit
803 2047 981 2108 Salvia
1008 2049 1219 2109 moecha
1246 2049 1401 2119 sinu;

223 2149 363 2208 Mox
389 2145 593 2206 Rufilla
621 2145 768 2206 salax
794 2144 1011 2207 lascivis
1036 2145 1279 2229 implicat
1305 2145 1480 2218 ulnis;

308 2246 506 2304 Forma
538 2242 848 2303 Terentillae
875 2267 1003 2303 mox
1032 2243 1282 2326 speciosa
1311 2243 1513 2313 trahit3

227 2343 301 2400 Et
326 2340 531 2418 gremio
565 2338 804 2398 detracta
837 2336 1014 2420 placet
1043 2338 1111 2398 de
1140 2336 1385 2398 consulis
1410 2362 1584 2410 uxor,

310 2437 558 2517 Quaeque
588 2433 760 2494 redux
786 2433 1015 2493 Veneris
1043 2433 1197 2512 signa
1219 2433 1453 2493 recentis
1483 2432 1665 2493 habet.

228 2535 432 2593 Verum
461 2531 560 2592 ubi
589 2546 860 2592 consuetae
890 2531 1098 2592 faciunt
1123 2530 1339 2592 fastidia
1365 2530 1551 2591 formae
1571 2578 1586 2603 ‚

310 2633 424 2690 Nec
454 2629 584 2689 satis
613 2629 726 2690 haec
756 2629 996 2699 moech0‚
1025 2651 1126 2688 nec
1155 2628 1286 2689 satis
1309 2627 1403 2688 illa
1430 2627 1680 2712 placent:

233 2726 486 2810 Corpora
516 2748 815 2803 mangones
846 2725 1169 2807 conquirere
1198 2724 1431 2808 pulchra
1457 2724 1753 2806 jubentur,

313 2823 454 2902 Quae
475 2821 659 2904 posita
691 2835 900 2903 spectet
926 2835 1074 2881 veste
1105 2820 1380 2903 superbus
1408 2821 1590 2881 herus.

233 2918 447 2978 Ludere
474 2916 621 2975 furta
649 2917 828 2976 Deum
859 2916 1076 2977 dubitat
1100 2939 1278 2998 neque
1304 2915 1474 2976 falsus
1503 2913 1709 2998 Apollo
1729 2961 1744 2986 ‚

315 3014 552 3076 Numina
581 3014 712 3074 dum
739 3014 829 3075 bis
858 3038 951 3075 sex
975 3013 1165 3076 Mallia
1196 3012 1316 3074 sola
1343 3013 1504 3073 videt.

233 3111 491 3196 Principe
521 3112 598 3171 sic
624 3113 803 3189 agitur
829 3137 970 3196 puro
1003 3114 1234 3173 censura
1261 3136 1272 3170 :
1301 3109 1482 3194 poetis

316 3207 410 3266 Nil
441 3230 582 3289 opus
611 3222 719 3279 est,
745 3209 992 3289 juveneS‚
1025 3209 1120 3290 qui
1149 3206 1288 3266 male
1318 3222 1508 3290 stupra
1536 3206 1747 3267 docent.

236 3306 386 3364 Naso
408 3349 421 3373 ‚
456 3303 589 3385 quid
618 3304 895 3365 obscaenas
923 3319 1034 3364 tam
1062 3303 1224 3363 castis
1255 3302 1482 3362 auribus
1512 3317 1652 3363 artes
1672 3347 1686 3373 ‚

317 3399 392 3456 Et
423 3398 662 3479 quereris
695 3397 887 3459 molles
916 3396 1260 3480 displicuisse
1291 3397 1527 3458 modos?

1913 805 1990 846 125

1923 1291 1999 1332 130

1927 1775 2003 1817 135

1934 3222 2009 3262 150
