2280 3776
490 277 937 336 TRISTIUM
977 278 1140 333 LIB.
1184 278 1315 334 111.
1356 278 1601 335 ELEG.
1645 283 1762 337 IV.

1905 302 1999 339 111

235 453 2005 484 Q

837 567 1230 639 ELEGIA
1281 570 1404 641 1V.

779 891 1465 950 ARGUMENTUM.

237 1027 442 1073 Amicum
470 1027 736 1072 carissimum
757 1062 769 1084 ,
802 1044 934 1086 quem
967 1037 1148 1087 propter
1178 1028 1429 1087 Augustum
1462 1045 1554 1074 non
1586 1029 1717 1074 audet
1748 1030 1978 1077 nominare
1997 1064 2010 1087 ,

289 1106 417 1156 poeta
439 1097 674 1154 admonet,
700 1107 750 1143 ut
769 1113 927 1157 magna
949 1099 1058 1143 atria
1079 1107 1123 1143 et
1142 1106 1345 1156 potentes
1363 1097 1525 1156 fugiat,
1544 1098 1618 1156 qui
1638 1099 1834 1157 quamvis
1850 1102 2014 1159 possint

290 1168 528 1225 plurimum
550 1166 779 1225 prodesse,
814 1183 907 1212 non
927 1176 1140 1226 prosunt,
1162 1168 1239 1212 sed
1272 1168 1415 1226 potius
1450 1177 1626 1212 nocent.
1660 1169 1826 1214 Laudat
1854 1170 2015 1216 deinde

287 1238 411 1283 amici
435 1237 569 1283 fidem
585 1272 596 1294 ,
621 1254 753 1296 quam
772 1239 852 1284 sibi
876 1239 921 1283 in
946 1238 1134 1284 adversis
1162 1239 1294 1283 rebus
1315 1255 1544 1296 nunquam
1577 1239 1766 1285 defuisse
1786 1242 2017 1298 cognovit;

286 1305 502 1364 simulque
524 1314 757 1350 enumerat
775 1306 909 1351 exsilii
931 1307 997 1351 sui
1017 1306 1297 1352 incommoda
1316 1324 1329 1362 ς
1361 1316 1485 1365 rogat
1507 1316 1731 1365 postremo
1750 1342 1763 1366 ,
1786 1318 1858 1367 ut,
1882 1326 2012 1368 quam

289 1377 446 1436 possit,
466 1377 526 1423 illi
545 1392 675 1436 opem
695 1377 822 1423 ferat.

241 1516 316 1603 Ο
352 1560 498 1607 MIHI
529 1569 650 1608 care
681 1545 902 1631 quidem
933 1570 1175 1633 semper,
1207 1547 1305 1609 sed
1334 1540 1582 1631 tempore
1612 1549 1754 1610 duro

316 1640 578 1720 Cognite,
610 1666 695 1703 res
721 1657 1015 1726 postquam
1039 1642 1388 1726 procubuere
1415 1666 1574 1715 meae;

234 1739 444 1801 Usibus
474 1740 668 1801 edocto
700 1740 746 1800 si
778 1739 1078 1823 quidquam
1110 1739 1286 1801 credis
1316 1740 1524 1812 amico,

317 1834 453 1895 Vive
483 1835 588 1897 tibi
606 1884 621 1911 ‚
650 1851 707 1898 et
734 1835 902 1917 longe
931 1837 1158 1898 nomina
1184 1860 1381 1916 magna
1407 1836 1555 1915 suge.

228 1932 362 1994 Vive
391 1931 524 2006 tibi,
556 1948 932 2017 quantumque
959 1948 1118 2019 potes
1144 1932 1449 2018 praelustria
1475 1932 1586 1994 vita
1612 1958 1625 1993 ε

311 2029 524 2091 Saevum
549 2029 825 2114 praelustri
853 2029 1063 2093 fulmen
1091 2031 1163 2093 ab
1191 2055 1312 2093 arce
1342 2030 1464 2091 veni
1474 2045 1508 2091 t.

231 2124 369 2187 Nam
387 2173 402 2199 ‚
434 2149 762 2211 quamquam
790 2126 896 2189 soli
923 2144 1161 2212 possunt
1191 2128 1457 2213 prodesse
1488 2140 1779 2212 potentes,

310 2225 439 2286 Non
464 2226 644 2310 prosit
665 2226 882 2310 potius,
915 2226 961 2287 si
990 2226 1116 2311 quis
1147 2227 1342 2289 obesse
1369 2241 1570 2310 potest.

233 2317 448 2400 Effugit
474 2321 732 2385 hibernas
761 2322 993 2386 demissa
1023 2339 1260 2385 antenna
1290 2321 1560 2407 procellas
1579 2367 1594 2393 ,

311 2419 557 2502 Lataque
582 2419 710 2503 plus
743 2421 925 2503 parvis
947 2420 1067 2481 vela
1097 2420 1313 2481 timoris
1340 2418 1565 2479 habent.
1965 2450 2012 2478 ιο

235 2513 492 2598 Adspicis
509 2562 524 2589 ‚
549 2531 612 2576 ut
642 2539 852 2577 summa
881 2531 1072 2577 cortex
1100 2515 1235 2576 levis
1263 2516 1475 2576 innatet
1500 2513 1648 2575 unda
1665 2563 1681 2588 ,

314 2611 507 2691 Quum
536 2634 696 2690 grave
724 2635 862 2672 nexa
891 2610 1056 2673 simul
1082 2612 1220 2673 retia
1246 2627 1457 2691 mergat
1486 2634 1645 2673 onuS.

286 2757 325 2800 5.
353 2757 455 2800 Vive
473 2758 563 2799 tibi.
586 2756 756 2800 Tecum
775 2754 932 2801 habita.
945 2755 1075 2799 MRR.

233 2842 286 2853 ·-
317 2822 418 2866 Vive
446 2824 537 2864 tibi.
570 2820 741 2866 Platoni
772 2819 836 2865 es't
867 2825 917 2866 τὰ
948 2826 1079 2866 ἑαυτοῦ

234 2887 432 2946 κρέα-ειη
458 2886 556 2930 vide
580 2886 788 2943 Stephan.
812 2885 1078 2931 Schediasm.

234 2949 305 2993 lib.
327 2950 377 3005 Ι,
405 2966 499 3008 cap.
532 2968 571 2994 ει.
601 2951 794 2995 Jubetur
821 2960 967 2994 autem
1001 2967 1079 2994 sua

234 3015 530 3062 mediocritate
541 3033 630 3061 esse
643 3026 887 3061 contentus.
898 3018 1079 3061 BERSM.

233 3103 287 3113 —-
303 3083 557 3125 Praelustria.
586 3082 796 3126 Praeclara
824 3083 944 3126 atria.
975 3085 1080 3125 Plus

235 3150 405 3188 timorit.
427 3145 648 3202 Maiorem
670 3145 969 3189 formidinem.

291 3228 326 3267 7.
361 3214 468 3253 Nam
485 3244 496 3260 ‚
533 3227 777 3267 quamquam
806 3214 901 3254 soli.
936 3210 1081 3254 Disti-

237 3276 350 3320 chon
364 3275 446 3320 hoc
460 3276 684 3332 nugatoris
700 3275 879 3331 alicujus
895 3284 976 3330 est,
989 3291 1082 3319 non

239 3343 435 3388 Nasonis.
457 3342 684 3400 Superiori
713 3358 840 3385 versu
866 3358 945 3400 pro
962 3359 1082 3398 pre-

239 3411 363 3452 lastn'
377 3424 471 3452 arce
484 3441 495 3461 ,
519 3416 686 3451 veteres
712 3407 870 3462 majori
887 3424 938 3453 ex
958 3417 1079 3465 parte

1154 2759 1250 2811 ιζῃιι·
1270 2770 1283 2798 .·
1302 2753 1366 2797 nil
1385 2763 1535 2806 muta;
1557 2754 1630 2798 lib.
1650 2754 1696 2806 1,
1723 2751 1841 2810 Eleg.
1866 2766 1909 2808 1,
1933 2769 2009 2811 72:

1158 2837 1182 2858 κ
1202 2819 1336 2863 Venit
1365 2820 1413 2862 in
1444 2819 1527 2863 hoc
1552 2818 1624 2862 illa
1651 2816 1820 2861 fulmen
1841 2818 1894 2862 ab
1914 2834 2011 2861 arce

1160 2893 1301 2941 caput.
1322 2903 1345 2923 »ι
1371 2885 1431 2928 Η.

1218 2967 1234 2992 1
1247 2966 1279 2992 1.
1293 2951 1499 3005 Adspicit
1508 2983 1520 3001 ‚
1535 2956 1584 2992 ut
1592 2965 1767 2992 sumna.
1780 2948 1906 2992 Levis
1917 2963 2012 2991 cor-

1160 3024 1230 3058 tex
1242 3014 1350 3058 solet
1364 3014 1411 3057 in
1424 3029 1597 3058 summa
1611 3030 1721 3071 aqua
1733 3023 1883 3056 natare
1893 3046 1904 3064 ‚
1929 3029 2012 3057 nec

1160 3081 1299 3138 mergi
1317 3096 1328 3123 ε
1343 3076 1515 3123 afr-etia
1533 3095 1693 3136 magno
1711 3079 1878 3135 plumbi
1900 3094 2011 3135 pon-

1162 3146 1265 3189 dere
1283 3145 1420 3202 mergi
1439 3146 1596 3189 soient.
1617 3145 1705 3188 Per
1725 3148 1915 3187 corticem
1931 3159 2013 3187 au—

1162 3220 1251 3256 tem
1268 3209 1433 3265 levem,
1455 3220 1499 3254 et
1519 3211 1720 3254 homines
1734 3218 1910 3260 tenues3
1934 3225 2013 3266 per

1153 3279 1368 3331 plumbum
1396 3290 1502 3317 vero
1520 3307 1533 3329 ,
1563 3282 1764 3331 potentes
1791 3273 2011 3331 designat:

1163 3344 1252 3398 qui,
1265 3342 1766 3399 utplumbum‚graviore
1776 3357 1875 3385 casu
1886 3341 2014 3384 clien-

1165 3417 1228 3454 tes
1250 3409 1488 3465 praecipites
1510 3407 1691 3452 trahunt
1710 3423 1797 3464 quo
1816 3406 1982 3450 volunt.
