2280 3776
1768 291 2001 310 mm

362 459 806 550 PUBLII
880 456 1292 546 ovum
1352 451 1894 541 NASONIS

714 665 1507 780 TRISTIUM

636 906 984 978 LIBER
1049 901 1614 992 QUARTUS.

247 302 354 322 m

719 1268 1110 1341 ELEGIA
1173 1268 1527 1340 PRIMA.

786 1554 1462 1614 ARGUMENTUM.

256 1696 532 1743 Excusandos
553 1712 642 1741 esse
665 1696 767 1741 dicit
787 1706 913 1755 poeta
936 1713 1035 1740 suos
1055 1687 1242 1750 libellos,
1263 1696 1296 1739 si
1315 1694 1417 1751 quid
1441 1693 1574 1737 fuerit
1599 1693 1644 1736 in
1673 1693 1738 1736 his
1766 1692 2013 1749 reprehen-

307 1770 503 1813 dendum
519 1802 531 1824 ,
556 1769 776 1826 siquidem
794 1769 909 1812 exsul
934 1768 1022 1812 haec
1043 1768 1255 1812 scribebat
1275 1800 1286 1820 ,
1314 1782 1402 1810 non
1423 1765 1567 1824 gloriae
1586 1764 1817 1821 cupiditate
1841 1797 1852 1817 ‚
1877 1763 1951 1807 sed
1972 1773 2019 1806 ut

307 1841 506 1898 requiem
522 1849 692 1898 peteret
709 1874 720 1896 ,
745 1849 789 1884 et
807 1840 1004 1883 dolorem
1025 1839 1155 1884 exsilii
1174 1838 1437 1883 carminibus
1450 1836 1758 1883 consolaretur.
1777 1836 2020 1880 Enumerat

306 1919 527 1968 postremo
549 1911 660 1955 mala
676 1943 688 1965 ,
709 1926 803 1968 quae
827 1909 988 1967 patitur
1007 1910 1051 1953 in
1073 1908 1262 1969 Scythia.

257 2057 346 2145 Sl
379 2107 486 2168 qua
511 2084 644 2145 meis
675 2083 905 2156 fuerint,
935 2097 999 2143 ut
1026 2098 1213 2154 erunt,
1245 2082 1440 2143 vitiosa
1471 2080 1703 2154 libellis,

332 2182 602 2243 Excusata
633 2205 734 2243 suo
766 2196 1006 2265 tempore
1026 2228 1041 2253 ,
1069 2180 1269 2251 lector,
1299 2179 1480 2239 habe:

257 2277 427 2338 Exsul
456 2301 599 2339 eram
621 2324 635 2351 ‚
664 2279 992 2361 requiesque
1016 2278 1150 2338 mihi
1173 2324 1187 2350 ,
1217 2300 1331 2336 non
1359 2276 1499 2336 fama
1526 2275 1694 2357 petita
1721 2289 1837 2347 est;

340 2373 501 2435 Mens
527 2375 733 2435 intenta
763 2375 877 2435 suis
905 2397 973 2434 ne
1003 2375 1146 2434 foret
1170 2396 1344 2455 usque
1366 2371 1539 2434 malis.

260 2472 386 2531 Hoc
416 2471 528 2544 est,
559 2494 657 2531 cur
683 2486 864 2532 cantet
893 2470 1106 2531 vinctus
1136 2493 1356 2553 quoque
1387 2467 1644 2551 compede
1672 2467 1882 2539 fossor,
1997 2484 2023 2526 5

344 2566 580 2628 Indocili
609 2591 837 2629 numero
869 2591 1037 2650 quum
1069 2590 1227 2646 grave
1257 2565 1435 2627 mollit
1463 2589 1603 2649 opus
1627 2590 1641 2626 ε

263 2665 461 2725 Cantet
484 2678 572 2736 et,
599 2663 843 2725 innitens
872 2663 1079 2725 limosae
1110 2688 1322 2747 pronus
1349 2688 1547 2737 arenae,

342 2759 590 2822 Adverso
618 2761 827 2821 tardam
858 2761 954 2843 qui
982 2761 1151 2821 trahit
1179 2785 1335 2822 amne
1363 2777 1534 2823 ratem
1558 2786 1571 2820 τ

267 2856 489 2940 Quique
511 2857 689 2918 feren-s
719 2857 920 2939 pariter
945 2857 1124 2918 lentos
1157 2858 1225 2917 ad
1254 2874 1473 2941 pectora
1499 2883 1708 2931 remos,

345 2954 413 3014 In
439 2978 726 3022 numerum
752 2955 911 3038 pulsa
931 2956 1157 3016 brachia
1182 2971 1359 3016 versat
1386 2981 1543 3039 aqua.
1974 2986 2024 3014 ιο

269 3048 466 3108 Fessus
494 3065 558 3110 ut
581 3050 834 3112 incubuit
859 3051 1055 3112 baculo
1076 3099 1091 3123 ‚
1125 3074 1318 3111 saxove
1345 3051 1547 3112 resedit

348 3145 568 3219 Pastor,
595 3146 892 3209 arundineo
923 3147 1155 3209 carmine
1181 3146 1380 3208 mulcet
1413 3171 1554 3208 oves,

329 3312 363 3350 7.
396 3296 560 3339 Cantat.
592 3298 745 3339 cantet
775 3312 874 3339 cum
906 3297 1102 3355 scriptis:
1186 3298 1845 3357 res.C.—Vchilscriptiquidam
1859 3299 2027 3342 etecliti.

273 3361 557 3417 praecedentia
575 3362 616 3405 id
640 3364 827 3419 exigunt.
848 3364 906 3408 H.
1248 3382 1311 3407 ιιι.
1341 3364 1586 3409 Arundineo
1620 3369 1811 3408 carmine.
1853 3363 2025 3407 Fistula:

328 3427 365 3470 8.
393 3428 479 3481 Qui
491 3429 630 3471 trahit.
649 3428 784 3472 Recte
803 3429 860 3472 ita
875 3427 971 3474 libri
987 3438 1109 3475 vete·
1190 3436 1334 3473 cantu.
