2280 3776
411 339 870 397 TRISTIUM
904 341 1069 395 LIB.
1117 340 1231 395 IV.
1273 340 1520 396 ELEG.
1566 340 1767 396 VIII.
1868 345 1965 419 187

290 453 387 515 Me
418 467 638 539 quoque
666 455 857 517 donari
880 455 986 537 jam
1011 454 1175 528 rude,
1208 471 1420 540 tempus
1452 471 1598 520 erat:

211 550 453 633 Tempus
483 567 623 625 erat,
652 575 750 612 nec
779 576 864 613 me
891 552 1237 638 peregrinum
1267 554 1459 615 ducere
1487 552 1701 626 caelum,
1920 571 1971 612 25

293 647 405 708 Nec
436 648 628 712 siccam
662 649 852 711 Getico
880 651 1031 711 sonte
1062 649 1236 711 levare
1264 651 1409 712 sitim
1436 678 1447 711 ε

213 741 319 803 Sed
347 744 537 816 modo,
567 769 707 828 quos
735 746 940 819 habui,
972 771 1200 809 vacuum
1225 747 1470 809 secedere
1495 749 1552 808 in
1578 748 1801 820 hortos;

291 840 451 900 Nunc
478 840 765 903 hominum
792 843 910 905 visu
938 868 1127 907 rursus
1155 860 1209 906 et
1234 846 1371 918 ¹urbe
1402 847 1527 906 frui.

212 934 300 995 Sic
322 983 335 1007 ‚
365 935 544 996 animo
574 937 847 1020 quondam
877 965 990 1001 non
1020 941 1295 1003 divinante
1319 942 1532 1015 futura,

294 1031 571 1114 Optabam
602 1033 811 1118 placide
842 1037 1015 1098 vivere
1042 1062 1206 1122 posse
1237 1062 1414 1100 senex.
1924 1058 1978 1099 30

209 1126 342 1187 Fata
364 1145 742 1210 repugnarunt
765 1156 777 1191 :
806 1155 955 1214 quae,
983 1157 1151 1216 quum
1174 1133 1310 1193 mihi
1342 1148 1587 1218 tempora
1616 1134 1791 1217 prima

292 1221 490 1283 Mollia
520 1225 878 1308 praebuerint,
909 1227 1213 1310 posteriora
1238 1243 1477 1307 gravant.

209 1321 472 1404 Jamque,
503 1321 686 1384 decem
714 1323 902 1386 lustris
931 1325 1081 1386 omni
1112 1327 1226 1387 sine
1261 1325 1383 1387 labe
1415 1328 1682 1410 peractiS,

291 1416 453 1477 Parte
479 1441 699 1501 premor
723 1418 845 1481 vitae
877 1420 1144 1483 deteriore
1173 1445 1336 1483 meae:

211 1511 324 1571 Nec
353 1513 548 1596 procul
576 1539 605 1575 a
631 1516 822 1588 metiS‚
857 1541 991 1601 quas
1022 1542 1171 1602 paene
1201 1534 1381 1580 tenere
1408 1518 1656 1590 videbar,
1929 1533 1981 1578 35

295 1609 586 1671 Curriculo
618 1612 794 1691 gravis
823 1628 903 1675 est
932 1614 1069 1677 facta
1098 1616 1257 1676 ruina
1285 1640 1426 1677 meo.

212 1704 363 1784 Ergo
395 1705 549 1767 illum
581 1708 801 1770 demens
831 1709 888 1770 in
917 1734 1002 1772 me
1034 1712 1217 1772 saevire
1249 1712 1438 1790 coegi,

296 1803 495 1865 Mitius
521 1805 819 1867 immensus
847 1831 958 1891 quo
986 1807 1124 1868 nihil
1154 1809 1306 1871 orbis
1333 1810 1543 1870 habet?

210 1901 447 1984 Ipsaque
473 1901 682 1963 delictis
712 1904 851 1965 victa
881 1919 964 1966 est
993 1905 1277 1967 clementia
1304 1907 1539 1979 nostris3

290 1999 405 2059 Nec
433 2012 610 2061 tamen
642 2002 815 2061 errori
846 2002 956 2062 vita
985 2018 1176 2080 negata
1206 2026 1328 2063 meo
1353 2005 1376 2063 ?
1931 2016 1984 2072 40

210 2092 338 2155 Vita
365 2094 558 2178 procul
585 2096 759 2180 patria
786 2100 1091 2183 peragenda
1123 2101 1227 2161 sub
1256 2123 1352 2161 axe
1378 2102 1561 2162 Boreo
1580 2147 1595 2172 ‚

274 2186 419 2267 ⁴*Qua
448 2190 611 2251 maris
640 2191 841 2253 Euxini
873 2208 1013 2255 terra
1044 2195 1263 2257 sinistra
1287 2196 1442 2277 jacet.

211 2285 342 2346 Haec
366 2286 498 2347 mihi
525 2289 572 2349 si
596 2289 833 2373 Delphi,
867 2292 1216 2376 Dodonaque
1247 2294 1450 2355 diceret
1477 2294 1627 2377 ipsa,

295 2384 428 2443 Esse
458 2384 769 2447 viderentur
793 2412 964 2449 vanus
990 2403 1222 2472 uterque
1246 2387 1418 2449 locus.

213 2476 306 2536 Nil
336 2477 470 2539 adeo
498 2478 736 2539 validum
763 2497 872 2551 est,
902 2482 1119 2542 adamas
1146 2483 1275 2543 licet
1303 2483 1507 2562 adliget
1530 2483 1668 2544 illud
1692 2530 1707 2554 ‚
1932 2498 1987 2554 45

298 2574 375 2632 Ut
401 2589 616 2635 maneat
642 2576 836 2658 rapido
868 2576 1080 2637 firmius
1110 2577 1238 2655 igne
1260 2577 1430 2637 Jovis.
1496 2636 1499 2638 ,

213 2737 371 2782 milites
386 2738 601 2784 faciebant
618 2772 629 2793 ,
651 2739 725 2784 sed
747 2740 878 2784 etiam
899 2740 1063 2798 gladia·

214 2811 343 2847 tores.
365 2803 516 2860 Quem
537 2821 708 2847 morem
733 2805 928 2862 designat
953 2807 1060 2848 Ho-

214 2869 347 2914 ratius
364 2869 409 2912 in
430 2869 498 2915 lib.
521 2872 566 2925 I,
593 2870 725 2927 Epist.
744 2882 762 2912 1
777 2903 788 2924 ,
814 2874 837 2914 5
855 2888 865 2914 2
885 2890 906 2908 «
925 2873 1062 2927 Veja-

215 2932 330 2987 nius,
346 2934 474 2980 armis
484 2935 688 2979 Herculis
699 2935 749 2978 ad
767 2944 938 2992 postem
951 2936 1059 2991 fixis,

216 2996 320 3040 latet
339 2995 507 3043 abditus
529 3016 645 3059 agro.
662 3018 684 3038 ³»

273 3078 322 3117 27
328 3094 338 3104 .
357 3064 402 3106 V
393 3079 520 3109 acuas
530 3068 717 3109 secedere
726 3068 771 3108 1¹11
781 3069 933 3110 hortos.
945 3067 1060 3124 Lege

216 3143 393 3171 vacuum
407 3161 418 3176 ,
445 3127 528 3172 hoc
548 3139 613 3173 est
632 3131 846 3184 otiosum;
869 3132 966 3177 vide
987 3149 1061 3176 su-

217 3206 294 3246 pra
310 3223 322 3244 ,
343 3189 464 3248 Eleg.
484 3205 565 3246 111⁴,
585 3210 645 3236 vs.
669 3211 731 3250 77.
754 3196 814 3239 H.

272 3256 338 3298 33.
366 3256 519 3299 Decem
546 3260 703 3301 lustris.
733 3259 1062 3317 Quinquaginta

215 3322 356 3365 annis.
377 3325 571 3367 lustrum
586 3333 730 3368 autem
748 3334 917 3382 tempus
932 3328 1061 3383 quin-

221 3386 452 3442 quennale.

273 3451 339 3506 34.
352 3455 475 3496 Parte
477 3469 640 3508 premor
649 3458 742 3498 viloe
753 3457 947 3498 deteriore
952 3471 1060 3500 mee.

1142 2741 1268 2785 AEtas
1279 2741 1398 2784 enim
1420 2749 1518 2797 post
1535 2755 1701 2784 annum
1717 2739 1989 2798 quinquage-

1142 2807 1300 2850 simum
1323 2806 1430 2850 solet
1453 2823 1542 2850 esse
1565 2805 1770 2849 deterior.

1197 2873 1264 2925 4¹·
1289 2872 1531 2927 Peragenda
1554 2875 1631 2914 sub
1656 2888 1739 2915 ate
1756 2873 1893 2915 Bono
1911 2878 1987 2914 est.

1144 2935 1268 2978 Tolle
1285 2951 1386 2981 cum
1408 2936 1658 2980 melioribus
1677 2936 1846 2992 scriptis
1858 2939 1899 2981 το·
1912 2944 1993 2979 est.

1195 3002 1261 3056 43.
1276 3003 1378 3044 Hoec
1386 3004 1543 3046 mihiu'
1547 3004 1747 3057 Delphos.
1762 3002 1875 3058 Lege
1886 3003 1991 3044 Del-

1134 3069 1217 3129 phi
1232 3082 1333 3110 cum
1350 3083 1416 3122 pr.
1436 3067 1564 3112 Polit.
1583 3065 1807 3123 quomodo
1822 3075 1867 3108 et
1882 3066 1991 3110 Sca-

1142 3130 1250 3188 liger
1264 3131 1308 3173 in
1326 3147 1402 3173 ora
1418 3131 1576 3175 codicis
1593 3131 1660 3176 sui
1676 3149 1687 3183 ;
1710 3131 1903 3187 quinque
1916 3130 1987 3173 alii

1142 3199 1486 3252 Delpbis.—Hoc
1503 3196 1634 3240 etiam
1650 3196 1864 3240 meliores.
1886 3197 1947 3240 H.

1196 3265 1259 3317 44.
1275 3265 1383 3305 Esse
1396 3265 1608 3305 mactetur.
1630 3265 1874 3309 Viamata:
1881 3262 1990 3307 Got-

1142 3327 1280 3385 torph.
1297 3336 1491 3371 venuste.
1518 3328 1577 3371 H.

1195 3395 1260 3447 45.
1288 3394 1368 3436 Nil
1379 3394 1484 3434 adeo
1510 3395 1707 3437 walthun.
1725 3392 1989 3449 Suspectum

1141 3455 1354 3501 distichon
1367 3488 1380 3511 ,
1403 3464 1447 3499 et
1467 3456 1579 3500 male
1601 3457 1822 3501 cohaerens
1837 3456 1941 3501 aliis.
