2268 3848
457 322 904 382 TRISTIUM
953 323 1122 378 LIB.
1175 323 1263 377 11.
1317 322 1439 378 EL.
1491 322 1786 379 UNICA.
1918 342 1982 397 9¹

237 442 461 524 Quique
495 441 583 502 alii
611 441 764 503 lusus
782 487 796 514 ,
830 463 1009 523 neque
1037 439 1182 501 enim
1211 463 1359 500 nnnc
1378 462 1675 524 persequar
1698 461 1912 510 omnes,

314 538 573 610 Perdere,
605 561 715 599 rem
745 559 948 609 caram,
981 550 1227 620 tempora
1254 552 1443 598 nostra
1471 536 1664 598 solent.

236 638 376 697 Ecce
403 635 546 696 canit
572 633 772 698 formas
800 632 970 705 alius,
1000 633 1280 716 iactusque
1312 633 1578 716 pilarum3

1912 647 1995 705 48⁵

318 732 424 792 Hic
446 746 614 792 artem
639 729 807 790 nandi
839 729 1112 814 praecipit,
1141 728 1232 790 ille
1262 729 1475 789 trochi:

241 828 558 912 Composita
589 841 671 888 est
700 825 819 887 aliis
846 825 1067 888 fucandi
1096 849 1223 887 cura
1253 825 1482 900 coloris;

319 926 426 986 Hic
456 924 630 1008 epulis
656 923 802 1003 leges
829 923 1185 1007 hospitioque
1206 923 1386 983 dedit:

237 1020 394 1082 Alter
416 1022 639 1081 humum
661 1068 675 1093 ,
703 1020 769 1081 de
799 1044 904 1103 qua
933 1020 1210 1099 fingantur
1232 1018 1431 1103 pocula
1449 1065 1464 1091 ,
1498 1032 1796 1092 monstrat,

319 1118 567 1200 Quaeque
597 1117 758 1177 docet
786 1115 999 1199 liquido
1029 1130 1166 1177 testa
1193 1116 1265 1178 sit
1290 1130 1417 1199 apta
1447 1138 1613 1176 mero.

1920 1130 2001 1189 49⁰

238 1210 391 1272 Talia
419 1212 622 1274 fumosi
653 1212 920 1274 luduntur
943 1236 1127 1274 mense
1156 1211 1488 1284 decembris,

290 1372 383 1427 485.
403 1373 516 1416 Ecce
541 1376 658 1416 canit
667 1371 846 1428 formos.
874 1372 1075 1417 Docuere

236 1435 303 1479 alii
322 1435 452 1480 etiam
465 1435 628 1480 formas
643 1445 686 1480 et
702 1454 861 1493 genera
874 1435 1075 1494 pilarum,

237 1508 333 1555 quoe
345 1508 538 1557 ¹quatuor
551 1499 688 1543 fuere.
714 1500 819 1543 Erat
840 1500 924 1557 pila
938 1500 1080 1556 trigo-

237 1564 344 1609 nalis
370 1565 568 1609 omnium
598 1565 779 1608 minima
795 1597 808 1620 ‚
831 1564 940 1608 dura
955 1596 968 1619 ,
994 1564 1080 1622 pilo

237 1630 376 1687 plena.
403 1629 531 1675 Dicta
551 1647 574 1674 a
595 1631 788 1688 Trigone
809 1663 820 1685 ‚
858 1630 932 1687 qui
962 1629 1080 1674 locus

232 1704 331 1740 >erat
349 1695 394 1739 in
417 1695 622 1751 thermis,
651 1695 861 1753 triquetra
881 1728 892 1751 ,
917 1694 964 1739 id
984 1703 1048 1739 est
1063 1727 1077 1750 ,

236 1759 488 1818 triangulari
508 1760 645 1819 figura
662 1793 673 1816 ,
703 1777 833 1818 quam
856 1760 981 1819 graeci
1000 1767 1082 1823 rpi-

236 1846 352 1884 γωνον
376 1836 558 1879 vocant;
586 1827 677 1872 haec
705 1827 969 1872 reddebatur
991 1838 1080 1874 tam

238 1890 412 1946 dextra,
446 1907 578 1949 quam
601 1892 770 1937 sinistra
798 1908 947 1937 manu.
974 1894 1082 1939 Erat

237 1964 446 2014 pra-‚terea
483 1955 567 2014 pila
591 1959 811 2013 Paganica
827 1990 839 2012 ,
872 1973 896 2001 a
927 1959 1043 2016 pagis
1065 1992 1078 2015 ,

236 2019 281 2064 id
301 2029 366 2065 est
381 2052 393 2075 ,
419 2019 526 2065 villis
550 2020 662 2065 dicta
679 2054 691 2076 ,
717 2022 833 2079 quod
846 2023 1007 2081 ‘pagani
1030 2041 1081 2069 ea

236 2093 493 2139 uterentur;
513 2102 563 2129 ea
582 2085 716 2130 laxior
733 2097 825 2131 erat
841 2120 852 2142 ,
875 2097 918 2132 et
934 2090 1081 2147 pluma

234 2149 506 2208 plena.'Erat
523 2159 568 2195 et
588 2151 767 2195 tertium
793 2152 888 2210 pite
913 2170 1048 2211 genus
1065 2188 1079 2210 ,

236 2214 353 2272 quod
377 2230 428 2259 ex
447 2215 557 2274 pelle
583 2214 739 2270 fiebat,
762 2226 805 2261 et
827 2218 978 2275 spiritu
1003 2220 1081 2263 in—

234 2279 420 2325 flabatur
433 2312 446 2336 ,
463 2294 609 2339 pugno
623 2281 747 2326 reddi
762 2282 937 2327 solitum
950 2317 963 2339 ,
987 2300 1079 2328 non

233 2344 400 2402 palma,
422 2353 472 2389 ut
491 2345 667 2402 reliqua
686 2346 795 2403 pile.
823 2346 929 2392 Erat
959 2364 1079 2405 pre—

236 2417 355 2453 terea
389 2417 594 2466 quartum
631 2410 725 2467 pilae
758 2427 894 2469 genus
914 2444 927 2467 ,
961 2413 1079 2470 quod

237 2476 493 2530 Harpastum
507 2474 800 2530 adpellabatur
810 2508 822 2530 ,
833 2476 924 2520 sive
937 2481 1080 2521 Phen-

235 2540 350 2582 m'da.
373 2537 524 2582 Fiebat
541 2555 566 2583 e
585 2554 758 2596 panno;
781 2539 1011 2597 aliquando
1027 2558 1080 2585 ex

235 2602 346 2661 pelle
360 2635 372 2657 ,
394 2602 492 2646 lana
504 2635 516 2658 ‚
535 2612 786 2649 tomentove
803 2605 1078 2662 implebatur;

235 2667 496 2713 laboriosum
511 2677 604 2713 erat
615 2668 695 2713 hoc
707 2669 797 2714 ludi
807 2686 941 2726 genus
952 2689 962 2724 ;
980 2671 1078 2714 vide.

235 2731 484 2778 Mercurial.
503 2732 550 2776 in
566 2742 657 2777 arte
669 2733 896 2794 Gymnast.
917 2736 987 2779 lib.
1002 2737 1048 2780 11
1063 2769 1076 2792 ,

234 2813 325 2856 cap.
337 2800 377 2842 5.
399 2798 767 2851 Mune-Formas,
774 2801 998 2858 factusque
1007 2807 1081 2858 pi-

233 2864 367 2905 Imn
385 2871 466 2906 etc.
489 2862 557 2906 De
579 2863 674 2920 pilis
688 2896 700 2917 ,
721 2872 771 2907 et
785 2881 937 2908 earum
959 2866 1078 2909 vario

235 2924 357 2981 lusu,
381 2927 605 2972 Pollucem
629 2928 752 2984 ride,
770 2929 842 2973 lib.
865 2931 944 2973 IX.
964 2931 1079 2975 Mtc.

289 2990 383 3045 485.
401 2993 490 3035 Hic
505 3002 638 3037 artem
661 2998 804 3038 nandi.
827 2995 980 3051 Quum
1008 2996 1080 3039 in-

235 3063 304 3099 ter
315 3054 538 3102 honestiss.
556 3067 600 3102 et
617 3060 764 3104 utiliss.
783 3070 896 3104 artes
916 3062 1079 3105 natatio

235 3119 350 3177 apud
379 3121 601 3167 Romanos
634 3123 868 3169 haberetur
885 3159 896 3180 ,
929 3126 1079 3170 mirari

236 3185 332 3241 jure
355 3184 448 3241 quis
469 3187 599 3242 possit
619 3203 698 3231 cur
717 3189 756 3232 ei
779 3189 848 3233 bic
871 3191 984 3235 Naso
1001 3191 1079 3234 lo-

234 3265 336 3294 cum
355 3249 430 3294 dat
449 3250 564 3294 inter
583 3261 717 3307 artes,
744 3253 779 3296 si
800 3269 891 3297 non
914 3254 1079 3300 illicitas

236 3325 281 3360 et
298 3324 445 3373 turpes
459 3349 471 3369 ,
494 3317 644 3361 saltem
664 3319 837 3363 inutiles
857 3329 902 3364 et
921 3337 1076 3377 parum

237 3380 387 3439 dignas
421 3382 622 3425 Romano
651 3383 744 3426 viro
764 3416 776 3439 ,
810 3401 947 3441 quum
968 3385 1079 3429 nibil

237 3445 413 3501 ludicri,
433 3455 506 3491 aut
527 3446 630 3492 levis
649 3447 782 3492 etiam
809 3449 871 3494 illi
893 3449 1006 3496 insit.
1020 3450 1075 3495 In

1158 1371 1261 1416 edit.
1283 1371 1525 1427 Hamburg.
1553 1377 1647 1413 erat
1674 1370 1818 1414 Artem
1844 1370 1913 1412 bic
1939 1386 2003 1411 ve-

1140 1438 1319 1486 *nanda
1344 1435 1499 1490 majori
1527 1434 1667 1491 specie
1683 1466 1694 1488 ,
1720 1449 1855 1490 quum
1879 1432 2004 1474 multi

1161 1499 1272 1558 apud
1287 1501 1415 1544 Rom.
1430 1507 1637 1544 venatum
1651 1497 1919 1542 crediderint
1933 1498 2005 1540 in-

1162 1565 1312 1621 genuis
1331 1563 1579 1608 hominibus
1594 1563 1821 1621 indignum
1838 1595 1850 1616 ,
1874 1570 1918 1606 et
1936 1562 2008 1603 in-

1161 1637 1229 1672 ter
1248 1628 1414 1672 servilia
1445 1626 1588 1671 officia
1617 1627 1846 1670 retulerint
1869 1644 1879 1679 ;
1907 1624 2005 1669 vide

1160 1692 1262 1738 Sall.
1286 1692 1460 1737 Catilin.
1493 1707 1584 1749 cap.
1606 1705 1667 1735 tv.
1689 1692 1852 1736 Buta.

1205 1760 1282 1816 487
1288 1790 1297 1800 .
1307 1761 1632 1812 Fuscayzdicura
1642 1761 1805 1803 coloris.
1816 1760 2014 1804 Facundi

1159 1840 1209 1868 ex
1227 1825 1375 1868 tribus.
1401 1825 1460 1868 H.

1207 1891 1300 1945 488.
1330 1893 1418 1935 Hic
1434 1894 1571 1946 epulis
1597 1894 1721 1948 leffes.
1744 1892 1869 1935 Inter
1897 1905 2006 1948 quos

1159 1956 1291 1999 etiam
1314 1955 1502 2012 Apicius.

1209 2022 1301 2081 489.
1315 2021 1381 2064 De
1391 2023 1863 2078 quafinganturpocula.
1877 2021 2007 2078 Apud

1162 2085 1385 2129 Romanos
1405 2084 1508 2129 olim
1527 2102 1580 2129 eo
1597 2086 1794 2143 pervenit
1814 2086 1979 2129 luxuria
1994 2118 2006 2140 ‚

1158 2159 1208 2195 ut
1221 2150 1365 2195 fictilia
1380 2167 1477 2195 vasa
1492 2160 1634 2195 essent
1650 2152 1694 2195 in
1706 2150 1897 2194 maximo
1909 2166 2009 2207 pre-

1160 2216 1232 2260 tio.
1254 2216 1400 2259 Samia
1430 2216 1617 2260 maxime
1647 2215 1934 2259 laudabantur
1961 2215 2006 2257 in

1157 2281 1399 2325 esculentis.
1423 2281 1567 2324 Immo
1587 2296 1641 2324 eo
1662 2279 1863 2337 pervenit
1881 2279 2007 2323 luxu-

1158 2345 1221 2388 ria
1236 2378 1247 2399 ,
1276 2354 1325 2388 ut
1346 2344 1478 2388 etiam
1503 2344 1647 2388 fictilia
1673 2344 1807 2400 pluris
1833 2353 2007 2388 consta-

1157 2416 1258 2451 rent
1278 2424 1409 2464 quam
1429 2408 1671 2451 mur-rhina.
1955 2405 1960 2410 ’

1213 2475 1306 2533 49¹·
1328 2475 1454 2516 Talea
1465 2477 1672 2517 luduntur.
1681 2474 1804 2518 Talia
1821 2490 1919 2518 vasa
1932 2491 2004 2518 ce-

1156 2538 1383 2582 lebrantur
1394 2554 1418 2582 a
1431 2539 1585 2595 poetis,
1594 2538 1914 2593 Saturnalibus,
1932 2540 2006 2583 de·

1157 2604 1321 2649 cembri
1339 2620 1504 2648 mense.
1522 2629 1579 2639 —-
1593 2607 1772 2650 Fumoso
1789 2608 2003 2649 decembri.

1159 2668 1211 2713 Id
1233 2677 1321 2724 est,
1339 2669 1644 2714 Saturnalibus
1659 2704 1672 2726 ,
1694 2686 1790 2728 quae
1810 2670 2005 2714 celebra—

1158 2733 1318 2777 bantur
1337 2733 1558 2778 decembri
1580 2750 1744 2778 mense.
1771 2758 1827 2767 —
1844 2737 2006 2777 Fumo-

1156 2814 1246 2842 sum
1266 2808 1445 2856 propter
1463 2801 1610 2858 ignem
1625 2833 1639 2856 ,
1671 2802 1745 2858 qui
1773 2817 1827 2845 eo
1850 2817 2002 2844 mense

1158 2864 1343 2907 maxime
1364 2864 1460 2908 fieri
1482 2866 1590 2909 solet
1614 2865 1667 2908 ad
1691 2865 1827 2923 frigus
1852 2865 2004 2909 dissol—

1157 2930 1364 2975 vendum.
1374 2930 1561 2974 Mna.—
1570 2934 1694 2976 Talia
1705 2933 1999 2976 IuduntnnTa-

1157 2995 1211 3039 lia
1226 2997 1418 3055 intellige
1435 2999 1628 3043 carmina
1640 3032 1652 3054 ,
1673 2999 1761 3043 sive
1773 3006 1973 3055 poemata
1987 3031 2000 3052 ,

1158 3072 1207 3106 ut
1220 3063 1273 3107 sit
1286 3062 1450 3123 dictum
1465 3081 1479 3108 ι
1491 3065 1614 3109 Talia
1632 3081 1711 3123 per
1726 3065 1870 3108 lusum
1886 3080 2003 3109 com-

1158 3136 1383 3183 ponuntur
1395 3145 1448 3173 eo
1460 3146 1611 3175 mense
1624 3164 1636 3185 ,
1657 3129 1834 3188 quando
1846 3130 2004 3175 Satur-

1158 3193 1270 3236 nalia
1288 3202 1492 3250 aguntur,
1502 3195 1657 3252 quibus
1669 3194 1820 3238 diebus
1830 3210 2002 3239 summa

1158 3272 1307 3302 rerum
1326 3256 1497 3302 licentia
1516 3268 1591 3303 est.
1614 3259 1728 3304 Mle.
1749 3283 1803 3296 —·
1823 3261 2002 3304 Fumoso

1156 3338 1295 3365 mense
1313 3324 1528 3367 decembri.
1542 3324 1647 3368 Duo
1665 3327 1903 3370 decembris.
1922 3326 2002 3368 Le—

1159 3403 1209 3445 ge
1229 3385 1398 3442 fumosi
1410 3391 1632 3433 decembris
1649 3405 1751 3434 cum
1772 3389 1998 3434 Barberin.

1158 3460 1207 3495 ut
1226 3451 1407 3507 monui,
1430 3452 1503 3497 lib.
1521 3455 1592 3510 11,
1617 3454 1684 3499 El.
1700 3469 1755 3512 x,
1776 3456 1814 3499 3.
1838 3455 1897 3498 H.
