2280 3776
226 356 335 431 376

677 357 742 407 P.
795 353 1088 408 OVIDII
1137 352 1521 409 NASONIS

312 471 420 531 Sed
451 472 523 530 sit
549 483 614 528 ut
644 469 842 528 iratum
860 515 874 539 ‚
906 492 1069 551 quam
1099 469 1206 530 fuit
1233 484 1356 529 ante
1375 516 1390 541 ‚
1416 469 1616 530 minus.

234 568 421 629 Gratia
448 567 491 628 si
518 565 668 626 nulla
700 581 805 637 est,
838 566 1084 649 lacrymae
1114 567 1217 626 tibi
1248 566 1419 642 gratia
1449 565 1578 625 fient
1603 590 1616 626 :

313 666 433 723 Hac
462 677 646 744 potes,
678 677 774 721 aut
799 662 980 733 nulla,
1010 677 1164 744 parte
1194 687 1412 723 movere
1443 664 1608 722 Deos

1923 692 1998 722 100

230 763 369 841 Quae
399 761 503 821 tibi
534 785 601 820 ne
633 759 836 831 desint,
866 759 1004 820 bene
1034 784 1132 842 per
1161 759 1301 820 mala
1329 775 1516 821 nostra
1545 774 1794 832 cavetur3

309 859 513 940 Meque
544 857 660 916 viro
691 857 858 917 flendi
885 857 1039 938 copia
1071 856 1219 916 dives
1246 854 1412 916 adest.
1520 856 1525 859 ’

229 959 418 1036 thue
449 978 580 1013 meae
605 978 691 1014 res
723 969 885 1025 sunt,
918 953 1097 1024 omni,
1127 969 1294 1034 pute,
1326 968 1571 1036 tempore
1602 952 1760 1014 flebis
1786 977 1798 1012 :

309 1056 424 1113 Has
453 1053 676 1112 fortuna
703 1052 808 1111 tibi
835 1066 1023 1111 nostra
1047 1050 1322 1111 ministrat
1351 1073 1501 1135 opes.

226 1152 282 1212 Si
313 1174 432 1212 mea
460 1174 607 1210 mors
636 1149 952 1210 redimenda
982 1164 1104 1219 tua,
1138 1149 1288 1232 quod
1318 1147 1636 1222 abominor,
1667 1161 1835 1220 esset,

1925 1161 2000 1206 105

309 1246 531 1306 Admeti
560 1246 788 1327 conjux,
822 1268 984 1328 quam
1016 1245 1355 1327 sequereriS‚
1388 1260 1517 1306 erat.

226 1343 449 1406 AEmula
480 1342 786 1426 Penelopes
815 1343 1001 1416 fiereS‚
1033 1343 1079 1403 si
1108 1343 1297 1404 fraude
1328 1343 1531 1425 pudica

307 1442 584 1500 Instantes
613 1437 776 1499 velles
805 1439 991 1499 fallere
1019 1455 1193 1523 nupta
1222 1464 1440 1523 procos.
1553 1519 1557 1522 .

228 1538 289 1597 Si
322 1559 506 1595 comes
537 1535 787 1594 exstincti
818 1559 1002 1593 manes
1035 1559 1322 1616 sequerere
1350 1537 1564 1609 mariti,

311 1638 474 1695 Esset
506 1634 616 1692 dux
644 1631 774 1691 facti
804 1631 1099 1691 Laodamia
1130 1633 1226 1691 tui.

1931 1664 2005 1694 110

226 1730 418 1813 Iphias
445 1743 568 1788 ante
602 1727 793 1788 oculos
823 1727 927 1787 tibi
955 1742 1070 1786 erat
1099 1726 1352 1808 ponenda
1369 1773 1384 1799 ,
1412 1710 1622 1788 <solenti

311 1826 530 1906 Corpus
562 1823 620 1882 in
647 1845 904 1910 accensos
932 1821 1148 1886 mittere
1176 1822 1316 1884 forte
1341 1847 1527 1902 rogos.

187 1945 189 1949 ’
228 1921 324 1982 Nil
356 1945 499 2003 opus
530 1935 613 1980 est
641 1919 778 1992 leto,
805 1918 886 1978 ‘nil
913 1919 1207 1980 Icariotide
1237 1920 1375 1994 tela;

231 2069 378 2104 autem
394 2092 406 2111 ‚
434 2058 536 2115 quid
561 2058 612 2100 ab
637 2073 770 2100 uxore
792 2057 889 2099 fieri
910 2057 1079 2100 debeat.

286 2142 353 2184 99.
372 2127 528 2168 Gratia
532 2126 662 2180 fiant.
681 2123 809 2165 Fient
827 2123 974 2178 scripti
994 2138 1081 2165 me-

231 2190 360 2232 liores
378 2206 386 2231 :
406 2197 449 2231 et
473 2203 572 2229 mox
587 2221 597 2240 ,
621 2188 768 2242 Meque
782 2191 872 2229 viro
892 2203 972 2242 pro
992 2189 1083 2229 De-

232 2273 319 2313 que.
334 2256 392 2298 H.
411 2279 465 2286 —
485 2256 701 2311 Lacrymae
717 2256 800 2294 tibi
810 2255 1081 2310 gratl‘afient.

236 2319 421 2374 Incipias
453 2317 651 2376 lacrymis
690 2315 805 2373 apud
831 2315 1081 2373 imperato—

233 2401 330 2428 rem
351 2401 476 2441 agere
494 2416 505 2437 ,
529 2399 623 2439 quae
644 2391 775 2426 erunt
799 2382 893 2425 loco
914 2382 1081 2438 gratiae:

235 2460 342 2492 tunc
362 2449 482 2491 enim
510 2447 713 2491 flectetur
741 2447 795 2489 ad
824 2445 1080 2490 misericor-

237 2515 376 2568 diam,
396 2523 439 2557 et
456 2529 508 2556 eo
526 2522 651 2569 pacto
666 2513 814 2555 omnia
830 2529 926 2569 quae
939 2513 1078 2568 voles,

238 2580 464 2624 obtinebis.
572 2623 574 2625 ,

299 2663 388 2689 101.
413 2649 513 2700 (lua-
529 2649 670 2689 tibine
681 2648 830 2688 desint.
846 2645 913 2688 Ne
927 2644 1010 2688 illae
1022 2644 1086 2686 la·-

240 2728 400 2771 crymae
424 2711 640 2754 deficiant.
661 2735 716 2743 -·
735 2713 851 2752 Bene
870 2726 951 2765 per
973 2713 1087 2752 mala

239 2786 385 2820 nostra
411 2784 586 2819 cavetur.
611 2775 726 2830 Quae
746 2775 780 2818 si
801 2773 846 2816 in
872 2773 1086 2817 memoria

240 2843 443 2886 habueris
459 2876 470 2896 ,
491 2851 535 2885 et
554 2851 653 2885 ante
671 2841 815 2885 oeulos
827 2875 838 2896 ‚
855 2841 1088 2896 subpetent

243 2908 321 2951 tibi
345 2907 635 2966 lacrymarum
658 2905 856 2948 flumina.

301 2975 392 3017 1'05.
413 2975 514 3015 Mea
551 2988 674 3014 mors.
703 2973 801 3014 Sors
834 2980 920 3014 tres
954 2968 1052 3013 libri
1075 2987 1086 3023 3

242 3040 349 3079 mihi
367 3053 459 3080 sors
487 3053 610 3080 unus.

303 3103 394 3145 106.
416 3103 593 3145 Admeti
603 3103 759 3158 conjux
775 3108 855 3143 etc..
877 3099 1057 3143 Alcestis
1071 3132 1083 3154 ,

245 3169 378 3212 Peliae
397 3170 482 3213 filia
500 3203 510 3223 ,
534 3187 726 3226 uxorque
750 3169 927 3213 Admeti
948 3169 1059 3224 regis
1077 3200 1088 3221 ,

244 3238 304 3279 ita
324 3236 528 3278 maritum
547 3237 728 3292 amavit,
748 3245 794 3279 ut
812 3252 891 3292 pro
909 3251 961 3278 eo
977 3233 1092 3277 mori

245 3318 339 3345 non
369 3300 592 3343 dubitarit.

303 3382 393 3423 107.
416 3368 584 3408 AEmula
601 3368 967 3423 Penelopesfieres.
988 3366 1090 3408 Fie-

243 3448 312 3474 res
330 3431 528 3488 ejusdem
550 3429 613 3473 rei
632 3429 821 3473 studiosa
841 3431 998 3486 „cujus
1012 3429 1094 3472 fuit

245 3497 480 3553 Penelope.
504 3497 737 3540 —Fraude
749 3500 920 3552 pudica.
946 3497 1094 3539 Pene-

1161 2059 1258 2115 lope
1275 2092 1287 2113 ‚
1309 2067 1456 2102 coacta
1468 2058 1614 2101 multis
1633 2057 1772 2115 procis
1792 2074 1889 2101 eam
1910 2075 2008 2102 uxo-

1161 2139 1255 2167 rem
1272 2123 1518 2179 petentibus
1534 2155 1546 2176 ,
1564 2122 1738 2165 absente
1754 2122 1913 2166 marito
1932 2123 2010 2166 ali-

1162 2191 1230 2235 cui
1252 2192 1419 2250 nubere
1437 2225 1448 2246 ,
1467 2206 1512 2234 se
1534 2188 1576 2233 id
1596 2189 1775 2246 quidem
1787 2189 2006 2233 facturam

1163 2258 1355 2313 recepit,
1377 2257 1423 2300 ni
1439 2256 1617 2315 Ulysses
1646 2255 1815 2299 veniret
1840 2264 1934 2298 toto
1954 2271 2008 2298 eo

1163 2331 1363 2379 tempore
1378 2355 1389 2376 ,
1412 2338 1498 2379 quo
1522 2321 1653 2365 telam
1667 2329 1851 2378 coeptam
1868 2319 2013 2363 absol-

1130 2432 1134 2435 ,
1162 2388 1303 2430 visset.
1335 2388 1432 2430 Hac
1461 2395 1609 2430 autem
1636 2396 1727 2430 arte
1752 2402 1825 2429 eos
1857 2385 2010 2429 elusit:

1165 2452 1376 2509 quidquid
1390 2452 1509 2495 enim
1524 2451 1592 2495 die
1606 2461 1699 2495 toto
1712 2449 2006 2505 laboraverat,

1162 2518 1205 2560 id
1227 2528 1354 2562 nocte
1373 2518 1604 2561 retexebat.
1627 2517 1811 2562 Interim
1831 2517 2011 2574 Ulysses

1165 2583 1322 2637 rediit,
1347 2593 1391 2627 et
1418 2583 1639 2640 Penelope
1670 2598 1723 2625 eo
1753 2590 1846 2625 astu
1875 2581 2011 2625 fidem

1165 2649 1326 2692 marito
1346 2648 1530 2692 servavit
1546 2681 1558 2703 ,
1585 2657 1628 2692 et
1647 2645 1794 2694 habita,
1813 2646 1898 2689 fuit
1917 2662 2010 2703 pu-

1167 2713 1392 2758 dicissima.

1228 2781 1316 2822 108.
1334 2781 1548 2821 Instantes
1566 2785 1646 2821 etc.
1662 2777 1823 2819 Procos
1844 2784 1885 2818 te
1908 2790 2011 2818 uxo-

1167 2859 1262 2886 rem
1283 2852 1504 2899 petentes,
1532 2839 1904 2899 quemadmodum
1922 2841 2011 2883 Pe-

1168 2906 1371 2963 nelopen.

1228 2987 1317 3031 ¹⁰9·
1342 2973 1495 3013 Manes
1515 2973 1713 3013 exstincti
1731 2973 1884 3012 mariti.
1910 2968 2014 3012 Ma—

1168 3053 1246 3080 nes
1263 3035 1427 3078 mortui
1450 3035 1687 3079 Protesilai.

1230 3118 1274 3143 11
1286 3117 1318 3144 1.
1339 3102 1487 3156 Iphias
1508 3107 1608 3144 ante
1626 3103 1782 3143 oculos.
1804 3098 1985 3143 Evadne
1998 3131 2012 3153 ,

1171 3167 1307 3224 Iphiae
1320 3165 1422 3220 filia,
1444 3182 1489 3209 se
1509 3166 1556 3209 in
1575 3166 1802 3209 ardentem
1820 3163 2014 3221 Capanei

1170 3236 1313 3279 mariti
1334 3251 1505 3291 rogum,
1521 3235 1576 3278 ob
1590 3235 1778 3277 nimium
1791 3248 1986 3277 amorem
1998 3264 2011 3286 ,

1172 3301 1463 3358 praecipitavit.
1490 3323 1544 3331 -
1576 3301 1676 3342 Tibi
1703 3304 1783 3343 erit
1809 3299 2013 3354 ponenda.

1172 3369 1281 3410 Erat
1300 3366 1457 3409 rectius
1479 3365 1693 3408 nonnulli.
1721 3365 1781 3406 H.

1232 3449 1248 3473 1
1261 3432 1320 3473 ι3.
1340 3433 1478 3473 ,Morte
1496 3432 1606 3472 nibil
1614 3445 1716 3482 opus
1728 3436 1802 3470 est.
1824 3427 1892 3471 Ne
1911 3441 2013 3481 pec-

1173 3503 1297 3539 cetur
1326 3495 1370 3539 in
1406 3494 1520 3550 leges
1552 3493 1712 3547 metri,
1744 3491 1881 3537 scribe
1910 3505 2013 3534 cum
