2280 3776
187 309 193 319 ,
258 295 360 372 174

700 299 764 351 P.
821 299 1125 354 OVIDII
1171 300 1559 357 NASONIS

248 415 401 490 Ergo
426 458 440 485 ,
472 427 535 472 ut
557 413 676 493 jure
706 413 897 473 damus
926 438 1146 496 poenaS,
1177 417 1252 477 sic
1282 418 1461 477 abfuit
1491 441 1650 479 omne

331 510 563 569 Peccato
591 509 803 582 facinus
834 511 1230 596 consiliumque
1257 537 1396 573 meo.

255 606 430 687 quue
453 608 604 666 Deus
633 606 825 677 sentit,
857 631 961 690 pro
989 634 1099 692 quo
1125 633 1224 670 nec
1253 610 1436 672 lumen
1465 611 1741 672 ademtam
1771 627 1885 687 est,
1962 631 2018 689 45

331 704 445 760 Nec
474 701 608 760 mihi
642 701 908 762 detractas
934 705 1182 786 possidet
1210 705 1346 767 alter
1377 730 1523 789 opeS.

250 798 504 856 Forsitan
534 797 673 856 hanc
703 798 906 880 ipsam,
937 801 1080 860 vivat
1109 802 1305 875 modo,
1335 803 1490 863 finiet
1523 802 1651 864 olim
1672 851 1687 877 ,

330 897 601 977 Tempore
630 920 798 978 quum
829 896 994 958 fuerit
1023 898 1200 959 lenior
1228 901 1308 959 ira
1326 948 1340 971 ,
1371 901 1573 981 sugam.

250 993 409 1051 Nunc
439 1006 632 1073 precor
660 993 790 1053 hinc
819 993 927 1055 alio
951 995 1144 1076 jubeat
1175 996 1453 1058 discedere
1473 1045 1487 1070 ,
1521 999 1568 1059 si
1593 1023 1710 1060 non

329 1091 533 1150 Nostra
558 1086 863 1150 verecundo
891 1107 1015 1152 vota
1045 1092 1256 1175 pudore
1284 1109 1483 1156 carent.

248 1188 447 1248 Mitius
475 1187 753 1260 exsilium,
786 1189 1065 1273 pauloque
1092 1192 1495 1276 propinquius,
1527 1208 1692 1277 opt0,

330 1284 555 1366 Quique
583 1284 655 1344 sit
682 1308 714 1344 a
741 1308 881 1345 saevo
914 1286 1134 1365 longius
1158 1287 1318 1348 hoste
1337 1336 1351 1362 ,
1381 1288 1581 1350 locum.

249 1383 582 1463 Quantaque
611 1382 670 1440 in
697 1383 955 1459 Augusto
983 1381 1267 1445 clementia
1286 1432 1301 1457 ,
1335 1386 1380 1446 si
1410 1387 1539 1468 quis
1564 1387 1633 1447 ab
1661 1386 1758 1447 illo

328 1481 450 1537 Hoc
481 1491 690 1558 peteret
718 1500 822 1558 pro
849 1502 967 1551 me,
996 1479 1229 1540 forsitan
1255 1481 1349 1541 ille
1378 1483 1542 1544 daret.

245 1571 465 1649 Frigida
492 1596 578 1631 me
607 1570 870 1631 cohibent
899 1574 1106 1637 Euxini
1131 1574 1295 1635 litora
1321 1578 1487 1636 Ponti
1513 1602 1525 1638 :
1967 1595 2019 1638 55

325 1669 524 1728 Dictus
555 1667 625 1727 ab
658 1668 904 1750 antiquis
933 1670 1160 1732 Axenus
1186 1671 1278 1732 ille
1308 1672 1430 1733 fuit.

244 1768 383 1825 Nam
413 1788 591 1847 neque
616 1765 891 1845 jactantur
920 1767 1216 1830 moderatis
1246 1793 1464 1853 aequora
1492 1770 1702 1843 ventis;

325 1863 440 1921 Nec
470 1861 716 1944 placidos
746 1878 941 1945 portus
970 1863 1194 1948 hospita
1224 1868 1377 1928 navis
1406 1868 1536 1928 adit.

249 1961 393 2019 Sunt
425 1959 564 2019 circa
591 1974 809 2037 gentes,
841 1985 960 2043 quae
988 1963 1223 2045 praedam
1255 1965 1517 2043 sanguine
1548 1979 1826 2048 quaerant:

326 2058 441 2116 Nec
470 2057 651 2117 minus
680 2056 847 2117 infida
877 2072 1019 2117 terra
1047 2060 1270 2119 timetur
1290 2078 1447 2143 aqua.
1964 2080 2019 2122 60

246 2151 372 2224 Illi,
404 2177 543 2235 quos
568 2155 725 2217 audis
753 2154 1039 2216 hominum
1067 2157 1297 2235 gaudere
1323 2181 1544 2232 cruore,
1592 2227 1594 2229 ,

330 2249 488 2308 Paene
518 2248 621 2308 sub
653 2249 895 2329 ejusdem
925 2251 1117 2311 sideris
1144 2275 1240 2312 axe
1262 2251 1459 2333 jacent.

245 2388 364 2432 enim
396 2386 562 2443 rumpit
583 2385 764 2429 vulnera
786 2387 1088 2440 retractando,

248 2467 437 2510 quorum
450 2452 724 2494 mentionem
737 2451 887 2507 injicit.
907 2452 966 2496 H.

301 2521 366 2574 43.
390 2520 459 2561 Sic
471 2518 745 2573 absuilomne.
765 2518 914 2572 Obfuit
923 2519 1090 2579 Gryph.
1138 2518 1140 2520 V

247 2594 292 2629 et
312 2584 520 2626 Vincent.
546 2592 591 2626 et
619 2592 803 2639 quatuor
819 2584 990 2640 scripti3
1018 2588 1093 2627 de-

235 2650 329 2704 fuit
341 2647 578 2692 Bernensis
600 2657 643 2691 et
664 2648 776 2701 du0;
794 2657 931 2692 tamen
952 2650 1095 2706 abfuit

248 2716 447 2759 Vatican.

303 2783 368 2835 45.
396 2782 526 2835 quue
545 2780 664 2821 Deus
682 2783 820 2822 sentit.
841 2780 919 2822 Me
934 2779 1091 2823 scilicet

248 2846 373 2902 culpa
387 2860 545 2888 carere.
572 2843 721 2885 Deum
739 2852 885 2886 autem
901 2877 911 2897 ‚
936 2845 1092 2901 Augu-

251 2921 365 2957 stum
377 2910 591 2967 intelligit.
603 2911 891 2954 LumenNita.
908 2913 1018 2966 Opes
1026 2915 1092 2953 de·

248 2986 409 3020 tractas
436 2978 550 3018 mihi.
583 2973 703 3031 Opes
729 2974 836 3017 mihi
866 2975 1090 3019 ademtas:

250 3051 299 3086 ut
314 3040 524 3085 exsulibus
544 3039 640 3082 fieri
660 3040 780 3083 solet.

306 3108 328 3147 5
338 3123 370 3147 1.
388 3107 536 3147 Ilffitius
548 3108 754 3157 exsilium,
762 3109 970 3161 pauloque
986 3108 1093 3160 quie-

247 3177 354 3221 tius,
385 3186 467 3212 oro.
495 3170 603 3226 Opto
617 3170 838 3225 meliores,
858 3179 903 3214 et
910 3175 1091 3225 propin—

252 3239 373 3291 quius
392 3252 402 3276 :
423 3251 602 3290 sequor3
623 3235 701 3278 sub
733 3235 870 3278 finem
896 3234 993 3277 libri
1015 3235 1061 3278 II
1075 3266 1087 3288 ,

256 3317 303 3357 77
315 3314 325 3341 :
335 3298 518 3342 «Tutius
527 3299 736 3355 exsilium,
747 3300 961 3356 pauloque
975 3299 1090 3356 quie-

253 3363 337 3405 tius
363 3377 461 3413 oro;
490 3380 511 3399 »
539 3363 612 3405 ubi
639 3365 787 3406 ,Mitius
812 3372 855 3407 et
881 3372 976 3419 opto
998 3361 1090 3420 pari

252 3427 388 3472 modo
407 3427 453 3470 in
472 3428 694 3471 nonnullis
713 3437 924 3472 veterum.
949 3429 1007 3472 H.

1228 2389 1292 2432 53.
1321 2391 1534 2445 Tantaque
1551 2393 1597 2432 in
1618 2390 1812 2446 Augusto
1830 2394 2018 2434 clemen-

1172 2457 1245 2498 lia.
1265 2455 1510 2510 Quantaque
1521 2454 1628 2498 alter
1637 2455 1858 2510 Pontiani,
1875 2465 1918 2499 et
1931 2456 2017 2507 duo

1173 2518 1257 2570 alii3
1274 2519 1384 2563 bene
1399 2527 1463 2562 :et
1478 2522 1574 2563 Hoc
1583 2521 1782 2577 sequenti
1793 2537 1918 2564 versu
1936 2537 2016 2577 pro

1171 2587 1269 2627 Huc
1284 2601 1385 2628 cum
1401 2585 1663 2629 melioribus.
1679 2586 1797 2628 H.—
1804 2587 2016 2642 Tantaque

1171 2654 1216 2692 in
1233 2651 1430 2706 Augusto
1448 2660 1514 2695 est
1530 2654 1758 2695 clementia.
1774 2650 1843 2693 De
1864 2651 2016 2707 Augu-

1171 2714 1224 2756 sti
1243 2714 1474 2758 clementia
1493 2715 1624 2772 legito
1643 2712 1959 2769 Tranquillum.

1227 2781 1291 2823 58.
1307 2782 1357 2825 N
1350 2796 1397 2822 ec
1401 2783 1596 2835 placidos
1600 2787 1746 2833 portus
1757 2781 1925 2833 hospita
1938 2794 2015 2820 na-

1170 2849 1234 2888 m’s
1252 2848 1386 2888 habet.
1406 2846 1519 2887 Adit
1530 2844 1657 2900 prim.
1678 2843 1815 2886 Vatic.
1832 2851 1876 2885 et
1892 2844 2013 2898 quin·

1173 2926 1256 2966 que
1279 2911 1347 2952 alii
1367 2907 1655 2964 castigatiores
1671 2925 1681 2961 ;
1696 2908 1829 2951 bene:
1845 2917 1932 2951 tres
1945 2909 2013 2951 alii

1162 2979 1316 3030 puppis
1333 2976 1467 3016 habet.
1488 2974 1548 3016 H.

1227 3044 1290 3097 59.
1310 3040 1593 3093 Quoeproedam
1606 3041 1808 3092 sanguine
1819 3047 2012 3094 quoerunl.

1176 3105 1374 3157 Quaerant
1390 3112 1576 3158 quatuor
1592 3111 1771 3145 veteres.
1793 3103 1852 3144 H.

1224 3167 1290 3209 62.
1311 3168 1433 3209 Poene
1451 3171 1527 3209 sub
1539 3168 1723 3223 ejusdem
1734 3167 1913 3222 frigoris
1932 3183 2014 3209 axe

1158 3233 1321 3289 jacent.
1352 3233 1512 3276 Primae
1549 3232 1758 3276 editiones
1793 3241 1836 3275 et
1867 3232 2012 3287 scripti

1171 3299 1362 3354 quinque
1375 3301 1524 3341 sideris·
1541 3302 1659 3353 lgm&
1682 3296 1951 3340 Combianus
1968 3305 2013 3338 et

1171 3362 1259 3404 duo
1284 3362 1380 3416 alii,
1412 3366 1563 3406 sideris
1588 3379 1694 3417 ατη
1717 3362 1832 3418 quod
1858 3376 2011 3405 verum

1171 3436 1245 3472 est.
1266 3429 1430 3473 Hmns.
