2280 3776
486 285 599 340 Ex
639 282 938 342 PoNTo
978 285 1145 341 ΜΒ.
1189 285 1307 340 1v.
1350 284 1623 341 EmsT.
1670 288 1809 342 xv.
1859 280 1862 283 ’
1925 288 2034 366 457

339 402 544 485 Meque
573 416 730 463 tuum
759 399 899 462 libra
927 402 1078 464 norit
1108 416 1162 462 et
1190 425 1292 462 aere
1320 400 1511 479 magis.

314 546 381 599 42.
404 545 552 601 Meque
570 551 683 588 tuum
704 546 815 588 libra
838 548 950 589 nori!
966 551 1010 588 et
1028 561 1107 588 are

259 610 552 664 magdastffnus
564 609 707 664 major
719 608 980 665 scriptorum
992 624 1105 666 pars,

261 681 306 717 et
329 672 541 717 editiones
571 673 795 717 nonnullae
820 689 830 717 ε
855 672 974 731 quod
1000 672 1107 717 Sal-

261 739 398 783 masio
429 739 472 783 in
508 740 710 798 Epistolis
744 739 799 784 ad
828 738 1108 784 Gronovium

260 805 525 863 probabatur
539 839 550 860 ,
575 815 619 850 et
640 805 717 863 ipsi
729 805 957 851 Gronovio
971 839 984 861 ,
999 804 1108 850 obs.

259 869 332 914 lib.
354 870 374 914 1
392 902 404 925 ,
429 886 518 928 cap.
538 888 570 915 1.
587 872 652 916 Ut
673 887 822 916 sensus
845 871 924 924 sit;
948 871 1025 915 Me
1042 871 1106 916 tui

259 937 462 995 mancipii
486 955 576 982 esse
595 939 741 995 norit,
763 937 960 996 quamvis
987 953 1042 982 aes
1062 947 1106 981 et

259 1001 368 1046 libra
399 1004 709 1062 mancipationi
744 1019 835 1047 non
868 1002 1105 1047 adfuerint.

260 1066 376 1112 Vide
391 1084 495 1112 eum
510 1068 695 1113 omnino
709 1067 763 1112 de
783 1083 863 1112 usu
879 1076 944 1113 τοῦ
955 1070 1105 1111 minus.

259 1132 537 1178 Twisdenius
549 1134 698 1189 codex,
713 1142 761 1178 e!
775 1150 854 1177 oere
867 1137 1022 1177 datum.
1036 1133 1105 1178 De

261 1197 603 1256 mancipatione,
619 1214 715 1256 quae
731 1215 810 1256 per
823 1214 879 1243 aes
893 1207 936 1242 et
951 1198 1106 1242 libram

259 1261 404 1317 fiebat,
425 1262 540 1319 pleni
550 1264 958 1320 jurisconsultorum
972 1262 1106 1307 Com·

257 1327 460 1371 mentarii
491 1344 501 1373 ε
536 1327 638 1373 hinc
665 1330 902 1386 Horatius,
929 1330 999 1374 lib.
1028 1331 1072 1375 11
1090 1363 1103 1386 ,

258 1391 395 1450 Epist.
410 1406 472 1447 11,
495 1410 601 1439 vers.
628 1395 704 1439 158
725 1410 735 1438 :
761 1413 782 1433 t«
812 1395 858 1440 si
878 1396 1105 1454 proprium

1188 553 1288 601 est,
1325 545 1443 603 quod
1476 546 1571 603 quis
1604 546 1709 590 libra
1745 556 1966 591 mercatur
1996 558 2043 593 et

1190 627 1274 655 aere
1299 645 1311 667 ,
1337 611 1555 669 Quaedam
1574 611 1640 670 (si
1655 612 1795 658 credis
1809 614 2045 670 consultis)

1191 678 1412 736 mancipat
1434 694 1548 723 usus.
1569 699 1589 717 »
1617 678 1719 723 Fuit
1739 714 1750 735 ,
1778 695 1915 737 quum
1939 682 2046 725 scri-

1189 742 1387 787 bendum
1414 752 1615 800 putarem
1639 760 1649 787 :
1676 763 1698 782 κ
1727 745 1894 803 Meque
1916 754 2044 790 tuum

1189 807 1299 852 libra
1322 809 1471 863 norit,
1499 817 1541 852 et
1563 824 1648 854 aere
1669 818 1822 861 tuum3
1845 830 1866 848 υ
1894 819 1940 855 ut
1963 826 2046 854 ne-

1191 874 1370 931 glexerit
1413 876 1627 933 posterius
1666 884 1780 920 !uum
1817 877 2044 935 geminare

1190 938 1390 984 librarius
1410 958 1420 992 3
1445 940 1517 998 qui
1540 957 1667 985 error·
1686 951 1749 985 est
1774 939 2043 999 frequentis-

1189 1004 1336 1049 simus.
1359 1006 1418 1049 H.
1433 1028 1487 1039 —
1507 1008 1568 1049 E!
1583 1022 1663 1050 ere
1682 1012 1818 1063 magis
1844 1008 2047 1065 Micyllus

1190 1069 1314 1128 legit,
1332 1079 1381 1115 ut
1400 1070 1455 1115 sit
1471 1070 1636 1116 dictum
1657 1075 1892 1123 memmae
1906 1106 1918 1128 ,
1935 1090 2015 1131 pro
2033 1107 2046 1129 ,

1190 1136 1319 1181 Norit
1335 1153 1405 1181 me
1425 1138 1560 1195 magis
1583 1146 1707 1181 tuum
1724 1154 1813 1182 esse
1829 1171 1840 1191 ‚
1860 1154 1987 1195 quam
2009 1139 2045 1183 si

1190 1217 1269 1259 per
1289 1217 1345 1246 aes
1369 1218 1416 1247 ac
1436 1202 1592 1246 libram
1616 1211 1790 1260 emptus
1812 1203 1908 1247 sim.
1942 1203 2045 1247 Cn-

1189 1274 1335 1310 terum
1356 1267 1410 1310 de
1430 1268 1655 1325 emptione
1683 1284 1780 1325 quc
1809 1286 1887 1326 per
1911 1285 1967 1313 aes
1998 1287 2045 1315 ac

1189 1329 1344 1376 libram
1376 1331 1535 1386 fiebat,
1564 1333 1776 1379 Boethius
1801 1334 1846 1377 in
1877 1334 2043 1392 Topica

1193 1395 1424 1443 Ciceronis
1447 1400 1664 1445 meminit.

261 1533 2038 1564 Q

764 1653 1284 1724 EPISTOLA
1333 1655 1536 1726 XVI.

1051 1792 1271 1807 m

828 1982 853 2009 ”
885 1976 1000 2036 AD
1045 1977 1459 2038 INVIDUM.

883 2267 1427 2314 ARGUMENTUM.

261 2387 488 2432 Admonet
507 2388 553 2431 in
573 2387 654 2432 hac
672 2387 826 2432 ultima
851 2386 1045 2443 Epistola
1064 2394 1192 2442 poeta
1208 2384 1408 2428 invidum
1427 2417 1439 2439 ,
1459 2400 1515 2428 ne
1535 2400 1715 2442 carmen
1737 2399 1865 2428 suum
1886 2384 2046 2430 laceret

313 2456 550 2502 ostendens
565 2490 576 2512 ,
607 2474 653 2501 se
688 2457 881 2501 exsulem
907 2472 996 2500 esse
1031 2465 1239 2511 tanquam
1275 2461 1504 2496 mortuum
1540 2468 1550 2496 ε
1579 2451 1870 2509 adfirmatque
1905 2454 2047 2497 solere

277 2558 284 2561 -
317 2526 638 2584 livorempasci
656 2535 829 2570 tantum
849 2525 895 2568 in
916 2525 1022 2569 vivis
1039 2558 1051 2579 ,
1079 2533 1174 2582 post
1197 2525 1367 2567 cineres
1394 2539 1501 2566 vero
1526 2523 1746 2580 quiescere
1765 2540 1776 2566 ε
1797 2533 1841 2566 et
1866 2523 1943 2566 hac
1966 2541 2046 2567 ra-

280 2619 285 2624 ·
316 2597 435 2642 tione
459 2596 562 2642 dicit
577 2612 682 2641 eum
698 2596 859 2640 debere
881 2611 971 2639 non
994 2593 1234 2638 ulteriusin
1253 2609 1430 2637 carmen
1452 2609 1580 2637 suum
1594 2593 1853 2650 distringere
1873 2594 2047 2636 invidiae

312 2668 510 2713 stimulos
528 2685 576 2712 ac
588 2668 742 2712 dentes
756 2685 766 2719 ;
789 2683 927 2724 quum
940 2668 1028 2710 sint
1043 2665 1170 2708 multi
1190 2664 1259 2708 alii
1273 2664 1463 2709 celebres
1477 2674 1616 2722 poetae
1628 2699 1641 2721 ‚
1662 2681 1771 2723 quos
1787 2675 2045 2718 enumerata

316 2740 530 2798 docetque
552 2757 625 2784 eos
646 2755 768 2798 posse
790 2737 1063 2783 commodius
1083 2735 1361 2794 reprehendi.

264 2872 566 2968 bunne,
599 2896 732 2980 quid
762 2883 965 2957 laceras
990 2891 1231 2954 Nasonis
1262 2891 1501 2952 carmina
1529 2892 1716 2974 rapti?

260 3038 263 3046 .
288 3013 294 3015 “
339 2994 471 3053 Non
495 2992 635 3053 solet
662 2992 900 3071 ingeniis
935 3014 1146 3051 summa
1170 3011 1365 3049 nocere
1395 2987 1528 3048 dies,

261 3089 532 3171 Famaque
560 3105 691 3172 post
720 3091 928 3150 cineres
955 3088 1130 3170 major
1155 3085 1306 3147 venit
1329 3110 1341 3144 ε
1371 3100 1424 3145 et
1453 3083 1590 3147 mihi
1612 3108 1812 3144 nomen

321 3229 350 3256 *
383 3226 454 3270 Ad
492 3240 715 3270 mvmum.
747 3225 940 3270 Videtur
978 3234 1107 3282 poeta

259 3307 351 3335 non
372 3299 543 3335 tantum
562 3290 827 3347 respondere
849 3291 1031 3334 voluisse
1043 3291 1108 3333 in-

259 3357 360 3400 vido
378 3365 507 3412 atque
526 3355 806 3400 obtrectatori
825 3387 837 3408 ,
867 3355 1060 3411 quisquis
1074 3355 1107 3397 is

260 3422 343 3465 fuit
360 3456 371 3478 ,
393 3438 499 3471 suo;
526 3422 599 3466 sed
626 3431 669 3465 et
689 3422 960 3466 occasionem
988 3437 1109 3479 qute-

1186 3224 1330 3268 sivisse
1346 3257 1357 3277 ,
1383 3232 1432 3266 ut
1449 3223 1515 3266 sui
1536 3222 1747 3279 temporis
1763 3230 1911 3279 poetas
1924 3222 2041 3266 cele-

1188 3291 1348 3332 braret.
1377 3289 1649 3345 Quanquam
1682 3287 1842 3331 horum
1878 3303 2036 3344 magna

1189 3372 1241 3398 ex
1253 3364 1374 3412 parte
1384 3370 1475 3398 non
1485 3356 1641 3413 scripta
1651 3355 1808 3408 solum,
1818 3353 1893 3397 sed
1906 3363 1950 3396 et
1963 3367 2037 3394 no-

1191 3420 1311 3464 mina
1325 3420 1530 3479 pleraque
1553 3419 1872 3464 interciderunt
1897 3435 1907 3459 :
1930 3417 2039 3459 adeo
