2280 3776
260 321 368 374 358

725 321 789 373 Ρ.
842 320 1137 374 OVIDII
1177 319 1556 378 NASONIS

256 439 371 498 Nec
405 436 556 496 dabit
582 437 803 495 intonso
828 434 1082 515 jugulum
1112 461 1276 519 caper
1304 438 1486 498 hostia
1518 440 1738 501 Baccho
1761 487 1776 513 ,

339 534 527 593 Musta
558 532 660 591 sub
686 530 923 591 adducto
952 533 998 591 si
1026 533 1162 614 pede
1194 533 1346 594 nulla
1378 534 1563 595 fluant.

261 629 440 688 Caesar
468 642 528 686 ut
560 626 774 708 imperii
802 627 1113 688 moderetur
1142 630 1300 690 fraena
1317 678 1332 702 ‚
1359 655 1667 713 precamur,

338 726 473 783 Tam
503 722 640 782 bene
668 748 777 805 quo
808 725 995 807 patriae
1025 724 1260 786 consulit
1290 725 1379 786 ille
1408 751 1532 786 suae.

257 821 481 882 Utilitas
511 820 681 899 igitur
710 845 937 900 magnos
962 822 1319 906 hominesque
1350 826 1608 908 Deosque
1963 846 2017 888 35

338 916 550 986 Efficit‚
582 915 797 977 auxiliis
828 940 1047 999 quoque
1074 916 1284 977 favente
1312 919 1442 979 suis,

255 1016 342 1073 Tu
374 1037 592 1095 quoque
624 1012 704 1073 fac
730 1014 915 1096 prosis
943 1014 1084 1073 intra
1116 1029 1207 1074 tua
1236 1030 1410 1075 castra
1437 1015 1670 1096 jacenti,

270 1171 273 1173 ,
338 1112 390 1170 O
426 1112 590 1191 Coty,
623 1111 910 1193 progenies
939 1111 1102 1189 digna
1132 1127 1355 1194 parente
1380 1128 1492 1174 tuo·

257 1206 601 1265 Conveniens
632 1205 838 1264 homini
871 1220 984 1277 est,
1018 1206 1291 1266 hominem
1318 1230 1564 1280 servare,
1590 1206 1872 1290 voluptas3

335 1305 411 1362 Et
437 1301 629 1362 melius
655 1301 805 1361 nulla
836 1302 1096 1385 quaeritur
1122 1317 1235 1363 arte
1259 1302 1426 1362 favor.
1800 1342 1824 1367 ⁴
1965 1320 2022 1375 4ο

249 1439 368 1482 anni.
402 1457 425 1477 »
454 1439 730 1483 Mactabatur
766 1447 912 1482 autem
942 1455 1096 1495 porcus

253 1506 433 1559 Cereri,
469 1507 568 1561 quia
599 1505 681 1548 hoc
714 1506 871 1547 animal
898 1505 1096 1561 frugibus

248 1580 390 1614 nocet.
419 1571 626 1614 solebant
656 1571 773 1613 enim
805 1570 990 1613 victimae
1017 1586 1095 1620 pro

247 1637 451 1692 qualitate
487 1636 719 1678 numinum
758 1635 973 1678 immolari
1012 1651 1021 1677 :
1051 1643 1095 1678 et

245 1699 314 1742 vel
334 1700 633 1753 caedebantur,
651 1715 746 1755 quae
767 1701 925 1749 obsunt
939 1714 1106 1743 eorums

246 1764 502 1807 muneribus
524 1780 534 1807 :
554 1774 602 1808 ut
624 1781 752 1821 caper
775 1765 932 1816 Libero
949 1797 960 1816 ‚
994 1763 1094 1820 quia

247 1829 405 1876 vitibus
431 1838 581 1882 nocet,
617 1837 659 1871 et
679 1829 723 1871 in
745 1829 947 1870 omnibus
967 1826 1094 1877 sacris

246 1892 449 1935 'feminini
488 1894 657 1949 generis
687 1893 872 1941 victimae
904 1892 1094 1948 potiores

252 1965 366 2000 sunt.

301 2023 326 2064 3
334 2038 350 2065 1
357 2053 366 2062 .
381 2023 551 2063 Intoaso
561 2022 751 2063 Baccho.
765 2022 974 2066 Immerito
985 2018 1092 2061 mul-

248 2086 283 2130 ti
302 2095 528 2136 veterum;
550 2093 786 2140 utrumque
812 2092 980 2130 rectum
1007 2083 1092 2126 :sic

249 2162 403 2196 contra
430 2153 477 2194 in
506 2149 638 2194 Trist.
667 2156 814 2193 merita
832 2154 955 2193 cadet
980 2165 1095 2204 agna

248 2221 467 2273 Minerua»,
488 2228 532 2261 et
545 2234 656 2274 saepe
677 2216 787 2260 alibi.
812 2218 870 2260 H.
1026 2252 1046 2264 ..

303 2287 369 2328 32.
383 2288 558 2328 Inducta
568 2287 645 2327 sub
651 2286 770 2338 pede.
782 2283 981 2326 Adducto
993 2283 1092 2327 scri·

251 2351 315 2407 pti
337 2350 428 2393 fere
451 2364 633 2402 omnes‚·
660 2357 775 2392 recte
798 2365 809 2391 ε
828 2349 888 2392 sic
907 2352 1091 2392 adducta

246 2420 370 2459 clava
388 2417 498 2459 Fast.
527 2417 547 2459 I
570 2433 580 2458 2
597 2410 779 2458 adducto
799 2431 918 2457 nervo
935 2430 1058 2458 arcus
1071 2447 1082 2464 ,

249 2489 294 2523 et
318 2484 526 2524 adductus
543 2493 713 2531 ramus‚·
742 2480 790 2523 P.
811 2479 904 2532 Ill,
934 2479 1000 2523 El.
1027 2479 1088 2532 V,

249 2565 308 2591 vs.
333 2565 382 2607 ¹9
405 2564 414 2590 ε
441 2557 484 2591 et
503 2549 656 2591 similia
671 2548 826 2604 passim
853 2546 965 2603 apud
988 2547 1090 2591 No-

249 2624 388 2659 strum
406 2633 414 2660 ;
437 2614 480 2656 id
499 2624 563 2657 est
578 2646 590 2667 ,
611 2622 835 2657 contracto
851 2632 859 2656 2
877 2613 936 2656 sic
955 2613 1090 2668 Epist.

253 2679 446 2723 Canaces
459 2711 471 2732 ‚
504 2695 610 2721 vers.
645 2696 694 2735 27
713 2711 724 2732 ‚
764 2683 919 2721 macies
952 2681 1089 2720 addu-

249 2751 369 2786 xerat
391 2752 539 2795 arbus5
574 2751 617 2786 et
645 2743 828 2785 Metam.
863 2742 957 2795 111,
980 2758 1090 2784 vers.

249 2811 327 2866 397
343 2843 353 2862 ,
382 2811 643 2864 Adduct‘lque
658 2817 789 2850 cutem
807 2812 975 2850 mactus.
992 2806 1088 2848 val.

251 2873 449 2926 Flaccus,
472 2872 543 2915 lib.
568 2875 606 2913 V
625 2906 636 2925 ‚
674 2892 694 2910 «
718 2873 905 2915 Vincula
934 2887 1088 2928 prensa

251 2954 387 2981 manu
400 2938 505 2981 saxis
518 2937 755 2989 adduxerat
766 2938 863 2981 imis
878 2954 888 2981 ι
904 2956 923 2974 »
941 2937 983 2979 id
996 2945 1059 2980 est
1075 2970 1087 2991 ,

253 3014 508 3056 attraxerat3
541 3009 773 3048 abduxerat
804 3005 950 3048 minus
977 3005 1088 3047 bene

247 3071 405 3127 vulgati
425 3104 436 3125 ,
457 3087 593 3128 quum
607 3074 788 3114 abducta
791 3072 975 3126 flumina
987 3085 1088 3113 mox

248 3145 483 3190 sequantur
503 3153 513 3179 2
533 3136 650 3179 idem
669 3135 778 3177 libro
799 3135 892 3178 VI..
905 3168 914 3178 .
928 3166 938 3175 .
964 3153 986 3175 «
1013 3149 1088 3176 ex-

249 3207 410 3242 tremas
431 3201 590 3256 laqueis
621 3200 836 3243 adducere
863 3209 1040 3242 turmas.
1063 3215 1086 3235 »

250 3265 309 3307 Et
326 3264 438 3319 apud
458 3266 663 3308 Nostrum
678 3299 689 3318 ,
708 3266 816 3307 Met.
841 3264 976 3317 VIII,
993 3264 1085 3321 775,

304 3331 563 3384 adductaque
570 3330 750 3382 funibus
775 3333 906 3373 arbor.
928 3329 1089 3373 Statius

250 3394 390 3438 Theb.
410 3395 493 3448 IX,
512 3395 585 3438 ubi
606 3397 694 3451 pari
712 3396 843 3437 modo
859 3406 1084 3452 peccatur,

254 3461 342 3514 ¹40·
375 3478 397 3498 «
426 3459 516 3504 Ter
551 3458 743 3503 Cadmea
777 3459 959 3516 phalanx
997 3469 1090 3503 tor-

1178 1456 1281 1483 vum
1309 1439 1524 1484 adduxere
1544 1440 1748 1495 cadaver,
1772 1441 1863 1484 Ter
1881 1449 2019 1484 retra-

1177 1507 1289 1550 hunt
1315 1508 1466 1550 Danai.
1487 1526 1507 1545 »
1527 1508 1587 1551 H.

1232 1575 1295 1626 34.
1333 1575 1437 1616 Tam
1457 1576 1558 1616 bene
1571 1589 1693 1629 quam
1702 1576 1851 1628 patrioe
1867 1588 2018 1615 consu-

1175 1640 1229 1679 lit
1237 1641 1325 1690 ipse
1337 1654 1433 1680 suoe.
1463 1640 1588 1692 Quod
1602 1638 1783 1695 Argent.
1800 1646 1842 1680 et
1863 1637 2016 1692 primae

1177 1701 1401 1745 editiones.
1423 1703 1536 1759 Lege
1557 1717 1655 1759 quo:
1679 1718 1838 1758 nempe
1866 1701 2017 1758 impe·-

1175 1766 1240 1807 rio
1264 1783 1274 1808 ι
1297 1766 1454 1809 deinde
1475 1770 1546 1810 ille
1566 1767 1775 1809 meliores.
1807 1766 1865 1809 H.

1229 1831 1294 1873 35.
1331 1832 1505 1873 Utilitas
1526 1835 1656 1886 egitur
1682 1847 1853 1885 magnos
1883 1833 2018 1873 homi-

1172 1911 1325 1955 aesque
1343 1898 1537 1951 Deosque
1555 1905 1633 1940 etc.
1658 1896 1818 1939 Sensus
1839 1905 1902 1939 est
1921 1912 1931 1939 ι
1952 1895 2018 1939 Ex

1174 1976 1227 2003 eo
1254 1961 1385 2015 igitur
1412 1961 1526 2016 quod
1556 1970 1738 2017 prosunt
1765 1978 1812 2004 ac
1833 1962 1985 2015 juvant
2002 1993 2014 2014 ,

1173 2033 1261 2069 tam
1282 2024 1478 2069 homines
1492 2042 1622 2081 quarn
1640 2025 1714 2068 Dii
1726 2026 1871 2082 magni
1886 2033 2014 2079 sunt,

1173 2096 1217 2130 et
1249 2089 1477 2143 coluntur,
1512 2089 1712 2134 videlicet
1744 2090 1850 2133 dum
1877 2106 2017 2133 unus-

1174 2155 1353 2210 quisque
1395 2153 1570 2199 illorum
1601 2171 1650 2198 ea
1688 2165 1809 2212 parte
1827 2188 1839 2209 ‚
1876 2155 2015 2211 iisque

1172 2219 1335 2262 auxiliis
1353 2219 1467 2263 favet
1479 2252 1490 2273 ,
1511 2236 1559 2262 ac
1573 2219 1750 2276 prodest
1763 2219 1900 2274 nobis,
1917 2219 2016 2275 qui-

1171 2283 1250 2327 bus
1290 2282 1399 2328 solet
1429 2301 1478 2328 ac
1513 2293 1655 2341 potest
1676 2302 1686 2336 ;
1721 2293 1769 2327 ut
1806 2284 1941 2328 Ceres
1972 2293 2017 2328 et

1170 2348 1365 2393 Bacchus
1377 2359 1593 2407 proventu
1608 2367 1656 2395 ac
1674 2350 1896 2395 fertilitate
1916 2351 2015 2394 fru-

1171 2431 1274 2471 gum
1307 2432 1355 2459 ac
1385 2416 1495 2470 vini,
1521 2414 1667 2460 Caesar
1688 2416 1950 2473 imperando
1970 2425 2014 2459 et

1169 2482 1438 2526 consulendo
1458 2484 1605 2539 patriae
1619 2516 1631 2537 ,
1654 2492 1734 2527 etc.
1766 2484 1939 2526 MICYL.

1223 2548 1288 2590 36.
1316 2548 1507 2592 Aua-iliis
1533 2565 1689 2605 quoque
1706 2548 1884 2603 favente
1909 2551 2019 2590 suis.-

1169 2612 1456 2669 Unoquoque
1472 2613 1702 2658 utilitatem
1724 2629 1846 2656 suam
1869 2628 2012 2655 arnan-

1169 2686 1223 2721 te.
1246 2677 1310 2720 Ex
1324 2694 1411 2733 quo
1425 2679 1584 2734 colligit
1597 2711 1609 2731 ,
1627 2678 1816 2721 utilitatis
1829 2676 2013 2733 propriae

1169 2743 1303 2797 gratia
1323 2742 1412 2787 haec
1434 2743 1544 2787 fieri.
1565 2743 1693 2787 MER.

1221 2807 1286 2861 37.
1309 2810 1426 2851 Intra
1451 2816 1525 2855 tua
1539 2815 1679 2851 costra
1685 2807 1864 2862 jacenti.
1890 2805 2007 2848 Mihi

1167 2871 1211 2914 in
1229 2880 1344 2916 terra
1364 2872 1592 2916 Tomitana
1612 2880 1688 2914 tuo
1707 2871 1891 2927 imperio
1906 2871 2011 2912 sub-

1169 2937 1280 2993 jecta
1304 2938 1507 2993 relegato.
1534 2937 1706 2979 Minu.

1223 3003 1288 3046 38,
1319 3003 1357 3043 O
1382 3004 1506 3059 Coty.
1523 3005 1752 3056 progenies.
1772 3001 1900 3044 Ordo
1919 3009 2010 3044 est:

1168 3067 1211 3111 Ο
1239 3066 1352 3121 Coty
1368 3099 1381 3120 ‚
1411 3069 1638 3124 progenies
1662 3067 1811 3124 digna,
1840 3076 1883 3110 et
1906 3066 2006 3110 reli-

1167 3149 1262 3189 qua.
1287 3131 1506 3176 Caeterum
1528 3134 1615 3176 sive
1642 3134 1740 3175 Coti
1753 3133 1937 3184 scribas,
1961 3139 2011 3173 ut

1169 3198 1328 3241 Aldina
1353 3198 1487 3242 editio
1507 3198 1638 3241 habet
1661 3214 1670 3240 :
1699 3196 1786 3240 sive
1815 3199 1928 3254 Cotyn
1958 3203 2009 3238 ut

1167 3262 1324 3306 Strabo
1357 3273 1398 3306 et
1433 3264 1607 3307 Tacitus
1629 3296 1642 3316 ‚
1680 3262 1822 3305 brevis
1853 3261 2007 3304 eadem

1165 3327 1323 3384 syllaba
1343 3328 1443 3387 erit.¹
1463 3328 1533 3370 Sic
1553 3326 1682 3384 enim‘
1696 3335 1740 3369 et
1780 3328 1937 3384 Tiphy,
1961 3331 2009 3366 et

1164 3393 1317 3437 similia
1333 3393 1641 3450 corripiuntur.

1221 3461 1287 3512 40.
1306 3461 1450 3505 Nulla.
1489 3461 1613 3503 Nulli
1625 3457 1803 3502 Junian.
