2280 3776
307 259 415 338 334

775 270 838 322 P.
883 269 1178 323 OVIDII
1224 261 1595 323 NASONIS

307 383 525 468 Ecquid
558 383 735 444 adhuc
765 406 1010 443 remanes
1039 406 1247 443 memor
1274 383 1504 444 infelicis
1534 384 1736 446 amici?

390 480 605 539 Deserit
632 502 698 536 an
731 492 911 559 partes
944 476 1197 556 languida
1229 503 1355 539 cura
1385 482 1556 540 suas?
1611 542 1613 544 ,

313 579 436 653 Non
469 576 540 634 ita
571 576 645 633 Di
679 574 861 634 tristes
891 575 1024 633 mihi
1058 589 1217 646 sunt,
1249 590 1310 635 ut
1341 576 1555 635 credere
1582 576 1819 657 possim,
2054 596 2078 636 5

388 675 599 752 Fasque
627 686 814 753 putem
844 672 948 751 jam
982 686 1032 731 te
1063 696 1174 730 non
1203 671 1510 732 meminisse
1542 671 1663 731 mei.

314 768 457 828 Ante
489 790 640 826 meos
669 766 858 825 oeulos
892 783 979 826 tua
1010 782 1149 836 stat,
1184 783 1272 827 tua
1303 791 1514 848 semper
1535 767 1714 846 imago
1741 780 1859 838 est3

396 866 468 922 Et
495 864 685 922 videor
715 861 898 922 vultus
929 878 1106 923 mente
1133 864 1312 923 videre
1343 879 1485 923 tuos

316 959 464 1019 Seria
497 959 667 1019 multa
697 959 831 1018 mihi
865 975 1040 1019 tecum
1075 959 1268 1019 collata
1297 959 1590 1032 recordor3

394 1059 507 1116 Nec
537 1059 659 1116 data
688 1057 941 1138 jucundis
976 1072 1219 1140 tempora
1249 1081 1420 1140 pauca
1447 1058 1600 1138 jocis.
1759 1079 1763 1081 ’
2039 1087 2086 1113 ιο

315 1152 466 1233 Saepe
496 1151 613 1210 citae
647 1150 827 1230 longis
854 1153 979 1212 visae
1003 1152 1348 1213 sermonibus
1377 1152 1561 1225 horae;

399 1250 552 1332 Saepe
581 1249 688 1309 fuit
717 1249 967 1321 brevior,
1003 1274 1163 1332 quam
1194 1274 1309 1310 mea
1339 1252 1533 1323 verba,
1563 1252 1692 1311 dies.

317 1348 469 1430 Saepe
504 1364 624 1432 tuas
653 1348 854 1408 factum
883 1347 1029 1407 venit
1058 1347 1223 1406 modo
1256 1371 1474 1407 carmen
1502 1348 1572 1407 ad
1602 1372 1787 1418 aureS‚

395 1447 468 1505 Et
496 1469 634 1504 nova
659 1444 866 1525 judicio
901 1443 1123 1504 subdita
1155 1447 1318 1505 Musa
1347 1459 1442 1505 tuo
1473 1461 1569 1505 est.

316 1543 482 1622 Quod
515 1558 573 1602 tu
597 1542 847 1602 laudaras
869 1589 883 1614 ‚
914 1539 1123 1624 populo
1156 1541 1425 1624 placuisse
1455 1543 1751 1626 putabam:
2042 1560 2088 1601 15

398 1641 518 1699 Hoc
550 1639 798 1722 pretium
822 1663 962 1699 curae
990 1638 1147 1699 dulce
1178 1640 1409 1699 recentis
1441 1655 1570 1712 erat.

317 1736 503 1817 thue
534 1759 687 1794 meus
717 1734 840 1795 lima
873 1758 1027 1796 rasus
1058 1733 1198 1797 liber
1225 1751 1366 1795 esset
1393 1736 1587 1809 amici,

398 1833 523 1890 Non
556 1831 721 1891 semel
753 1831 1030 1891 admonitu
1063 1832 1203 1891 facta
1231 1831 1395 1894 litura
1426 1847 1522 1893 tuo
1552 1847 1648 1894 est.
1717 1843 1720 1845 ’

317 1928 436 1986 'Nos
464 1927 582 1986 fora
611 1927 867 1987 viderunt
894 1927 1121 2008 pariter,
1151 1952 1255 1988 nos
1282 1929 1529 2011 porticus
1559 1928 1766 2000 omniS‚

320 2087 455 2131 Eton.
479 2088 643 2133 sublata
666 2089 941 2132 distinctione
967 2091 1133 2144 majore
1151 2124 1162 2143 ‚

321 2154 492 2196 volebat
515 2170 523 2196 :
548 2172 569 2190 «
593 2154 736 2197 Attice
754 2185 765 2206 ‚
787 2153 947 2209 judicio
967 2171 1054 2196 nou
1077 2154 1167 2197 du·-

319 2220 495 2264 bitande
526 2236 650 2273 meo,
678 2219 841 2275 Ecquid
868 2220 1020 2263 adhuc.
1044 2227 1065 2257 ι’»
1086 2231 1166 2265 etc.

376 2288 414 2340 4.
432 2289 502 2328 An
516 2303 616 2328 cura
629 2290 842 2340 languida.
865 2287 930 2327 An
950 2285 1087 2328 Amor
1100 2286 1169 2329 ‹le-

1248 2093 1392 2147 rabas,
1411 2102 1460 2136 ut
1478 2101 1677 2149 putarem
1693 2107 1790 2135 mea
1805 2093 1996 2135 carmina
2012 2109 2034 2135 a
2049 2101 2091 2135 te

1249 2157 1478 2201 emendata
1498 2158 1657 2214 populo
1679 2158 1844 2213 placere
1860 2190 1871 2210 ,
1901 2167 1945 2201 et
1969 2167 2092 2200 tuum

1248 2221 1457 2276 judicium
1491 2222 1597 2271 tanti
1628 2222 1765 2266 facere
1785 2255 1797 2275 ‚
1836 2222 1984 2278 quanti
2014 2222 2094 2276 ju-

1250 2286 1410 2330 dicium
1442 2287 1568 2330 totius
1596 2287 1755 2342 populi.
1778 2286 1906 2328 Mna.
1927 2310 1980 2318 —
2000 2289 2095 2329 Hoc

322 2350 508 2392 bilitatus
530 2350 659 2406 longo
678 2358 874 2404 ternpore
891 2349 910 2392 Ξ)
929 2373 983 2381 —
1003 2353 1172 2392 Deserit
1242 2355 1419 2406 prelium
1434 2368 1551 2394 curoe.
1568 2352 1781 2395 Recentes
1796 2352 1959 2393 labores
1974 2366 2093 2393 meos

322 2431 422 2456 suas
436 2424 591 2468 parles.
614 2414 754 2456 Suum
773 2414 978 2456 officium.
998 2414 1045 2455 M
1053 2427 1126 2457 ER.

381 2498 415 2537 7.
427 2482 539 2523 Ante
550 2496 661 2523 meos
673 2484 815 2524 oculos
822 2488 973 2535 proeslo
986 2490 1058 2522 tua
1069 2496 1170 2522 sem-

315 2562 394 2601 per
401 2550 551 2600 imago.
565 2549 753 2588 Proesens
765 2554 837 2587 tua
852 2555 1036 2600 quatuor
1049 2543 1143 2588 libri
1156 2562 1166 2595 ;

321 2620 408 2652 tres
429 2615 523 2652 visa
539 2619 629 2661 est,·
649 2610 754 2652 alius
774 2627 871 2652 vera
889 2619 975 2660 θείς
995 2610 1166 2652 Sar-rav.

322 2675 528 2717 mendose
547 2691 556 2717 z
575 2692 596 2710 «
615 2674 732 2717 Ante
749 2675 894 2717 oculos
910 2683 1080 2717 nostros
1094 2684 1167 2718 tua

320 2748 384 2781 est
410 2748 483 2782 tua
510 2755 682 2795 semper
702 2737 872 2794 imago;
894 2759 913 2775 »
941 2734 1167 2794 Affigenti'n.
1194 2749 1199 2754 '

324 2823 344 2841 «
374 2805 492 2847 Ante
523 2804 668 2847 oculos
697 2814 865 2847 nostros
895 2814 965 2846 tua
990 2814 1071 2847 stat
1097 2814 1168 2847 tua

323 2886 495 2927 semper
519 2871 675 2927 imago.
691 2889 712 2908 »
734 2870 847 2927 Lege
870 2882 943 2913 tua
959 2879 1073 2919 stat,
1097 2879 1170 2913 tua

321 2953 480 2991 semper
487 2942 625 2991 imago
633 2944 714 2988 est;
734 2944 897 2980 nostros
912 2941 1056 2980 oculos
1069 2952 1171 2994 prae-

328 3011 446 3044 terea
461 3002 666 3058 plerique.
679 3002 788 3043 Esse
799 3010 841 3044 et
850 3011 962 3046 stare
972 3011 1068 3045 ante
1079 3019 1170 3044 ocu·
1225 2999 1227 3002 ¹

323 3070 390 3108 los
409 3066 628 3122 eleganter
648 3066 838 3117 dictum3
867 3067 963 3108 vide
988 3067 1169 3109 Metam.

328 3131 446 3183 XII,
467 3148 525 3173 vs.
548 3133 624 3187 427
646 3147 655 3172 :
680 3149 702 3168 «
721 3133 838 3174 Ante
859 3131 1006 3174 oculos
1024 3140 1107 3177 stat
1126 3139 1171 3174 et

327 3192 395 3235 ille
418 3210 550 3236 meos.
570 3213 590 3232 »
615 3196 782 3238 HEINS.

388 3274 448 3300 ιο.
476 3262 564 3301 Nec
582 3264 696 3303 data.
716 3263 777 3304 Et
792 3263 897 3304 data
922 3254 1101 3304 Juniz'm.
1130 3267 1173 3302 et

336 3322 532 3365 Leidens.

335 3400 337 3403 ’
388 3387 447 3429 16.
475 3389 579 3429 Erat
599 3403 716 3430 curoe.
746 3389 859 3430 Nam
887 3389 933 3432 in
963 3406 1016 3432 eo
1043 3388 1172 3432 labo-

1249 2418 1294 2458 in
1308 2416 1594 2469 carminibus,
1615 2416 1698 2460 hoc
1712 2416 1823 2460 dulci
1844 2417 2005 2473 pretio,
2024 2417 2094 2458 ad-

1223 2481 1503 2538 ';probatione
1528 2482 1569 2523 vi
1582 2483 1727 2525 vlaelieet
1753 2491 1825 2524 tua
1843 2513 1854 2535 ,
1883 2497 2095 2538 compen-

1248 2546 1393 2588 sabam
1414 2555 1457 2589 et
1475 2546 1654 2589 solabar.
1677 2547 1821 2590 Pon-r.

1309 2626 1369 2664 17.
1396 2612 1522 2654 Lt'ma
1545 2627 1666 2653 rasus
1695 2614 1798 2653 liber
1814 2618 1936 2652 esset
1955 2613 2093 2651 amici.

1250 2678 1400 2721 Amice
1425 2677 1614 2733 quinque
1636 2686 1710 2720 aut
1734 2693 1805 2719 sex
1828 2684 1994 2718 veteres
2016 2692 2025 2717 :
2046 2675 2093 2719 in

1249 2735 1420 2783 duobus
1439 2740 1601 2783 ultimae
1621 2741 1717 2783 duae
1736 2741 1866 2783 literae
1884 2748 1947 2783 τοῦ
1967 2745 2099 2782 amici

1251 2821 1393 2858 erasae.
1412 2805 1558 2848 Scribe
1570 2809 1678 2850 -le’ma
1690 2809 1839 2847 amica.
1854 2805 1899 2846 H
1915 2806 2094 2846 —Ll'ma

1250 2873 1388 2912 amici.
1412 2868 1510 2911 Tua
1529 2877 1572 2912 et
1598 2868 1722 2911 amici
1747 2867 1935 2911 hominis
1963 2868 2090 2912 casti-

1252 2933 1423 2991 gatione
1447 2949 1494 2975 ac
1514 2930 1688 2987 judicio.

1312 3014 1326 3038 ι
1334 3000 1370 3040 8.
1387 2999 1534 3039 Litura
1545 3013 1631 3040 non.
1639 2997 1977 3052 semelestsacta.
1990 2998 2091 3041 Non

1250 3061 1384 3104 semel
1404 3093 1415 3112 ,
1443 3060 1516 3103 sed
1542 3060 1694 3116 saepius
1718 3061 1902 3117 expunxi
1925 3076 2020 3116 quae
2045 3070 2093 3104 tu

1252 3141 1343 3168 non
1364 3125 1585 3182 probabas.

1311 3207 1372 3249 ¹9·
1394 3194 1482 3233 Nos
1489 3190 1595 3245 fora
1613 3194 1805 3235 viderunt
1815 3195 1985 3246 pariter.
2003 3189 2092 3232 Nos

1252 3256 1408 3299 eodem
1426 3268 1620 3312 tempore
1639 3254 1686 3299 in
1705 3256 1850 3299 sorum
1871 3253 2093 3298 descendi-

1252 3339 1296 3365 m
1304 3339 1366 3376 us,
1382 3322 1639 3380 auspicaturi
1650 3339 1794 3366 causas
1805 3322 2004 3365 forenses.
2016 3319 2092 3362 So-

1256 3388 1400 3431 lebant
1426 3388 1543 3431 enim
1576 3387 1878 3431 adolescentuli
1903 3383 2089 3428 Romani
