2268 3848
242 268 279 337 4
709 268 775 321 P.
827 268 1124 326 ovmu
1160 269 1537 328 NAsole

321 386 432 457 Ne,
468 407 587 466 quae
616 407 730 443 non
763 408 904 466 opus
934 399 1044 457 est,
1076 385 1220 444 forte
1248 383 1502 468 loquare,
1537 386 1717 449 dabis?

238 478 501 543 Protinus
528 480 843 542 admonitus
872 496 1083 565 repetet
1111 505 1226 542 mea
1257 482 1480 545 crimina
1508 484 1706 560 lector3

318 582 392 640 Et
420 603 648 662 peragar
675 578 869 661 populi
895 577 1156 661 publicus
1184 602 1276 638 ore
1304 603 1446 640 reus.

235 680 384 748 Neu,
419 700 571 750 cave,
605 674 887 748 defendaS‚
922 675 1167 757 quamvis
1196 676 1516 738 mordebere
1546 677 1744 740 dictis:
1960 699 2012 741 25

318 775 495 833 Causa
519 771 826 855 patrocinio
859 795 973 831 non
1002 772 1155 833 bona
1183 773 1340 855 pejor
1368 774 1484 833 erit.

229 869 478 928 Invenies
504 866 773 949 aliquem,
812 865 908 949 qui
938 890 1023 926 me
1055 867 1297 949 suspiret
1323 867 1624 942 ademtum,

313 964 567 1025 Carmina
598 987 698 1023 nee
728 962 885 1023 siccis
916 961 1162 1046 perlegat
1191 963 1297 1024 ista
1327 964 1506 1042 genis3

226 1065 302 1124 Et
332 1064 530 1123 tacitus
561 1087 772 1134 secum,
804 1086 874 1122 ne
897 1061 1020 1145 quis
1048 1060 1223 1122 malus
1252 1061 1467 1136 audiat,
1502 1079 1685 1147 optet,

308 1159 391 1218 Sit
416 1182 556 1230 mea,
589 1158 763 1218 lenito
798 1159 1037 1229 Caesare,
1070 1177 1233 1239 poena
1261 1156 1460 1217 minor.
1953 1179 2008 1219 30

222 1256 344 1316 Nos
374 1279 622 1338 quoque,
656 1253 907 1336 quisquis
941 1253 1071 1325 erit,
1103 1277 1174 1312 ne
1203 1253 1276 1313 sit
1303 1254 1470 1315 miser
1497 1253 1618 1328 ille,
1648 1279 1962 1338 precamur,

303 1352 555 1412 Placatos
586 1352 786 1411 misero
818 1349 914 1433 qui
941 1349 1090 1410 volet
1119 1373 1235 1428 esse
1267 1351 1421 1417 Deos
1446 1375 1460 1410 ε

221 1449 468 1530 Quaeque
498 1445 672 1516 volet,
703 1460 827 1524 rata
854 1445 993 1517 sint;
1026 1444 1318 1529 ablataque
1347 1446 1616 1530 principis
1644 1447 1724 1507 ira

298 1545 540 1604 Sedibus
566 1543 625 1603 in
654 1543 848 1626 patriis
878 1542 972 1603 det
999 1541 1139 1602 mihi
1167 1566 1333 1625 posse
1356 1543 1514 1603 mori.

217 1715 371 1760 Innuit
400 1723 548 1758 autem
569 1722 658 1757 tres
678 1711 731 1755 de
758 1711 867 1755 Arte
889 1710 1067 1754 amandi

211 1782 356 1825 libros.
370 1805 425 1813 -
436 1783 497 1823 Ne
508 1815 519 1832 ‚
536 1796 624 1836 qua·
640 1795 723 1822 non
737 1794 841 1834 opus
854 1786 939 1830 est,
949 1776 1068 1832 forte

212 1850 401 1902 loquare,
428 1847 564 1888 dabis.
589 1845 698 1888 Care
718 1852 886 1885 veteres
901 1842 1064 1895 nostri;

210 1921 256 1956 et
269 1911 463 1968 plerique
476 1912 590 1967 quod
595 1925 674 1966 pro
686 1924 796 1964 quoe:
812 1907 964 1964 primae
979 1907 1064 1951 edi-

211 1979 355 2022 tiones
370 1987 388 2032 ,'
398 1980 462 2020 Ne
474 1979 588 2033 quod
602 1991 705 2031 opus
722 1992 805 2017 non
828 1982 904 2017 est.
928 1975 1063 2018 Puto:

213 2062 236 2082 α
260 2043 407 2099 Atque
424 2042 538 2085 ita-te
553 2050 703 2084 cautus
714 2040 926 2096 quaerenti
940 2040 1065 2096 plura

209 2108 449 2166 legendum
461 2141 473 2163 ,
493 2109 561 2153 Ne
577 2140 589 2163 ,
611 2106 727 2164 quod
745 2123 837 2149 non
852 2109 906 2150 sit
925 2122 1032 2163 opus
1050 2139 1061 2160 ,

208 2174 325 2217 forte
362 2173 540 2229 loquare
560 2205 574 2228 ‚
605 2171 721 2214 dato.
754 2190 775 2209 ι)
814 2172 982 2214 ΗΕΙΝε.
1011 2193 1064 2202 -

163 2238 169 2239 ’
210 2240 306 2297 Ego
343 2248 496 2297 putem
531 2243 689 2282 tacitus
729 2255 817 2282 esse
854 2238 1063 2282 retinen—

210 2305 348 2357 dum3
371 2321 477 2348 nam
498 2305 577 2348 etsi
597 2304 855 2360 loquentem
877 2302 1062 2346 induce-

207 2380 278 2414 ret
299 2379 428 2427 poeta
453 2370 614 2412 librum
630 2402 642 2424 ,
667 2377 783 2411 recte
815 2377 964 2411 tamen
983 2377 1062 2410 ta-

193 2439 318 2482 scitus
333 2434 415 2477 dici
432 2442 571 2490 potest
582 2466 593 2487 ,
617 2448 755 2489 quum
769 2432 839 2475 illa
851 2449 932 2473 vox
948 2447 1060 2488 saepe

209 2509 334 2543 notet
350 2499 442 2542 sine
466 2499 636 2541 arbitris
649 2498 771 2552 ‚-sine
779 2505 905 2540 teste.
917 2496 1034 2540 Dicit
1046 2530 1058 2550 ,

208 2567 242 2611 si
259 2566 383 2623 plura
397 2565 491 2622 quis
509 2573 673 2621 quaerat
685 2597 696 2618 ,
718 2573 771 2607 tu
787 2563 945 2608 tacebis
956 2597 967 2615 ‚
983 2564 1059 2607 sed

206 2632 330 2676 dabis
341 2641 382 2675 te
392 2631 646 2689 legendum,
658 2647 715 2673 ne
726 2630 840 2673 forte
851 2630 1058 2686 loquaris,

210 2698 328 2755 quod
343 2713 450 2754 opus
463 2713 555 2739 non
572 2705 658 2751 est,
674 2695 717 2739 id
734 2705 797 2740 est
811 2729 822 2750 ,
842 2696 958 2752 quod
973 2712 1056 2738 no-

210 2780 307 2807 cere
320 2771 464 2819 posset
483 2761 560 2805 tibi
572 2761 732 2804 etmihi
745 2794 758 2815 ‚
774 2760 957 2804 domino
968 2770 1057 2804 tuo.

255 2830 321 2872 23.
337 2829 438 2871 Mea
448 2831 649 2870 carmina.
663 2826 789 2869 Meos
801 2826 933 2870 libros
941 2842 1059 2870 ama-

208 2893 343 2938 torios
358 2910 368 2937 z
386 2892 463 2937 sed
478 2893 660 2949 legimus
685 2908 788 2935 cum
801 2891 953 2935 Oberl.
966 2909 1058 2936 mea

206 2963 409 3004 crimina:
428 2958 641 3015 scripsisse
658 2957 887 3011 amatoria,
912 2967 955 3000 ert
976 2975 1058 3000 ne—

205 3025 295 3068 scio
309 3023 415 3081 quid
435 3022 588 3066 vidisse
604 3055 617 3078 ,
641 3022 729 3065 duo
750 3031 854 3066 sunt
872 3023 1059 3066 Nasonis

207 3098 396 3147 peccata.

264 3157 329 3209 24.
346 3157 408 3197 Et
419 3170 603 3210 peragar
611 3156 803 3208 pluribus
869 3169 975 3197 reus.
998 3153 1057 3196 Et

206 3236 297 3263 non
314 3228 485 3262 tantum
501 3236 524 3261 a
544 3218 713 3263 Caesare
727 3252 739 3273 ‚
761 3218 836 3262 sed
854 3220 986 3261 etiam
1003 3219 1056 3261 ab

207 3284 412 3327 omnibus
432 3283 772 3327 condemnabor.
785 3285 920 3338 Agere
936 3284 1055 3326 enim

205 3364 319 3390 reum
332 3381 344 3400 ,
369 3356 433 3390 est
453 3363 581 3390 reum
602 3364 798 3391 accusare
814 3381 825 3402 ,
849 3364 977 3390 reum
989 3346 1057 3390 sa·-

206 3429 302 3456 cere
317 3445 329 3468 ,
351 3412 471 3462 inter¹
487 3429 584 3458 reos
603 3413 1055 3461 referre-Publicus.

1149 1712 1216 1756 Ut
1237 1712 1310 1769 qui
1330 1713 1377 1756 in
1402 1713 1658 1770 rempublic.
1680 1714 1999 1759 commiserim:

1147 1775 1261 1818 male
1279 1779 1487 1830 pluribus.

1204 1839 1269 1883 26.
1295 1841 1438 1884 Causa
1444 1845 1684 1897 patrocinio
1697 1859 1780 1885 non
1795 1846 1905 1886 bona
1917 1861 2002 1887 ma-

1135 1905 1216 1959 jor
1232 1909 1320 1947 erit.
1342 1906 1469 1961 Pejor
1489 1921 1563 1949 sex
1584 1907 1729 1964 scripti
1751 1917 1902 1965 argute
1927 1925 1937 1952 z
1957 1918 2002 1953 et

1147 1972 1276 2028 paulo
1288 1981 1388 2016 ante
1408 1975 1511 2024 Neu,
1533 1989 1653 2025 cave,
1679 1974 1880 2030 defendas
1893 1976 2003 2019 scri-

1146 2037 1346 2081 bendum
1368 2055 1448 2095 pro
1472 2041 1536 2082 Tu
1554 2056 1566 2082 :
1585 2039 1764 2096 quidam
1786 2042 1907 2085 enim
1923 2059 2001 2086 ve-

1146 2111 1291 2146 terum
1313 2105 1385 2146 Mb
1405 2121 1417 2147 ‚¹
1440 2104 1510 2148 alii
1534 2107 1605 2148 Te,
1623 2105 1791 2150 Hmns.

1199 2187 1266 2229 29.
1301 2171 1446 2213 Malus
1465 2205 1477 2222 ,
1508 2171 1582 2227 qui
1610 2172 1822 2214 continuo
1840 2206 1852 2228 ,
1879 2173 2000 2230 quasi

1144 2233 1277 2277 officii
1291 2251 1419 2291 ergo,
1440 2235 1587 2279 audita
1605 2236 1659 2280 ad
1685 2236 1999 2295 imperatorem

1144 2298 1328 2342 deferat.

1198 2365 1265 2407 30.
1282 2366 1415 2409 Poena
1426 2369 1542 2410 leuis.
1555 2368 1700 2411 Imnor
1711 2368 1905 2425 quinque
1919 2386 1998 2413 ve—

1142 2437 1257 2473 teres
1275 2447 1284 2474 :
1314 2440 1364 2474 ut
1383 2431 1454 2474 lib.
1474 2432 1543 2475 III
1560 2464 1572 2486 ,
1602 2432 1669 2476 El.
1694 2447 1743 2475 VI
1757 2464 1769 2485 ,
1794 2436 1846 2489 24
1866 2450 1875 2477 :
1896 2435 1997 2478 Mu-

1141 2502 1309 2550 tatoque
1328 2500 1462 2539 minor
1474 2500 1534 2539 sit
1547 2513 1641 2540 mea
1655 2514 1785 2552 paena
1805 2501 1912 2542 loco.

1197 2560 1222 2601 3
1231 2576 1262 2602 1.
1279 2562 1341 2602 Me
1353 2564 1413 2603 sit
1423 2565 1551 2605 miser
1558 2566 1659 2616 lpse.
1675 2564 1755 2606 Ille
1767 2563 1912 2620 scripti
1927 2579 1938 2607 ι
1951 2573 1996 2608 et

1139 2627 1287 2666 misem
1306 2640 1384 2680 pro
1398 2628 1562 2669 mtlreris
1577 2626 1622 2668 in
1637 2642 1765 2670 versu
1782 2628 1993 2684 proximo.

1194 2687 1259 2731 33.
1288 2691 1466 2744 (luceque
1487 2693 1603 2732 volet
1609 2704 1624 2741 ;
1651 2699 1746 2734 rata
1764 2696 1861 2734 sint.
1881 2692 1993 2734 Ma·-

1138 2754 1216 2798 lim
1235 2757 1336 2809 Qua·
1350 2764 1492 2810 vomet,-
1513 2774 1538 2799 ο
1554 2765 1649 2800 rata
1664 2761 1750 2801 sint
1762 2791 1772 2808 ‚
1790 2757 1858 2801 vel
1871 2793 1881 2808 ‚
1906 2757 1993 2803 ab!

1138 2828 1233 2864 rata
1259 2825 1357 2864 slat.
1383 2821 1548 2864 Ablata
1574 2826 1640 2865 ira
1668 2822 1892 2866 immerito
1915 2822 1993 2865 os·-

1137 2885 1282 2929 fendit
1307 2885 1548 2929 Ciofanum
1565 2921 1576 2939 ‚
1610 2897 1660 2931 ut
1675 2904 1832 2945 parum
1853 2888 1991 2931 latine

1139 2950 1306 2994 dictum
1326 2969 1336 3003 ;
1361 2968 1466 2994 nam
1494 2952 1661 3009 auferre
1685 2957 1789 2996 iram
1818 2953 1991 3009 elegans

1137 3031 1230 3058 non
1257 3017 1403 3060 minus
1433 3026 1524 3071 est,
1552 3033 1684 3074 quam
1708 3017 1992 3073 aufer-rejur-

1133 3089 1248 3139 gium
1273 3085 1385 3141 apud
1406 3086 1612 3129 Plautum
1629 3119 1642 3140 ‚
1671 3094 1716 3129 et
1736 3085 1850 3142 apud
1873 3085 1989 3127 Vir-

1138 3149 1289 3205 gilium
1306 3157 1455 3193 metum
1471 3149 1647 3205 azdbrae.
1670 3151 1822 3194 Posset
1837 3159 1987 3193 tamen

1136 3223 1182 3257 et
1201 3218 1369 3256 sublata
1388 3219 1453 3257 ἱνα
1466 3215 1549 3272 legi
1572 3248 1583 3270 ,
1614 3215 1683 3258 vel
1710 3218 1860 3259 sedata
1874 3249 1886 3267 ‚
1917 3215 1988 3258 vel

1136 3280 1325 3337 denique
1337 3289 1509 3335 pacata,
1527 3298 1664 3338 quum
1670 3285 1850 3337 placata
1864 3280 1919 3324 sit
1938 3281 1984 3323 in

1135 3346 1379 3400 nonnullis,
1413 3347 1532 3404 quod
1553 3347 1602 3392 in
1622 3347 1836 3406 superiori
1855 3359 1982 3393 versu

1134 3421 1421 3470 praecesserat.
