2280 3776
281 254 386 329 398

750 256 811 309 P.
861 256 1154 312 0v1n11
1198 227 1581 317 NA‘sole

279 371 387 430 Vix
415 370 562 430 bona
589 386 720 453 post
748 386 900 432 tanto
933 375 1195 455 quaerenti
1222 377 1386 438 verba
1412 379 1710 455 subibant,

361 470 435 527 Et
468 467 700 546 gaudere
733 467 980 551 aliquid,-
1015 495 1101 532 res
1129 473 1264 533 mihi
1292 475 1401 537 visa
1430 502 1572 538 nova
1602 494 1700 540 est.

284 567 471 646 thue
497 564 859 638 reformidant
884 566 1160 630 insuetum
1190 570 1396 634 lumina
1427 574 1643 650 Solem,
1670 633 1674 636 Α

367 659 455 718 Sic
482 659 550 719 ad
576 657 818 720 laetitiam
848 686 1001 724 mens
1032 689 1152 726 mea
1178 669 1360 746 segnis
1388 685 1518 730 erat.
1574 717 1577 722 -
2003 691 2057 733 50

281 758 384 816 Est
413 781 631 839 quoque
649 770 974 833 'cunctarum
1003 761 1219 825 novitas
1247 766 1523 826 carissima
1547 788 1763 829 rerum:

371 854 667 937 Gratiaque
699 854 915 931 officio,
950 859 1101 940 quod
1127 885 1283 921 mma
1310 862 1524 937 tardat,
1552 865 1724 926 abest.

288 950 493 1008 Caetera
525 950 771 1010 certatim
802 951 868 1012 de
899 977 1099 1032 magno
1129 955 1332 1039 scripta
1363 912 1646 1043 triunipho

364 1045 489 1103 Jam
515 1045 729 1126 pridem
756 1040 955 1130 populi
985 1050 1238 1132 suspicor
1264 1075 1358 1112 ore
1384 1051 1510 1132 legi.

284 1137 385 1199 Illa
416 1139 566 1198 bibit
597 1139 785 1202 sitiens
803 1189 816 1214 ‚
853 1141 1024 1203 lector
1051 1167 1170 1205 mea
1197 1146 1397 1229 pocula
1426 1147 1624 1231 plenus
1650 1174 1664 1209 ε
2006 1166 2058 1208 55

362 1237 462 1296 Illa
494 1262 680 1299 recens
710 1254 842 1322 pota
875 1256 985 1314 est,
1017 1258 1208 1302 nostra
1239 1245 1469 1327 tepescit
1493 1270 1653 1328 aqua.

283 1338 410 1395 Non
437 1359 538 1413 ego
568 1335 793 1409 cessavi,
824 1360 924 1397 nec
950 1337 1080 1398 fecit
1107 1338 1303 1399 inertia
1333 1364 1548 1401 serum:

365 1431 575 1492 Ultima
604 1455 689 1492 me
719 1434 859 1493 vasti
885 1435 1122 1495 sustinet
1147 1461 1242 1496 ora
1268 1437 1410 1498 freti.

280 1533 429 1590 Dum
459 1530 608 1589 venit
634 1529 743 1590 huc
770 1555 992 1603 rumor,
1022 1549 1428 1617 properataque
1456 1536 1694 1597 carmina
1721 1537 1864 1598 fiunt
1881 1585 1895 1611 ,

361 1625 635 1709 Factaque
661 1638 792 1686 eunt
820 1626 888 1686 ad
917 1653 1015 1688 vos
1034 1676 1048 1699 ,
1078 1654 1258 1691 annus
1287 1633 1467 1695 abisse
1494 1649 1698 1716 potest.
2003 1651 2058 1694 60

282 1729 397 1786 Nec
424 1726 713 1785 minimum
742 1725 929 1799 refert,
958 1728 1161 1790 intacta
1188 1731 1392 1791 rosaria
1423 1732 1664 1815 primus,

366 1824 457 1881 An
484 1844 602 1881 sera
630 1844 818 1904 carpas
847 1845 998 1904 paene
1024 1823 1215 1885 relicta
1245 1850 1428 1887 manu.

288 1918 442 1997 Quid
470 1919 667 1978 mirum
688 1965 702 1990 ,
733 1918 886 1979 lectis
916 1922 1182 1982 exhausto
1210 1922 1444 1983 floribus
1472 1923 1637 1984 horto
1661 1970 1676 1995 ‚

286 2093 411 2131 venit.
438 2090 522 2131 Vix
540 2104 632 2130 meo
661 2103 780 2130 versa
799 2091 893 2146 lyra
918 2098 986 2132 est
1007 2089 1133 2146 pleri-

288 2170 371 2211 que
385 2161 573 2204 veteres;
593 2152 708 2207 quod
723 2169 746 2195 a
759 2152 958 2197 Fabricio
971 2155 1134 2199 mutari

287 2235 382 2261 non
403 2217 563 2260 debuit.
586 2216 751 2260 HEINS.

345 2289 368 2328 5
377 2276 412 2326 ι.
427 2286 604 2328 Novitas
622 2287 866 2338 grattlrsz'ma
884 2300 1028 2328 rerum,
1041 2285 1134 2329 Re-

287 2349 396 2393 ctius
417 2364 518 2392 cum
540 2349 723 2404 Argent.
745 2347 921 2405 aliisque
939 2350 1134 2393 nonnul-

288 2417 339 2461 lis
353 2450 364 2470 ,
378 2420 598 2460 carissima
608 2449 618 2467 ,
641 2416 741 2471 quia
757 2418 912 2459 Gratia
924 2415 1133 2473 sequitur.

345 2482 590 2539 52.Officio.
610 2482 692 2526 Rei
710 2482 771 2526 illi
787 2499 919 2539 quam
932 2483 1131 2538 facimus,

287 2561 337 2595 ut
349 2560 453 2607 puta
464 2582 475 2601 ,
497 2547 725 2593 scribendo
740 2548 1015 2606 triumphum
1028 2558 1043 2603 3
1060 2558 1135 2593 aut

290 2616 405 2661 aliud
425 2614 584 2671 aliquid
603 2614 756 2657 simile.

344 2681 410 2725 65.
422 2681 523 2722 Illa.
533 2678 706 2722 Scilicet
720 2678 914 2722 Carmina
935 2679 1134 2723 aliorum.

291 2769 346 2777 —-
356 2745 508 2787 Lector
518 2746 677 2786 sitiens.
700 2743 857 2787 Lector
871 2743 1134 2788 desiderans.

292 2832 347 2840 —
363 2810 531 2850 Plenus.
549 2807 653 2850 Jam
669 2816 789 2850 satur
811 2824 821 2851 :
842 2817 887 2851 et
903 2807 1003 2851 ideo
1012 2808 1136 2852 fasti-

293 2873 430 2916 diens.
452 2896 507 2904 —
525 2874 626 2916 Mea
640 2875 810 2927 pocula.
834 2872 1030 2916 Subaudi
1060 2877 1135 2916 bi-

293 2943 372 2990 bit,
392 2939 476 2982 hoc
496 2947 585 2992 est,
608 2938 712 2995 legit
724 2955 876 2983 meum
889 2955 1081 2983 carmen.

350 3004 416 3048 56,
446 3005 604 3048 Nostra
620 3008 775 3058 tepebit
792 3020 916 3061 aqua.
947 3007 1141 3059 Tepescz‘t

293 3070 420 3113 Polit.
442 3078 487 3112 et
511 3069 736 3112 Barberin.
752 3068 811 3112 H.
830 3093 885 3101 -
899 3071 1056 3113 Nostra
1071 3075 1137 3112 te-

284 3136 431 3188 pescit.
457 3132 650 3176 Carmen
673 3149 825 3177 meum
843 3149 992 3176 serum
1026 3131 1136 3175 nul-

292 3197 380 3238 lam
408 3196 586 3240 habebit
615 3198 798 3253 gratiam
825 3207 922 3254 post
952 3196 1137 3242 aliorum

291 3260 486 3304 carmina
507 3263 624 3317 prius
647 3264 896 3320 composita.

347 3329 412 3382 57.
441 3327 592 3370 Serum.
629 3330 807 3372 Tardum
838 3338 953 3383 tres;
975 3343 1138 3385 segnem

295 3407 352 3434 un
361 3407 420 3436 us.

1270 2090 1336 2132 58.
1374 2090 1560 2132 Sustinet
1593 2106 1668 2133 ora
1697 2089 1818 2144 freti.
1848 2090 2065 2135 Submovet

1215 2154 1401 2197 Putean.
1415 2162 1460 2197 et
1481 2154 1624 2198 Vatic.
1646 2153 1760 2197 Vide
1783 2163 1907 2198 notas
1929 2154 2061 2198 Trist.

1215 2219 1314 2273 111,
1338 2219 1459 2276 Eleg.
1479 2232 1545 2274 lv,
1568 2235 1677 2262 vers.
1694 2221 1760 2273 41.
1784 2220 1844 2262 H.

1271 2287 1337 2344 59.
1360 2287 1558 2328 Carmina
1565 2287 1695 2341 fiunt.
1717 2283 2033 2339 Vatican.fec1'.

1269 2350 1337 2392 62.
1359 2350 1460 2392 Sera
1472 2366 1610 2393 manu.
1624 2350 1767 2392 Manu
1782 2348 1905 2392 tarda
1921 2348 1975 2392 ad
1989 2348 2063 2392 de-

1216 2414 1454 2471 cerpendos
1473 2414 1730 2471 hujusmodi
1751 2414 1894 2458 flores.
1921 2413 2062 2470 Quasi

1215 2479 1328 2524 dicat
1343 2513 1354 2534 ,
1384 2496 1464 2537 ego
1487 2480 1634 2536 scripsi
1657 2489 1924 2536 postremus,
1954 2488 2063 2522 tan-

1216 2561 1350 2601 quam
1365 2546 1439 2602 qui
1453 2546 1620 2589 relictas
1640 2561 1757 2589 rosas
1775 2545 1945 2602 colligit.
1968 2545 2064 2588 Ro-

1215 2626 1271 2654 sae
1294 2610 1416 2654 enim
1436 2626 1534 2668 quae
1555 2611 1698 2668 primo
1710 2611 1940 2669 leguntur,
1961 2609 2061 2666 quia

1216 2675 1484 2733 pulchriores
1510 2675 1762 2734 deliguntur
1776 2709 1788 2731 ,
1810 2675 1945 2732 magis
1973 2673 2062 2716 de-

1215 2742 1390 2794 lectant,
1409 2759 1542 2799 quam
1561 2743 1655 2786 aliae
1669 2758 1679 2786 :
1693 2743 1752 2786 sic
1766 2759 1869 2799 ergo
1884 2741 1957 2797 qui
1970 2740 2063 2798 pri-

1216 2824 1291 2851 mo
1303 2809 1535 2851 materiam
1552 2808 1763 2865 triumphi
1785 2806 1966 2851 Caesaris
1983 2807 2061 2849 de—

1216 2874 1441 2930 scripsere,
1461 2873 1597 2929 magis
1617 2873 1803 2928 placent,
1820 2887 1953 2928 quam
1968 2888 2063 2928 ego.

1270 2938 1337 2981 63.
1357 2939 1502 2980 Lectis
1523 2939 1728 2980 exhausto
1733 2940 1914 2993 floribus
1930 2939 2062 2980 horto.

1217 3003 1345 3044 Sertis
1341 3004 1521 3057 floribus
1536 3001 1790 3045 Hafniensis
1804 3018 1814 3054 ;
1828 3002 2062 3059 eleganter.

1272 3067 1339 3110 65.
1366 3068 1578 3122 Deprecor
1605 3070 1694 3110 baec
1707 3101 1719 3122 ‚
1749 3075 1891 3110 vatum
1917 3075 2061 3110 contra

1218 3145 1299 3174 sua
1320 3136 1509 3174 carmina
1525 3148 1576 3175 ne
1594 3137 1687 3189 quis
1699 3134 1832 3176 Dicta
1838 3139 1968 3188 putet.
1980 3133 2062 3174 De-

1211 3213 1361 3252 precor
1376 3200 1455 3241 boc
1468 3200 1652 3256 Argent.
1674 3197 1829 3255 aliique
1846 3197 2061 3241 nonnulli.

1220 3262 1354 3305 Forte
1377 3296 1389 3317 ,
1423 3282 1446 3301 «
1478 3264 1545 3309 Ne
1574 3280 1757 3320 precor,
1789 3264 1880 3307 haec
1910 3271 2060 3306 vatum

1219 3325 1370 3371 contra
1397 3345 1475 3371 sua
1506 3330 1699 3372 carmina
1721 3345 1778 3372 ne
1810 3329 1904 3385 quis
1933 3327 2062 3370 Dicta

1221 3402 1372 3448 putet3
1398 3412 1419 3432 >²
1434 3403 1478 3438 et
1491 3402 1672 3438 venusta
1692 3393 1888 3450 profecto
1906 3391 1976 3435 illa
1997 3401 2062 3436 τοῦ
