2280 3776
272 288 345 364 94

743 290 809 342 P.
860 289 1155 344 OVIDII
1201 287 1579 345 NASONIS

358 405 672 488 Exprimat‚
703 419 784 466 est
813 403 994 486 aliquo
1023 428 1187 487 parva
1210 404 1408 467 tabella
1435 405 1594 467 loco:

278 504 463 585 thue
488 503 637 563 sedet
664 501 822 562 vultu
847 500 1022 562 fassus
1043 501 1401 563 ⁴Telamonius
1423 502 1588 576 iram,

358 601 532 680 Inque
563 596 733 656 oculis
760 596 970 657 facinus
997 597 1229 658 barbara
1258 614 1429 659 mater
1454 600 1624 659 habet
1648 621 1661 658 ε

281 693 370 752 Sic
398 691 645 752 madidos
675 691 840 752 siccat
869 690 1054 770 digitis
1082 694 1270 753 Venus
1301 693 1411 754 uda
1440 693 1701 777 capiIIOS,

359 790 434 847 Et
458 787 624 847 modo
651 786 910 848 maternis
938 802 1078 849 tecta
1108 788 1322 849 videtur
1343 790 1518 872 aquis.

281 882 434 943 Bella
465 898 662 942 sonant
690 883 781 943 alii
812 883 933 944 telis
961 884 1226 944 instructa
1251 879 1488 944 cruentis
1505 930 1522 956 ‚

362 979 603 1059 Parsque
634 978 716 1037 tui
740 978 952 1056 generis
971 1025 986 1051 ‚
1015 1002 1142 1060 pars
1173 993 1267 1038 tua
1293 977 1435 1036 facta
1461 990 1678 1037 canunt.

1960 990 2042 1034 530

283 1075 475 1136 Invida
497 1099 582 1136 me
611 1077 788 1158 spatio
817 1090 1008 1136 natura
1037 1075 1277 1136 coercuit
1307 1089 1456 1135 arcto
1477 1121 1493 1148 ,

362 1173 591 1252 Ingenio
616 1172 757 1232 vires
788 1172 1118 1253 exiguasque
1145 1170 1312 1230 dedit.

282 1270 360 1329 Et
385 1284 563 1328 tamen
581 1314 595 1339 ‚
626 1265 717 1326 ille
747 1281 851 1326 tuae
880 1266 1008 1326 felix
1034 1264 1300 1326 AEneidos
1326 1279 1543 1336 auctor,

366 1363 620 1427 Contulit
645 1363 704 1422 in
732 1364 931 1445 Tyrios
959 1386 1106 1423 arma
1133 1362 1419 1444 virumque
1443 1375 1632 1433 toros3

282 1466 399 1525 Nec
425 1461 625 1538 legitur
654 1483 781 1542 pars
809 1458 919 1518 ulla
947 1458 1120 1536 magis
1150 1458 1215 1518 de
1245 1480 1473 1541 corpore
1503 1470 1655 1529 ῐοῐο,
1962 1471 2042 1516 535

366 1559 548 1637 Quam
574 1580 689 1616 non
719 1555 962 1633 legitimo
995 1554 1196 1615 foedere
1220 1555 1443 1636 junctus
1470 1577 1641 1617 amor..

283 1653 552 1737 Phyllidis
581 1654 671 1713 hic
700 1653 868 1723 idem,
901 1659 1227 1735 tenerosque
1256 1650 1609 1733 Amaryllidis
1633 1649 1788 1728 ignes
1806 1695 1821 1720 ‚

363 1750 640 1811 Bucolicis
665 1748 876 1832 juvenis
904 1748 1108 1810 luserat
1134 1764 1260 1810 ante
1288 1748 1482 1808 modis.

288 1852 407 1910 Nos
440 1859 659 1932 quoque
677 1895 691 1922 ‚
719 1848 829 1930 jam
855 1847 1068 1931 pridem
1094 1848 1299 1930 scripto
1327 1845 1667 1930 peccavimus
1694 1868 1835 1917 uno;

289 1991 566 2049 Tranquillus
583 1991 770 2048 apertius
790 1990 967 2034 denotat
987 1991 1032 2034 in
1049 1991 1129 2034 Ti-

287 2056 411 2100 berio
430 2055 495 2099 his
517 2055 657 2098 verbis
678 2071 688 2098 :
710 2072 731 2092 κ
755 2053 964 2099 Cubicula
984 2054 1127 2116 pluri-

288 2121 445 2165 fariam
479 2120 678 2177 disposita
711 2119 872 2163 tabellis
909 2135 956 2163 ac
987 2119 1130 2175 sigillis

287 2186 657 2231 lascivissimarum
677 2186 942 2243 picturarum
955 2200 1004 2228 ac
1017 2184 1131 2242 figu-

290 2269 440 2297 rarum
461 2252 709 2305 adornavit,
730 2259 809 2295 etc.
827 2269 850 2288 »

346 2320 438 2362 525.
461 2319 595 2372 thue
612 2318 729 2359 sedet
746 2318 874 2358 vultu.
890 2314 1072 2371 Ajacem
1090 2323 1132 2356 et

290 2382 499 2426 Medeam
529 2380 803 2424 Timomachi
828 2379 1001 2433 innuit,‘
1027 2394 1132 2421 ma-

292 2449 407 2491 ximo
427 2447 566 2503 pretio
592 2446 644 2489 ab
665 2446 862 2502 Augusto
887 2444 1131 2499 redemtos,

291 2512 347 2554 de
366 2512 518 2567 quibus
532 2510 698 2553 Plinius
714 2543 726 2566 ,
742 2510 812 2553 lib.
831 2509 1016 2553 XXXV.
1030 2509 1134 2551 Me-

295 2577 374 2620 dea
395 2574 667 2619 Timomachi
685 2574 885 2618 laudatur
906 2574 1101 2617 Ausonio
1121 2605 1133 2626 ,

295 2652 339 2686 et
360 2640 593 2685 Plutarcho
607 2672 620 2694 ‚
652 2639 782 2682 etiam
803 2640 851 2682 in
872 2638 1135 2694 Anthologia

296 2722 444 2764 graeca.
465 2705 526 2748 H.
538 2726 593 2738 -·-
610 2704 745 2759 thue
759 2706 877 2746 sedet
892 2706 1021 2746 vultu.
1038 2703 1136 2745 Ta-

295 2770 415 2814 bulas
435 2768 579 2826 Ajacis
602 2775 646 2811 et
668 2767 841 2810 Medeae
862 2766 1088 2822 intelligit,
1113 2781 1137 2808 a

301 2835 470 2880 Caesare
495 2842 594 2877 ante
621 2832 759 2875 aedem
780 2832 965 2875 Veneris
989 2832 1139 2874 Geni-

297 2901 412 2945 tricis
433 2900 612 2953 dicatas,
632 2907 682 2941 ut
703 2907 766 2942 est
790 2907 940 2941 auctor
959 2898 1136 2941 Plinius.

354 2967 448 3010 526.
473 2968 601 3021 Inque
616 2968 760 3009 oculis.
793 2966 948 3008 Oculos
963 2963 1139 3021 plurimi

296 3031 456 3088 scripti.

355 3099 447 3152 527.
463 3096 534 3138 St‘c
544 3095 735 3137 madidos
745 3096 901 3149 dzgnm.
919 3093 1138 3138 Venerem

302 3162 495 3217 designat
515 3160 567 3203 ab
587 3158 738 3216 Apelle
768 3159 925 3215 pictam
942 3191 954 3213 ,
981 3158 1034 3201 de
1051 3168 1140 3214 'qua

299 3229 360 3271 ita
373 3226 539 3269 Plinius
557 3224 701 3267 scribit
716 3223 962 3267 :Venerem
978 3239 1139 3267 exeun-

303 3302 393 3335 tem
413 3306 436 3332 e
459 3289 570 3332 mari
590 3287 728 3332 Divus
750 3289 968 3346 Augustus
988 3287 1143 3331 dicavit

301 3358 347 3405 in
362 3354 541 3397 delubro
553 3352 684 3409 patris
699 3350 880 3396 Caesaris
891 3385 903 3407 ,
919 3368 1014 3408 quae
1026 3354 1142 3395 Ana-

303 3423 501 3478 dyomene
514 3451 525 3468 ,
558 3424 749 3464 vocatur.
777 3414 1023 3461 Consenuit
1054 3416 1143 3463 haec

1209 1989 1352 2037 tabula
1373 1989 1510 2044 carie,
1529 1989 1742 2045 aliamque
1762 2003 1841 2044 pro
1861 2003 1909 2031 ea
1927 1987 2048 2033 Nero

1207 2054 1254 2098 in
1266 2053 1508 2112 principatu
1518 2068 1597 2096 suo
1609 2052 1827 2096 substituit
1837 2051 2051 2095 Dorothei

1209 2135 1356 2163 manu.
1395 2119 1567 2175 Apelles
1609 2118 1887 2162 inchoaverat
1923 2117 2050 2160 aliam

1211 2184 1436 2227 Venerem
1459 2182 1590 2237 Cois,
1618 2190 1895 2239 superaturus
1920 2182 2051 2224 etiam

1210 2249 1327 2292 illam
1346 2250 1551 2306 priorem.
1574 2247 1734 2292 Invidit
1751 2262 1868 2290 mors
1882 2255 2053 2304 peracta

1211 2324 1333 2372 parte
1352 2332 1365 2360 t
1384 2330 1467 2360 nec
1487 2315 1560 2372 qui
1579 2313 1827 2358 succederet
1853 2313 1973 2370 operi
1998 2312 2054 2356 ad

1211 2382 1455 2439 praescripta
1464 2382 1729 2426 lineamenta
1740 2413 1751 2435 ,
1766 2381 1969 2424 inventus
1977 2388 2052 2424 est.

1270 2449 1362 2492 530.
1382 2451 1490 2492 Pars
1506 2457 1581 2492 tua
1590 2447 1720 2503 facta
1738 2450 1866 2490 canit.
1891 2448 2057 2489 Canunt

1214 2514 1371 2557 rectius
1400 2511 1590 2569 quidam.
1619 2513 1680 2556 H.
1700 2535 1754 2544 —
1780 2513 1864 2554 Tui
1880 2513 2054 2568 genens.

1215 2581 1363 2635 Lucii,
1388 2579 1510 2635 Caii,
1533 2579 1723 2634 Tiberii,
1746 2577 1904 2632 Drusi,
1929 2577 2051 2620 Ger-

1215 2645 1401 2700 manici,
1424 2653 1467 2689 et
1490 2643 1686 2688 aliorum.

1272 2711 1362 2755 535.
1384 2711 1472 2754 Nec
1499 2713 1648 2765 legitur
1661 2725 1766 2764 pars
1796 2711 1885 2751 ulla
1906 2711 2053 2762 magis.

1220 2774 1441 2831 Quartum
1453 2771 1663 2816 AEneidos
1682 2771 1785 2815 dicit
1805 2788 1815 2814 ε
1841 2771 1937 2827 qui,
1959 2787 2054 2826 pro-

1216 2850 1315 2897 pter
1332 2838 1531 2883 carminis
1550 2837 1763 2881 lasciviam
1779 2845 1823 2879 et
1836 2836 2028 2880 adfectus
2040 2870 2053 2890 ,

1218 2903 1453 2962 plurimum
1466 2901 1647 2945 delectat
1658 2935 1669 2956 ,
1692 2911 1736 2945 et
1749 2902 1882 2958 magis
1897 2934 1907 2955 ,
1924 2917 2056 2958 quam

1217 2966 1358 3011 caete'ri
1372 2999 1383 3021 ,
1398 2965 1689 3022 legitur.—-De
1699 2982 1862 3021 corpore
1877 2974 1974 3009 toto.
1985 2965 2055 3008 De

1219 3040 1312 3075 toto
1326 3046 1456 3088 opere
1475 3029 1700 3073 AEneidos.

1275 3097 1365 3153 537.
1385 3097 1624 3151 Teneroeque
1638 3097 1913 3154 Amaryllidis
1930 3097 2059 3150 ignes.

1227 3161 1479 3215 Teucrosque
1497 3159 1593 3201 libri
1613 3159 1811 3202 meliores
1826 3192 1837 3214 ,
1859 3166 1902 3201 et
1924 3160 2059 3200 Ama-

1217 3226 1402 3282 tyllz'dos.
1423 3225 1588 3267 Hiems.

1277 3289 1369 3346 539.
1389 3290 1548 3343 Scrzjoto
1564 3294 1826 3343 peccavimus
1843 3292 1938 3331 Atto.
1966 3287 2059 3328 Uno

1222 3360 1308 3395 tres
1327 3361 1505 3396 veteres.
1523 3353 1720 3398 Bucolica
1744 3353 1861 3398 enim
1877 3348 2058 3395 Ovidius

1221 3434 1313 3463 non
1332 3419 1507 3476 scripsit.
1531 3419 1590 3463 H.
