2280 3776
544 305 1000 362 TRISTIUM
1036 306 1203 360 LIB.
1247 305 1322 359 V.
1367 304 1615 359 ELFG.
1671 305 1743 357 V.

1922 323 2031 378 219

269 424 393 506 Ipsa
425 422 531 482 sibi
560 423 792 495 discors,
827 437 1083 505 tanquam
1111 421 1400 482 mandetur
1425 420 1494 482 ab
1519 419 1654 491 illis,
1980 437 2034 477 35

352 519 631 580 Scinditur
657 521 714 580 in
742 534 923 603 partes
949 534 1061 580 atra
1095 517 1271 578 i'aviila
1302 519 1453 579 duas.

270 615 421 686 Hoc,
451 614 698 688 memini,
731 614 1004 698 quondam
1036 614 1152 675 fieri
1183 638 1294 675 non
1323 636 1487 696 posse
1516 611 1807 695 loquebar,

350 713 425 770 Et
451 711 843 794 meBattiades
868 712 1048 794 judice
1074 711 1245 773 salsus
1269 725 1410 771 erat.·

273 808 476 869 Omnia
498 833 646 869 nunc
673 808 868 881 credo;
901 832 1072 892 quum
1103 823 1163 870 tu
1195 806 1483 869 consultus
1511 806 1580 866 ab
1611 806 1782 864 Arcto

288 971 290 974 ,
351 905 556 984 Terga,
588 929 785 989 vapor,
819 906 1063 978 dederis,
1097 904 1510 986 Ausoniamque
1541 915 1710 985 petas.
1989 914 2043 970 4⁰

272 1003 403 1063 Haec
431 1003 602 1081 igitur
628 1003 721 1064 lux
750 1019 861 1077 est,
893 1029 1012 1088 quae
1039 1004 1086 1064 si
1116 1027 1227 1063 non
1260 1016 1380 1063 orta
1408 1001 1635 1072 suisset,

352 1099 517 1160 Nulla
547 1100 654 1161 fuit
679 1100 878 1161 misero
908 1101 1046 1162 festa
1076 1099 1305 1161 videnda
1334 1098 1486 1158 mihi.

272 1191 466 1254 Edidit
495 1195 608 1255 haec
637 1219 818 1256 mores
844 1193 954 1256 illis
983 1194 1227 1256 heroisin
1257 1216 1473 1275 aequos),

356 1290 530 1371 Queis
561 1306 674 1352 erat
699 1292 930 1364 Eetion,
963 1292 1278 1375 Icariusque
1305 1304 1475 1373 pater.

274 1429 384 1474 belia
412 1439 516 1475 nota
535 1439 637 1476 sunt
662 1429 846 1475 Diodori
877 1438 921 1475 et
948 1429 1119 1488 Papinii

276 1496 576 1540 monumentis
598 1513 608 1540 :
629 1497 792 1541 mutuis
821 1497 942 1541 enim
968 1497 1120 1542 ictibus

279 1559 487 1606 cecidere.
600 1566 604 1571 “

321 1625 497 1681 ,35Jpsa
505 1627 767 1671 sibidhcors.
778 1626 935 1683 Quum
949 1625 1121 1685 Polyni-

279 1691 338 1801 ἢ,
354 1691 536 1737 cadaver
552 1692 804 1751 impositum
818 1693 970 1738 suisset
984 1693 1123 1737 Eteo-

280 1773 302 1800 c
320 1756 354 1800 is
364 1773 487 1815 roge,
501 1759 643 1803 subito
653 1759 828 1803 flamma
843 1759 1031 1804 discessit
1043 1776 1124 1804 :ca-

282 1834 415 1874 neme
427 1825 627 1883 Papinio,
639 1826 748 1870 iibro
757 1827 1003 1871 Thebaidos
1019 1827 1125 1870 duo·

281 1888 451 1933 decimo
474 1922 485 1945 ,
519 1907 576 1934 vs.
600 1893 680 1946 ,430
703 1907 794 1949 sqq.
822 1893 876 1936 Et
900 1893 1122 1947 Lucanus,

282 1954 433 2000 Phara.
451 1956 522 2000 lib.
544 1958 585 2011 1,
603 1974 641 2000 v.
664 1961 737 2002 55ι
764 1974 774 2001 :
796 1976 815 1995 «ι
832 1957 1059 2002 Scinditur
1079 1958 1123 2002 in

282 2029 423 2077 partes
434 2053 446 2075 ‚
461 2022 720 2079 geminoque
734 2024 959 2068 cacumine
970 2025 1124 2083 surgit,

282 2085 517 2131 Thebanos
539 2088 705 2133 imitata
728 2105 866 2146 rogos.
887 2108 907 2128 υ

335 2151 401 2194 38.
417 2154 660 2197 Battiades.
673 2153 967 2199 Callimachus
981 2164 1126 2212 poeta,

283 2219 357 2276 qui
381 2218 466 2264 hoc.
493 2220 742 2277 scripserat,
773 2237 828 2265 sc.
851 2222 904 2265 de
935 2222 1060 2266 fumo
1079 2223 1126 2265 in

284 2284 390 2328 duas
407 2293 550 2341 partes
562 2294 696 2329 eunte
712 2318 724 2340 ‚
738 2286 783 2329 in
797 2286 925 2331 sacris
940 2285 1129 2331 Eteoclis

285 2361 330 2395 et
350 2350 578 2411 Polynicis.

339 2414 406 2474 39.
429 2418 563 2470 Quum
582 2423 627 2459 tu
645 2428 727 2459 non
744 2420 898 2460 staeltaes
917 2420 973 2460 ab
996 2419 1130 2460 Arcto

292 2479 445 2534 Ter-5114
464 2491 604 2534 vapor,
627 2481 799 2523 dederis.
814 2480 947 2524 Nihili
964 2488 1027 2523 est
1040 2480 1132 2524 haec

286 2543 441 2586 lectio:
458 2545 695 2588 Vossianus
710 2559 792 2588 non
809 2547 957 2588 cultus.
980 2544 1131 2588 Scribe

287 2612 531 2667 consultas,-
550 2609 798 2653 verbum-in
813 2609 1030 2654 sacrifieiis
1043 2608 1134 2652 usi-

288 2682 430 2719 tatum
451 2692 461 2719 :
481 2679 778 2733 κακνομάντειαν
804 2675 975 2734 respicit
996 2691 1007 2719 ε
1031 2675 1134 2719 hinc

288 2744 501 2785 consulere
511 2740 645 2792 Deos.
672 2750 790 2791 exta,
818 2749 955 2788 vates.
977 2741 1134 2798 passim

290 2807 335 2850 in
349 2807 627 2865 scriptorihus
647 2808 848 2865 antiquis.
868 2809 1036 2851 Hnms.

346 2875 413 2926 40.
433 2873 564 2929 Ἀνὴρ
575 2877 749 2918 dedetis.
769 2873 951 2930 Fugeris
967 2872 1137 2916 ltaliam

293 2948 466 2991 versus,
490 2939 563 2982 ubi
583 2945 676 2983 erat
697 2948 835 2996 poetae
851 2952 969 2981 uxor.

350 3002 416 3055 4¹·
434 3003 538 3046 Hoc
548 3007 635 3046 lux.
659 3004 746 3048 Hic
766 3004 856 3047 dies
878 3001 1108 3047 natalitius.

349 3065 414 3120 43.
434 3066 585 3110 Edidit
594 3071 681 3111 hec
692 3066 825 3112 neores-
843 3072 933 3111 illis
947 3071 1139 3111 heroibus

296 3147 431 3188 aequos
444 3162 455 3179 .
482 3132 608 3186 Quet‘s
619 3142 710 3175 emt
721 3132 937 3193 Eurytion,
960 3137 1140 3177 Icarios·

297 3207 372 3255 que
382 3205 514 3254 pater.
534 3197 603 3241 De
622 3199 796 3244 feminis
813 3201 900 3258 agit
917 3218 927 3244 :
944 3212 1139 3258 quomo-

299 3263 356 3307 do
388 3279 490 3322 ergo
520 3267 706 3310 heroides
730 3268 776 3311 in
802 3268 955 3311 heroas
985 3277 1138 3312 muta-

300 3339 354 3374 ¹ae
371 3330 389 3373 ?
420 3339 587 3375 veteres
619 3331 746 3375 multi
777 3335 1034 3385 heroidt'bus,
1073 3332 1140 3376 vei

299 3396 516 3439 herodibus
527 3430 537 3447 ,
556 3397 623 3442 vel
638 3394 863 3450 errae-ibam
885 3398 1142 3442 Bononien-

302 3458 353 3504 sis
362 3462 581 3506 hebrozh'tlr.
592 3462 739 3507 Scribe
749 3465 928 3507 heroisin
935 3480 1034 3507 cum
1045 3464 1141 3508 Sca·

1199 1429 1335 1488 ligero
1346 1462 1359 1484 ,
1378 1433 1534 1491 ἧρωῑσιν
1545 1461 1556 1481 ,
1576 1425 1650 1484 qui
1666 1423 1725 1469 sic.
1737 1424 1782 1468 in
1798 1439 1874 1467 ora
1887 1421 2044 1467 codicis

1200 1498 1266 1541 sui
1294 1496 1576 1549 emendarat,
1613 1502 1656 1537 et
1690 1508 1789 1536 cum
1823 1490 2047 1535 salmasio.

1202 1563 1366 1607 Statius
1383 1595 1395 1616 ,
1411 1561 1529 1621 Sylv.
1545 1560 1614 1604 lib.
1630 1559 1697 1603 lu
1714 1592 1725 1611 ,
1749 1557 1802 1601 ad
1819 1557 2014 1601 Uxorem
2031 1587 2044 1610 ,

1202 1632 1277 1685 44:
1296 1649 1314 1665 «
1333 1630 1435 1673 Heu
1458 1628 1529 1671 uhi
1552 1635 1656 1671 nota
1675 1626 1782 1670 fides
1798 1634 1947 1682 totque
1963 1638 2046 1667 ex-

1203 1695 1367 1752 plorata
1382 1709 1460 1751 per
1468 1709 1584 1747 usus,
1599 1693 1704 1749 Qua
1713 1699 1879 1735 veteres
1888 1688 2046 1743 Latias,

1201 1761 1441 1818 Graiasque
1458 1758 1656 1804 heroidas
1668 1756 1840 1815 aequas?
1862 1774 1882 1793 »ι
1906 1754 1979 1799 ubi
1992 1753 2050 1796 vi·

1202 1826 1361 1870 tiosum
1384 1842 1430 1870 ac
1445 1826 1665 1882 ingratum
1683 1830 1840 1868 sonant
1864 1830 2052 1878 quatuor

1203 1907 1327 1935 voces
1344 1892 1551 1935 continue
1572 1891 1615 1933 in
1634 1905 1686 1932 as
1699 1888 1950 1932 desinentes
1963 1919 1975 1938 ‚
2001 1892 2050 1927 ut

1204 1957 1368 2001 Statius
1378 1955 1599 2012 reliquisse
1609 1948 2051 2012 possitvideriquua

1203 2024 1362 2068 veteris
1410 2023 1519 2067 Latii
1546 2055 1557 2074 ,
1592 2020 1821 2077 Graiisque
1860 2016 2050 2061 heroisin

1206 2105 1327 2148 aequa
1346 2107 1403 2134 es.
1417 2108 1437 2127 ιο
1454 2089 1543 2133 Sed
1564 2085 1767 2132 nondum
1793 2091 1967 2128 sanatus
1988 2088 2052 2124 est

1205 2156 1336 2199 locus.
1351 2156 1570 2211 Quaenam
1583 2154 1703 2197 enim
1715 2147 1971 2209 Eurytionis
1983 2146 2055 2189 illa

1207 2221 1292 2264 filia
1303 2221 1323 2264 ?
1334 2221 1524 2277 Scaliger
1538 2220 1806 2276 Antigenen,
1824 2214 1942 2258 Pelei
1954 2227 2055 2254 uxo-

1207 2304 1303 2331 rem
1316 2322 1327 2342 ,
1344 2285 1624 2344 inteliigehat.
1639 2283 1726 2328 Sed
1741 2296 1951 2340 quorsum
1964 2288 2054 2322 tam

1207 2352 1441 2396 obscurum
1459 2348 1659 2394 nomen?
1682 2347 1840 2403 Scripti
1859 2353 2026 2388 veteres
2039 2374 2052 2395 ‚

1209 2418 1459 2474 Euty‘che'on,
1473 2416 1667 2458 Euche‘on
1676 2448 1685 2463 ,
1706 2420 1750 2456 et
1764 2409 1918 2456 similia
1933 2427 1943 2457 ;
1959 2406 2058 2450 Eri-

1206 2486 1294 2524 !ion
1310 2478 1742 2536 Rottendorphianus
1758 2496 1768 2528 ;
1788 2475 1954 2534 primus
1967 2474 2057 2516 Po-

1210 2548 1347 2591 litiani
1358 2549 1585 2596 Eucalt'om
1598 2544 1707 2590 aiter
1717 2547 1880 2593 Eetion,
1894 2540 2056 2599 optime

1213 2618 1255 2656 et
1278 2612 1511 2656 verissime.
1530 2609 1871 2655 Andromachen
1889 2607 2059 2651 intelli—

1213 2694 1264 2736 ge
1280 2711 1292 2731 ‚
1315 2677 1550 2722 notissimae
1571 2675 1788 2733 pudicitiae
1816 2673 2029 2716 seminam
2047 2688 2058 2715 t

1214 2743 1327 2800 apuli
1339 2743 1588 2801 Homerum
1600 2775 1611 2796 ,
1629 2740 1748 2812 liiad.
1762 2745 1793 2785 Ξ
1804 2774 1815 2794 ,
1831 2730 2059 2802 Ᾰνὴωμᾶχη

1213 2810 1387 2871 5:170}er
1397 2812 1648 2868 μεγαλῆτσρος
1661 2814 1854 2854 Ἠετίωνος.
1863 2807 2062 2847 -Eetio-

1215 2879 1284 2918 nis
1314 2886 1478 2917 nomen
1511 2886 1686 2930 quoque
1717 2871 1833 2915 varie
1867 2869 2064 2912 mendo-

1215 2952 1313 2984 sum
1325 2938 1503 2996 adparet
1512 2939 1556 2982 in
1570 2937 1738 2994 scriptis
1749 2934 2064 2992 exempiaribus

1216 3005 1330 3048 Fast.
1346 3002 1419 3047 lib.
1434 3004 1518 3059 IV,
1537 3005 1618 3046 280
1631 3037 1641 3057 ,
1658 3005 1719 3046 E!
1739 3002 1921 3047 Theben,
1945 3006 2065 3041 vete-

1216 3086 1281 3114 res
1301 3070 1492 3113 Eetiomlr
1503 3083 1626 3124 opes‚·
1652 3077 1695 3111 et
1707 3067 1819 3110 Met.
1831 3065 1936 3119 XII,
1958 3082 1972 3107 ι
1987 3081 2035 3107 ιο
2050 3096 2062 3118 ,

1218 3135 1291 3178 ubi
1304 3137 1529 3177 Eetioneas
1549 3134 1714 3176 Thebas
1726 3129 1923 3188 adpellat.
1938 3129 2071 3173 Trist.

1220 3203 1264 3254 I,
1288 3200 1406 3257 Eleg.
1427 3213 1477 3242 vl
1492 3233 1504 3254 ,
1526 3214 1584 3242 vs.
1605 3201 1652 3242 18
1671 3215 1682 3241 ι
1704 3215 1726 3235 «
1747 3198 1838 3240 Nec
1854 3195 2067 3253 probitate

1220 3276 1293 3310 tua
1310 3266 1430 3323 prior
1440 3275 1520 3318 est,
1536 3275 1609 3308 aut
1625 3263 1829 3308 Hectoris
1837 3278 1960 3315 uxor,
1974 3262 2068 3304 Aut

1219 3348 1365 3375 comes
1398 3331 1608 3374 exstincto
1639 3329 1874 3373 Laodamia
1897 3327 2014 3375 vir03
2047 3344 2068 3362 n

1219 3394 1247 3439 l.
1260 3399 1317 3451 V,
1338 3396 1402 3440 El.
1417 3397 1493 3440 uit'.
1515 3397 1592 3452 37:
1610 3414 1633 3433 κ
1657 3393 1814 3438 Cernis
1826 3402 1876 3436 ut
1893 3390 2070 3434 Admeti

1224 3473 1424 3508 cantetur
1438 3497 1449 3517 ‚
1475 3472 1519 3507 et
1534 3461 1739 3506 Hectoris
1762 3476 1883 3504 uxor.
1899 3477 1918 3495 ν)
1942 3458 2004 3499 H.
