2280 3776
274 323 374 381 170

739 307 802 360 Ρ.
852 306 1145 362 OVIDII
1178 303 1554 360 NASONIS

231 438 235 442 ’
270 422 410 500 Quae
437 419 594 492 latet,
623 421 788 503 inque
817 420 980 481 bonis
1011 437 1183 482 cessat
1212 446 1327 481 non
1359 421 1576 500 cognita
1598 420 1787 494 rebus,

341 516 589 598 Adparet
614 516 785 575 virtus
814 517 1171 599 arguiturque
1204 517 1378 578 malis.
1429 596 1435 597 V
1975 539 2033 581 δυ

259 611 373 670 Dat
404 611 503 669 tibi
533 625 718 670 nostra
749 610 926 670 locum
963 611 1109 671 tituli
1136 611 1386 683 fortuna,
1421 625 1694 693 caputque

344 706 718 788 Conspicuum
748 707 920 789 pietas
956 732 1063 790 qua
1092 723 1183 768 tua
1211 708 1368 768 tollat
1397 707 1579 768 habet.

260 803 426 860 Utere
456 804 798 885 temporibus
818 851 832 874 ‚
867 828 1102 886 quorum
1132 827 1277 864 nunc
1302 827 1524 864 munere
1553 803 1692 881 freta
1713 825 1771 862 es
1796 825 1810 861 :

339 897 458 956 En!
490 911 643 979 patet
671 897 728 957 in
758 897 945 959 laudes
975 923 1097 960 area
1127 899 1234 959 lata
1264 914 1402 959 tuas.

258 1039 353 1092 IV,
380 1038 499 1095 Eleg.
526 1053 636 1094 vlu,
661 1042 774 1083 25:«
790 1040 985 1098 Tempus
1010 1050 1103 1084 erat

258 1119 339 1146 nec
358 1119 427 1146 me
446 1106 727 1161 peregrinum
745 1105 903 1149 ducere
924 1107 1075 1151 cael'um
1088 1140 1099 1161 ,

257 1168 350 1211 Nec
373 1168 526 1212 siccam
551 1169 706 1213 Getico
725 1170 847 1213 fonte
876 1171 1017 1214 levare
1037 1172 1101 1215 si·-

259 1233 362 1275 tim:
387 1234 444 1276 Et
466 1234 618 1289 modo,
646 1250 753 1290 quos
778 1235 931 1290 habui,
948 1253 1102 1280 vacuos

257 1297 457 1341 secedere
473 1299 517 1341 in
534 1299 695 1343 hortos.
712 1318 734 1338 »
750 1300 866 1344 Alibi
882 1302 1002 1345 enim
1016 1302 1103 1346 lau·

259 1362 480 1406 dathortos
491 1379 590 1406 suos
602 1381 756 1420 :quare
765 1365 904 1409 scribo
912 1384 1098 1418 vacuum,

255 1425 340 1470 hoc
357 1436 442 1482 est,
466 1428 654 1471 otiosum
677 1445 686 1472 ε
707 1432 821 1472 horti
838 1430 957 1473 enim
982 1436 1106 1476 vacui

254 1495 402 1538 minus
426 1495 539 1538 bene
569 1495 798 1550 dicuntur,
830 1513 932 1540 arva
966 1511 1102 1541 vacua

253 1560 366 1603 bene
382 1577 391 1611 ;
410 1559 463 1602 de
481 1560 635 1616 quibus
650 1561 760 1604 Met.
776 1561 865 1616 IV,
881 1577 990 1604 vers.
1004 1563 1101 1617 341;

254 1624 314 1667 sic
333 1641 456 1666 aures
469 1642 630 1671 vacuoe,
656 1635 700 1668 et
709 1625 875 1669 similia.
891 1627 1019 1670 Pont.
1032 1627 1103 1670 lib.

254 1688 339 1742 IV,
354 1689 419 1731 ΕΙ.
434 1705 477 1743 V,
497 1693 547 1732 25
562 1705 572 1732 z
586 1690 809 1747 «Tempus
823 1691 875 1734 ab
891 1690 955 1734 his
967 1703 1102 1734 vacuo

256 1752 405 1796 Caesar
413 1753 703 1804 Germanicus
715 1772 845 1799 omne
863 1756 1068 1800 Auferet:
1082 1775 1102 1795 »

254 1819 329 1860 ubi
347 1835 465 1862 nunc
479 1819 636 1875 legitur
654 1839 845 1865 vacuum.
864 1820 925 1866 H.
941 1844 995 1854 ·-·
1010 1823 1105 1879 Ego

254 1893 404 1927 tamen
426 1895 577 1929 contra
597 1887 765 1932 codices
787 1888 894 1932 nihil
918 1890 1103 1944 mutavi,

255 1965 391 2005 quum
405 1951 776 2007 eleganterjacere
789 1954 995 1997 dicuntur
1009 1971 1106 2011 quae

254 2016 537 2072 negliguntur
548 2050 560 2070 ‚
575 2034 656 2061 nec
668 2019 911 2063 creduntur
923 2035 1012 2063 esse
1028 2021 1108 2064 uii-

254 2082 328 2136 lia,
339 2093 411 2126 aut
426 2086 682 2139 necessaria,
697 2086 771 2128 sed
789 2087 948 2129 nuliius
965 2087 1106 2143 pretii.

257 2147 317 2190 Et
337 2148 396 2191 ita
421 2147 579 2192 Cicero
586 2150 737 2206 jacere
756 2159 799 2192 et
819 2155 954 2205 vigere
970 2152 1109 2208 obpo-
1130 2191 1138 2193 s

256 2214 350 2268 nit,
369 2214 479 2258 Phil.
497 2216 537 2258 X
552 2247 563 2269 ,
593 2233 615 2272 7
632 2233 642 2267 ;
669 2225 711 2259 et
726 2215 780 2259 de
800 2216 893 2260 Off.
911 2218 980 2261 III
999 2250 1010 2270 ,
1028 2233 1107 2260 ao:

258 2296 282 2316 «
304 2280 474 2326 Marius
495 2295 632 2336 quum
652 2281 740 2336 jam
762 2281 1107 2337 septimum'an-

256 2359 367 2387 num
401 2354 497 2401 post
519 2353 754 2400 praeturam
782 2346 955 2402 jaceret.
978 2364 1000 2384 ι»
1022 2346 1107 2390 se-

256 2426 364 2453 neca
379 2443 390 2463 ,
415 2409 468 2452 de
491 2409 646 2453 Benef.
675 2410 766 2464 Vl,
792 2411 871 2454 38:
893 2428 915 2447 «
936 2411 1110 2454 Jacebit

258 2489 390 2531 opera
407 2474 567 2518 fabrilis
584 2508 596 2528 ‚
615 2493 636 2513 υ
661 2483 704 2518 et
721 2474 778 2518 ita
795 2474 863 2519 alii
883 2476 1054 2532 passim.

313 2540 380 2596 81.
400 2541 494 2582 Dat
503 2543 580 2588 tibi
590 2571 600 2581 .
610 2571 619 2581 .
630 2573 639 2582 .
654 2543 788 2582 locum
804 2541 1109 2597 titulifilrtuna.

260 2603 419 2646 Malirh
434 2606 580 2647 titum.
606 2603 666 2647 H.
690 2627 743 2637 -—
772 2607 916 2649 Tituli.
938 2605 1110 2650 Laudis.

262 2672 476 2726 Caputque
489 2672 776 2724 Conspicuam.
799 2671 857 2714 Et
880 2679 953 2715 tua
975 2671 1110 2728 pietas

264 2734 396 2781 habet
414 2751 500 2793 quo
520 2733 641 2779 tollat
659 2745 789 2793 caput
802 2737 1098 2794 conspicuum.

1243 1042 1308 1085 83.
1336 1042 1514 1096 Quorum
1537 1042 1647 1083 nunc
1671 1054 1836 1090 munere
1843 1037 1965 1094 freta
1976 1055 2034 1082 es.

1186 1108 1238 1151 In
1262 1107 1396 1151 MSS.
1423 1105 1590 1150 Ricbel.
1617 1114 1710 1149 erat
1725 1138 1737 1159 ,
1759 1120 1925 1161 quorum
1958 1106 2041 1146 tibi

1183 1176 1306 1228 copia
1315 1189 1423 1216 nunc
1431 1179 1511 1225 est‚·
1523 1170 1599 1214 sed
1610 1187 1753 1227 neque
1764 1170 1847 1213 hoc
1858 1184 2035 1213 sensum

1185 1245 1335 1294 aptum
1356 1237 1486 1281 facit:
1507 1236 1553 1279 in
1575 1245 1761 1292 quatuor
1783 1235 1873 1278 aliis
1888 1267 1899 1289 ,
1920 1250 2031 1290 quo-

1185 1318 1272 1346 rum
1298 1312 1343 1345 tu
1375 1317 1538 1344 munere
1553 1299 1673 1355 ficta
1701 1314 1775 1352 es,·
1796 1300 1842 1342 in
1874 1299 2036 1341 Lovan.

1185 1383 1352 1424 quorum
1363 1370 1428 1410 sic
1442 1365 1515 1418 ;in
1529 1365 1680 1422 optim.
1699 1363 1842 1408 codd.
1854 1364 1883 1407 J
1889 1363 2036 1406 unian.

1185 1441 1228 1476 et
1247 1432 1365 1475 Leid.
1381 1432 1562 1486 Quorum
1575 1447 1658 1474 non
1668 1445 1830 1474 munere
1829 1428 1952 1485 stela
1963 1445 2008 1472 es
2016 1442 2034 1482 ‚⁶

1184 1511 1237 1539 ex
1253 1510 1442 1553 quorum
1459 1495 1646 1552 vestigiis
1663 1493 1823 1538 rectius
1836 1492 1923 1549 legi
1933 1507 2031 1548 pos-

1185 1569 1251 1604 set
1272 1573 1282 1600 2
1306 1578 1326 1597 «
1351 1561 1491 1603 Utere
1526 1558 1820 1615 temporibus,
1846 1571 2035 1613 quorum

1187 1643 1279 1670 non
1313 1643 1498 1669 munere
1531 1634 1701 1681 spreto,
1739 1624 1810 1667 En
1844 1631 1963 1679 patet
1989 1622 2035 1664 in

1185 1691 1333 1735 laudes
1344 1706 1442 1734 area
1461 1690 1545 1734 lata
1561 1687 1671 1732 tuas!
1690 1706 1710 1725 »
1733 1688 1874 1732 Utere
1894 1686 2038 1730 infeli-

1185 1757 1304 1801 cibus
1314 1755 1461 1800 mariti
1472 1754 1534 1799 tui
1544 1752 1812 1811 temporibus
1821 1785 1833 1807 ,
1849 1767 2036 1809 quorum

1186 1840 1348 1868 munus
1363 1856 1375 1878 ,
1403 1822 1446 1865 id
1475 1830 1564 1876 est,
1599 1820 1868 1865 occasionem
1890 1818 1923 1862 si
1945 1834 2035 1860 non

1186 1907 1365 1948 spernas
1379 1923 1391 1945 ,
1420 1888 1575 1945 ingens
1594 1886 1671 1931 tibi
1693 1884 1740 1929 in
1771 1882 1919 1928 laudes
1938 1900 2038 1927 area

1187 1957 1375 2014 patebit,
1390 1955 1505 1999 etita
1521 1953 1606 1997 erit
1619 1985 1630 2007 ,
1647 1960 1696 1995 ut
1709 1951 1807 1995 alibi
1823 1950 1926 1994 dicit
1939 1983 1950 2005 ,
1966 1950 2039 1993 ali-

1188 2021 1283 2078 quis
1302 2035 1402 2064 usus
1417 2019 1464 2061 in
1477 2017 1574 2075 ipsis
1589 2015 1727 2059 malis.
1746 2016 1923 2058 Munera
1934 2031 2039 2057 vero

1189 2093 1233 2129 et
1259 2088 1372 2128 dona
1391 2081 1601 2140 temporis
1618 2114 1630 2135 ,
1653 2080 1778 2124 obvia
1797 2088 1842 2122 et
1867 2079 2039 2136 elegans

1187 2150 1374 2195 locutio:
1394 2149 1453 2193 ita
1471 2146 1660 2205 Quintil.
1689 2147 1732 2189 X
1747 2178 1758 2200 ,
1788 2145 1839 2187 6:
1859 2162 1880 2181 «
1900 2143 2041 2188 Refu-

1189 2225 1280 2261 tare'
1301 2211 1508 2272 temporis
1528 2228 1714 2257 munera
1729 2212 1857 2268 louge
1874 2210 2038 2254 stultis-

1188 2284 1350 2327 simum
1368 2300 1379 2334 ;
1405 2279 1557 2338 ”quod
1577 2278 1696 2323 idem
1714 2286 1779 2322 est
1799 2293 1847 2322 ac
1862 2291 2038 2332 sperne—

1188 2365 1242 2394 re.
1266 2349 1430 2392 Buum.

1243 2415 1309 2468 84.
1328 2414 1390 2456 Et
1395 2416 1522 2467 patet
1532 2412 1578 2454 in
1597 2410 1745 2453 laudes
1761 2423 1862 2452 area
1873 2423 2038 2464 magna.

1190 2477 1308 2522 Area
1333 2479 1426 2534 lasa
1453 2475 1606 2531 primae
1636 2472 1873 2527 editiones,
1904 2480 1948 2515 et
1966 2487 2041 2514 sex

1189 2539 1358 2601 scripti,
1381 2549 1430 2583 ut
1451 2539 1587 2597 Epist.
1610 2537 1819 2595 P'enelop.
1840 2554 1888 2597 2²
1904 2552 1914 2580 ε
1933 2554 1954 2572 «
1979 2536 2038 2578 Et

1192 2613 1310 2663 patet
1330 2606 1376 2648 in
1391 2619 1515 2648 curas
1536 2618 1635 2647 area
1655 2603 1739 2648 lata
1754 2617 1886 2650 meas.
1903 2619 1923 2637 »
1941 2599 2037 2642 Ma·

1192 2670 1236 2713 lo
1250 2677 1459 2727 praeterea
1474 2670 1543 2711 En
1555 2670 1673 2722 latet,·
1689 2663 1911 2722 quomodo
1923 2677 2037 2706 unus

1194 2732 1446 2779 Vaticanus.
1462 2733 1523 2777 H.
