2268 3848
260 289 333 341 :36
732 293 795 345 Ρ.
847 292 1141 348 OVIDII
1186 294 1575 351 NASONIS

257 405 780 490 Quantumcumque
809 422 989 467 tamen
1014 409 1290 490 praeconia
1311 426 1503 470 nostra
1530 410 1816 487 valebunt,
1991 434 2044 476 3

339 502 692 563 Carminibus
723 502 869 562 vives
902 518 1120 587 tempus
1152 505 1208 564 in
1240 530 1400 566 omne
1432 508 1585 568 meis,

827 769 1219 839 ELEGIA
1269 774 1455 841 VII.

797 995 1482 1083 ARGUMENruM.

253 1164 459 1208 Amicum
497 1164 707 1208 admonet
729 1174 858 1222 poeta
880 1199 891 1221 ‚
924 1175 973 1209 ut
1001 1183 1188 1223 gemma:
1210 1165 1367 1210 faciem
1392 1183 1521 1211 suam
1550 1167 1808 1226 insculptam
1837 1170 2013 1215 intuens
2033 1204 2045 1225 ‚

308 1235 403 1290 ejus
425 1235 558 1278 exsilii
588 1235 875 1290 recordetur,
901 1235 1137 1292 dematque
1171 1236 1230 1280 illi
1260 1254 1471 1280 coronam
1507 1255 1558 1281 ex
1590 1238 1754 1282 hedera
1788 1256 1799 1283 ε
1831 1241 2043 1296 siquidem

300 1306 556 1362 hujusmodi
572 1307 758 1364 insignia
769 1307 1043 1351 conveniunt
1057 1307 1252 1352 felicibus
1268 1310 1418 1365 poetis.
1432 1309 1620 1354 Mandat
1637 1320 1802 1366 tamen,
1819 1313 2044 1370 insculptae

303 1376 506 1433 imaginis
528 1376 622 1420 loco
641 1410 652 1430 ‚
677 1377 846 1433 legatur
865 1393 974 1434 opus
995 1377 1415 1434 Metamorphoseon
1442 1380 1484 1422 in
1509 1380 1762 1436 quindecim
1782 1382 1946 1427 libellos
1967 1383 2045 1426 di-

306 1455 475 1503 gestum
499 1463 510 1489 ε
530 1463 638 1503 quos
660 1447 856 1503 quamvis
881 1447 971 1504 ipse
995 1447 1041 1490 in
1063 1447 1259 1491 exsilium
1288 1450 1566 1505 proficiscens
1582 1484 1593 1506 ,
1626 1452 1673 1495 in
1702 1452 1852 1509 ignem
1880 1455 2045 1511 conje-

305 1516 438 1569 cerit,
475 1525 624 1559 tamen
661 1516 839 1560 eosdem
873 1517 1069 1574 pluribus
1106 1517 1312 1574 exemplis
1343 1519 1609 1576 conscriptos
1641 1530 1806 1565 exstare
1830 1522 2045 1580 intelligit.

306 1586 539 1629 Postremo
555 1604 628 1630 sex
645 1604 794 1631 versus
810 1587 993 1631 mandat
1010 1587 1221 1630 conscribi
1242 1587 1287 1630 in
1304 1589 1444 1645 prima
1461 1588 1590 1633 libelli
1603 1590 1751 1633 fronte
1773 1607 1783 1634 t
1802 1608 1889 1648 quo
1908 1591 2044 1636 lector

301 1655 593 1699 admoneatur
609 1689 620 1710 ,
653 1657 760 1699 illud
787 1673 895 1714 opus
926 1656 1264 1701 inemendatum
1284 1657 1425 1702 subita
1444 1659 1538 1715 ejus
1563 1662 1916 1705 consternatione
1947 1663 2041 1706 cir—

300 1726 527 1769 cumserri.

246 1836 340 1957 SIv
363 1879 491 1960 quis
518 1877 692 1938 habes
720 1878 898 1938 nostri
926 1878 1132 1940 similes
1159 1880 1219 1939 in
1245 1879 1482 1959 imagine
1511 1879 1727 1956 vultuS‚

324 1977 498 2036 Deme
527 1976 660 2036 meis
688 1975 916 2035 hederas
934 2023 948 2048 ‚
984 1978 1252 2038 Bacchica
1280 1993 1453 2051 serta,
1479 1980 1666 2040 comis.

241 2077 355 2135 Ista
387 2074 582 2135 decent
609 2073 767 2134 laetos
793 2070 969 2133 felicia
998 2075 1156 2153 signa
1185 2090 1376 2157 poetas
1401 2099 1413 2134 :

322 2170 698 2253 Temporibus
728 2193 842 2229 non
870 2185 955 2231 est
982 2186 1109 2254 apta
1136 2195 1342 2231 corona
1368 2171 1520 2233 meis.

243 2270 374 2330 Haec
403 2267 506 2328 tibi
537 2266 884 2339 dissimulaS‚
916 2267 1087 2330 sentis
1119 2283 1331 2340 tamen,
1365 2269 1605 2352 optime,
1643 2269 1782 2343 dici,

326 2367 390 2423 In
420 2363 596 2442 digito
625 2364 722 2447 qui
749 2387 836 2424 me
860 2363 1078 2447 fersque
1107 2364 1386 2447 refersque
1416 2378 1545 2436 tuo;

300 2539 334 2564 1.
357 2523 525 2565 Nostris
549 2524 720 2565 similes.
741 2522 893 2564 Nostri
907 2536 979 2564 sex
1001 2536 1099 2562 me-

240 2587 369 2630 liores
390 2620 400 2640 ,
441 2594 484 2628 et
511 2602 613 2628 mox
644 2588 840 2628 Bacchia
872 2592 986 2628 serta
1015 2601 1096 2641 pro

240 2654 473 2695 Bacchica.
494 2652 662 2694 Hmns.
683 2673 739 2682 —-
756 2651 805 2693 In
823 2654 1018 2705 imagine.
1042 2651 1095 2693 In

241 2716 388 2773 effigie
408 2716 840 2773 gemmaeinsculpta;
867 2715 965 2758 vide
981 2716 1095 2758 Ptin.

244 2786 263 2828 I
282 2818 293 2839 ‚
316 2786 381 2840 37.
416 2785 479 2827 Ex
500 2784 664 2827 hedera
685 2784 803 2827 enim
824 2792 964 2840 poetae
985 2783 1095 2840 elegi

240 2850 589 2903 coronabantur,
625 2850 734 2893 sicut
757 2867 808 2892 ex
830 2866 994 2906 quercu
1018 2849 1098 2892 he-

242 2919 364 2961 roici.
386 2917 668 2975 Propertius:
694 2935 714 2954 «
737 2917 908 2960 Ennius
929 2916 1096 2960 hirsuta

241 2984 386 3041 cingat
417 2999 492 3027 sua
524 2983 636 3026 dicta
668 2998 861 3037 corona,
897 2982 964 3025 Mi
994 2981 1096 3025 folia

243 3069 293 3094 ex
315 3051 479 3094 hedera
503 3050 676 3108 porrige
698 3084 709 3102 ‚
741 3050 909 3093 Bacche
929 3083 940 3104 ‚
960 3057 1048 3092 tua.
1071 3068 1093 3087 »

245 3117 314 3159 De
336 3116 499 3159 hedera
518 3116 650 3173 legito
670 3115 782 3159 Ptin.
802 3114 875 3158 lib.
891 3115 1025 3170 XVI,
1051 3123 1096 3159 et

244 3180 599 3236 Theophrastum
614 3213 625 3235 ,
646 3179 718 3223 lib.
745 3179 828 3223 ΠΙ.

300 3247 338 3300 4.
368 3247 634 3299 Temporibus
655 3248 789 3298 meeis-‚⁶
817 3259 920 3287 meo
939 3243 1092 3301 capiti,

243 3327 269 3354 a
287 3319 406 3367 parte
423 3318 566 3353 totum
578 3313 675 3354 κατὰ
689 3315 932 3365 συνεκθοχῆν.
945 3310 1095 3353 Falsus

243 3386 306 3420 est
326 3376 396 3421 hic
419 3376 593 3419 Merula
612 3409 624 3431 ,
660 3377 732 3434 qui
759 3377 840 3419 alio
861 3376 995 3420 modo
1020 3392 1095 3420 ex-

245 3443 380 3499 ponit.
408 3440 604 3486 CIOFAN.

1238 2524 1275 2564 5.
1300 2522 1403 2564 Haec
1429 2523 1512 2564 tibi
1534 2522 1780 2570 dissimula,
1809 2525 1939 2565 sentis
1962 2530 2036 2566 la—

1178 2602 1272 2629 men
1286 2591 1427 2629 omnia
1439 2585 1536 2629 dici.
1549 2585 1708 2642 Scripti
1718 2586 1913 2644 plerique
1930 2605 2031 2631 cum

1179 2651 1331 2708 primis
1363 2650 1629 2695 editionibus
1654 2658 1770 2695 senti
1785 2661 1923 2696 tamen
1947 2671 2030 2709 op-

1178 2721 1278 2761 time
1305 2719 1413 2766 dici,
1451 2726 1495 2760 et
1528 2719 1608 2759 hoc
1638 2733 1718 2774 pro
1750 2720 1848 2761 baec.
1884 2718 2029 2775 Lege:

1180 2801 1202 2821 «
1220 2785 1320 2828 Hoc
1337 2785 1411 2828 tibi
1425 2784 1666 2827 dissimulas
1679 2818 1690 2837 ,
1706 2785 1839 2828 sentis
1854 2793 2000 2828 tamen
2018 2821 2028 2839 ‚

1178 2850 1341 2907 optime
1365 2882 1377 2903 ,
1408 2848 1504 2893 dici.
1534 2868 1555 2886 »
1586 2848 1755 2893 mes.
1789 2874 1844 2882 -
1873 2853 2031 2894 Dissi—

1178 2920 1303 2960 mula.
1326 2916 1464 2972 Finge
1492 2915 1585 2958 haec
1613 2931 1704 2958 non
1730 2915 1812 2959 diei
1838 2916 1942 2971 tibi,
1972 2933 2029 2960 ne

1181 2985 1430 3040 Augustum
1451 2982 1590 3026 laedas.
1612 2983 1751 3025 Sentis²
1762 2990 1922 3035 tamen,
1945 2999 2029 3039 op·-

1177 3052 1285 3092 lime.
1303 3047 1513 3104 Intelligis
1526 3056 1674 3098 tamen
1695 3080 1706 3102 ‚
1730 3047 1894 3105 optime
1918 3048 2031 3091 ami-

1178 3132 1243 3169 ce,
1264 3131 1335 3158 me
1361 3114 1438 3157 tibi
1457 3114 1548 3158 haec
1569 3113 1726 3157 dicere.

1233 3181 1272 3224 6.
1309 3183 1397 3235 Qui
1415 3196 1480 3222 me
1493 3179 1668 3236 fhrsque
1691 3178 1910 3236 refersque.
1934 3181 2029 3237 Qui

1176 3245 1266 3288 fers
1287 3253 1330 3288 et
1352 3253 1660 3302 repraesentas,
1687 3253 1761 3288 aut
1782 3244 1964 3301 qui·fers
1984 3254 2029 3288 et

1177 3310 1364 3354 extrahis
1380 3311 1595 3354 annulum
1611 3344 1623 3366 ,
1645 3311 1692 3354 in
1714 3327 1802 3368 quo
1820 3319 1885 3355 est
1901 3326 2028 3367 gem-

1176 3391 1249 3418 ma
1269 3375 1434 3420 habens
1454 3376 1598 3419 vultus
1621 3392 1741 3419 meos
1762 3376 1995 3433 insculptos
2012 3394 2022 3429 ς

1178 3442 1274 3485 vide
1292 3442 1487 3486 Macrob-
1505 3443 1679 3487 Saturn.
1694 3443 1765 3487 lib.
1777 3443 1893 3498 VH,
1911 3460 1944 3486 c.
1964 3443 2024 3486 ιδ.
