2280 3776
497 336 610 390 EX
650 334 958 390 PONTO
1000 335 1161 388 LIB.
1207 334 1296 388 ΙΙ.
1342 331 1627 387 EPIST.
1674 333 1785 386 IX.

1913 332 2019 407 357

341 451 699 535 supplicibus
727 450 919 510 vestris
949 448 1088 510 ferre
1117 448 1302 510 soletis
1335 472 1510 532 opem.

258 549 542 631 Numquid
572 547 703 616 erit,
737 570 905 629 quare
934 545 1099 606 solito
1130 546 1416 624 dignemur
1443 548 1650 608 honore

342 646 579 706 Numina
601 692 615 716 ,
647 644 691 705 si
720 644 899 704 demas
928 643 1060 703 velle
1088 644 1270 724 juvare
1305 645 1493 704 Deos?

257 743 294 803 J
298 742 515 825 uppiter
538 743 712 802 oranti
742 741 933 802 surdas
959 741 1006 801 si
1037 740 1277 824 praeheat
1307 764 1464 801 aures
1490 787 1505 811 ,
1969 757 2020 798 25.

339 839 572 901 Victima
603 863 703 922 pro
738 838 940 921 templo
971 861 1068 899 cur
1096 837 1250 897 cadat
1277 837 1381 896 icta
1405 837 1606 897 Jovis‘?

259 932 316 994 Si
345 956 530 1016 pacem
561 932 763 994 nullam
796 935 1008 994 Pontus
1039 932 1171 992 mihi
1203 947 1424 1015 praestet
1444 931 1623 1002 eunti,

335 1030 495 1090 Irrita
521 1032 782 1113 Neptuno
809 1054 907 1090 cur
933 1053 1032 1108 ego
1064 1044 1183 1090 tura
1210 1030 1417 1089 feram?

255 1124 408 1186 Vana
438 1123 738 1186 laborantis
769 1125 813 1185 si
843 1123 991 1185 fallat
1026 1139 1150 1185 vota
1178 1123 1393 1196 coloni,

331 1220 586 1304 Accipiat
613 1221 843 1298 gravidae
870 1245 968 1281 cur
997 1222 1110 1282 suis
1138 1236 1254 1282 exta
1284 1222 1490 1282 Ceres?
1969 1238 2021 1279 30

250 1374 323 1420 illi.
346 1400 401 1411 —
419 1378 534 1422 Deos
556 1378 724 1423 Sarrav.
750 1379 930 1435 Argent.
954 1382 1094 1423 decus.

252 1440 367 1500 Lege
389 1445 482 1487 Deo
505 1460 606 1488 cum
636 1445 859 1490 Puteaneo
876 1479 888 1501 ‚
914 1445 979 1488 vel
1003 1446 1095 1488 Deo

252 1515 328 1550 est.
359 1508 524 1554 Herus.

308 1574 374 1617 26.
397 1576 546 1620 Cadat.
575 1578 701 1620 Cadit
727 1579 830 1634 Arg.
848 1586 891 1621 et
909 1586 993 1621 tres
1007 1578 1094 1623 alii.

309 1655 374 1696 ²7·
400 1642 568 1684 Nullam
583 1658 741 1696 pacem.
770 1642 940 1686 Nullam
963 1651 1091 1686 tran-

255 1704 522 1761 quillitatem.
541 1729 596 1741 ·-
617 1710 868 1750 stlihe'eunle‘.
885 1708 997 1751 Mihi
1014 1724 1095 1751 na-

254 1768 430 1825 viganti.
1020 1786 1026 1791 ·

308 1838 373 1880 28.
392 1837 474 1879 Cur
484 1854 559 1892 ego
573 1837 841 1893 ‹lonast-ram.
869 1840 979 1882 Tura
990 1837 1095 1882 scri-

253 1901 314 1957 pti
338 1903 544 1960 plerique.
575 1905 740 1949 Hnms.

279 2001 284 2011 .
308 1982 374 2026 ²9·
406 1968 457 2010 Si
463 1968 634 2024 fallant
654 1979 752 2013 vota
775 1973 924 2014 coloni.
955 1953 1097 2013 Falla‘t
1130 2024 1142 2031 ·

253 2031 478 2083 meliores;
507 2032 644 2078 Ceres
666 2035 872 2077 nimirum
896 2035 964 2077 :in
983 2035 1093 2078 Fast.

250 2095 323 2140 lib.
339 2097 420 2152 lv,
438 2111 549 2142 vers.
569 2098 674 2153 645:
695 2117 716 2137 «
732 2099 854 2156 Saepe
872 2115 991 2157 seges
1012 2099 1094 2157 pri·

252 2161 333 2204 mis
365 2161 595 2206 dominum
625 2162 795 2207 fallebat
815 2164 858 2206 in
890 2163 1044 2207 herbis.
1071 2182 1092 2202 υ

253 2224 545 2282 Prudentius,
572 2227 641 2271 lib.
673 2229 742 2282 tl,
776 2238 926 2272 contra
953 2229 1094 2288 Sym-

253 2290 457 2334 machum
471 2307 512 2334 εκ
530 2293 622 2336 Nec
630 2309 783 2337 vernas
794 2293 951 2337 infudit
964 2310 1093 2350 aquas

253 2355 541 2400 creberrimus
563 2358 701 2401 imber
725 2359 865 2415 Fruge
884 2374 995 2401 nova
1010 2390 1022 2412 ,
1050 2368 1095 2402 et

254 2419 402 2464 viridis
423 2421 456 2465 si
492 2423 640 2466 messis
671 2423 813 2466 adulta
843 2423 1093 2480 priusquam

257 2483 503 2543 Conceptas
514 2495 667 2531 tenero
675 2488 875 2531 solidaret
888 2488 992 2532 lacte
1007 2504 1095 2531 me·

255 2549 406 2603 dullas,
421 2550 644 2595 Adflatum
658 2552 794 2596 calido
807 2569 980 2596 succum
995 2568 1095 2596 con-

256 2615 382 2659 traxit
397 2616 448 2660 ab
470 2617 614 2672 Euro,
630 2618 900 2674 Jejunosque
916 2618 1013 2661 tulit
1026 2632 1096 2661 ca-

254 2679 416 2736 lamos,
451 2691 578 2738 atque
606 2683 727 2726 irrita
755 2693 852 2726 vota
888 2683 1095 2740 Agricolae

253 2746 408 2790 sterilis
443 2748 700 2804 stipularum
736 2749 840 2791 silva
865 2748 1034 2791 fefellit.
1071 2766 1092 2785 u

257 2811 328 2855 Sic
341 2816 391 2856 let
410 2815 598 2869 decipere
626 2822 670 2856 et
692 2818 857 2857 mentiri
873 2823 917 2857 et
937 2817 1097 2858 eludere

255 2882 404 2920 messes
429 2877 662 2922 dicebatur.
695 2879 981 2938 Symmachus
1014 2895 1095 2936 pro

259 2939 555 2998 araVictoriae,
579 2962 600 2981 «ι
620 2944 755 3000 Spem
774 2943 1095 3001 provinciarum
1116 2942 1118 2945 ’

259 3004 458 3047 omnium
477 3009 624 3052 messis
637 3024 748 3066 aegra
767 3009 946 3066 decepit.
964 3027 985 3047 »
1001 3010 1092 3053 No-

259 3075 349 3110 ster
368 3067 518 3112 Amor.
542 3070 613 3115 lib.
638 3073 706 3116 111
727 3106 739 3127 ,
772 3074 892 3130 Eleg.
910 3089 936 3116 x
953 3107 965 3128 ,
986 3090 1095 3117 vers.

260 3134 307 3177 31
332 3142 377 3178 et
395 3135 448 3190 34
463 3150 473 3178 2
490 3154 512 3176 «
534 3137 689 3192 Quum
705 3139 815 3183 bene
838 3141 981 3195 jactati
999 3141 1098 3197 pul·

259 3207 406 3242 sarant
437 3216 535 3243 arva
565 3201 750 3258 ligones,
780 3205 901 3248 irrita
928 3206 1096 3262 decepti

259 3271 359 3307 vota
378 3263 555 3308 colentis
574 3276 712 3309 erant.
735 3285 756 3306 >³
787 3269 916 3325 Apud
948 3272 1098 3313 Hora-

259 3327 371 3370 tium
384 3361 394 3383 ,
404 3329 567 3384 fundus
587 3335 767 3374 mendax
781 3366 791 3381 ,
812 3331 881 3376 lib.
898 3333 990 3384 111,
1008 3333 1095 3378 Od.

261 3406 301 3444 1,
322 3411 431 3437 vers.
452 3397 528 3449 30,
553 3405 596 3439 et
627 3413 739 3451 spem
759 3402 931 3441 mentita
948 3415 1086 3455 seges,

262 3457 332 3502 lib.
363 3461 385 3504 1
401 3493 414 3516 ,
441 3461 576 3518 Epist.
606 3476 674 3509 vn
692 3495 704 3519 ,
744 3480 852 3510 vers,
873 3465 922 3522 87
946 3483 957 3518 ;
982 3466 1094 3522 apud

1177 1378 1400 1424 Tibullum
1421 1413 1433 1433 ,
1468 1378 1539 1422 lib.
1574 1379 1619 1423 ΙΙ
1636 1410 1647 1431 ,
1682 1377 1799 1434 Eleg.
1844 1390 1860 1420 1
1877 1410 1888 1431 ,
1910 1393 2021 1421 vers.

1183 1460 1256 1504 19:
1275 1463 1294 1481 «
1316 1445 1411 1489 Neu
1425 1460 1543 1501 seges
1561 1442 1704 1486 eludat
1725 1458 1910 1485 messem
1930 1441 2021 1484 fat-

1176 1513 1336 1556 lacubus
1356 1513 1549 1556 herbis.»
1570 1510 1820 1568 Propertius
1835 1543 1845 1562 ,
1868 1509 1935 1551 lib.
1957 1509 2017 1562 ll,

1178 1577 1298 1634 Eleg.
1326 1591 1418 1630 xu,
1454 1593 1559 1620 vers.
1585 1577 1630 1619 3·
1656 1591 1667 1618 ι
1690 1593 1710 1610 ««
1740 1574 1878 1618 Terra
1901 1572 2020 1629 prius

1175 1642 1282 1686 falso
1301 1651 1421 1699 partu
1443 1641 1620 1684 deludet
1633 1649 1814 1684 arantes.
1832 1659 1852 1677 ›·
1872 1637 2016 1681 Valer.

1178 1707 1379 1762 Flaccus,
1402 1708 1471 1752 lib.
1496 1707 1521 1746 Χ
1542 1708 1579 1751 ΙΙ
1601 1743 1606 1749 .
1632 1723 1740 1749 vers.
1764 1721 1843 1762 ²²9
1864 1720 1873 1746 ε
1897 1723 1916 1739 «
1943 1719 2020 1759 pa-

1178 1774 1303 1817 triain
1327 1775 1427 1818 inde
1448 1783 1618 1826 vocato,
1644 1773 1746 1826 Qua
1769 1771 1880 1813 redit
1902 1770 2019 1825 itque

1177 1837 1267 1881 dies
1286 1872 1297 1892 ,
1320 1855 1400 1882 nec
1415 1847 1493 1881 nos
1506 1839 1584 1880 Dis
1605 1845 1702 1879 nata
1721 1834 1916 1891 malignis
1935 1834 2019 1876 Lu·

1175 1902 1279 1944 serit
1301 1901 1382 1945 hoc
1416 1918 1505 1944 uno
1540 1916 1713 1957 semper
1746 1899 1825 1942 sub
1860 1897 2019 1953 frigore

1176 1967 1323 2010 messis
1343 2000 1354 2019 ,
1382 1967 1462 2010 Fas
1485 1966 1590 2009 mihi
1613 1982 1702 2008 non
1729 1964 1924 2016 stabiles,
1955 1963 2020 2006 sas

1176 2039 1219 2073 et
1243 2031 1316 2073 tibi
1339 2031 1533 2086 linquere
1567 2029 1765 2073 Colchos.
1797 2048 1819 2066 ιν
1855 2028 1920 2071 lta
1948 2028 2020 2071 lo-

1175 2111 1274 2137 rum
1298 2095 1675 2139 mendosissimum
1701 2095 1893 2138 restituo.
1922 2095 2020 2137 Non

1173 2163 1350 2204 stabiles
1365 2163 1530 2209 Colchi,
1555 2161 1598 2203 in
1625 2160 1779 2216 quibus
1797 2158 1919 2202 sedes
1930 2174 2020 2201 cer-

1177 2234 1217 2269 ta
1243 2242 1333 2269 non
1355 2226 1502 2283 figitur
1522 2242 1532 2268 ε
1554 2225 1644 2282 pari
1667 2223 1799 2267 modo
1816 2224 2017 2274 Plautus,

1178 2292 1421 2335 Mercatore
1439 2324 1450 2344 ,
1472 2294 1662 2333 stabilem
1676 2293 1859 2344 patriam
1883 2296 1925 2330 et
1937 2290 2015 2330 do-

1175 2373 1283 2399 mum
1297 2389 1306 2402 .
1331 2355 1461 2398 dixit:
1482 2374 1501 2391 «
1524 2355 1637 2410 Quis
1652 2353 1806 2396 modus
1821 2353 1895 2395 tibi
1912 2352 2019 2395 exsi-

1175 2422 1233 2464 lio
1247 2421 1422 2464 tandem
1438 2421 1458 2463 ?
1474 2410 1645 2464 eveniet
1659 2420 1731 2476 qui
1746 2419 1844 2461 finis
1864 2418 1980 2474 fugae
1995 2418 2016 2460 ’τ’

1178 2487 1292 2543 Quae
1313 2487 1472 2544 patria,
1493 2495 1566 2529 aut
1591 2485 1747 2528 domus
1769 2484 1844 2528 tibi
1861 2483 2020 2527 stabilis

1175 2568 1265 2595 esse
1284 2550 1478 2609 poterit?
1506 2550 1573 2593 dic
1591 2549 1710 2592 mihi.
1736 2567 1757 2586 υ
1779 2550 2018 2605 Perper-am

1174 2632 1255 2658 non
1274 2619 1435 2659 habiles
1459 2617 1636 2659 Colchos
1648 2623 1691 2657 et
1707 2617 1889 2658 Cluseri!
1905 2628 2015 2654 mes-

1174 2687 1236 2725 sis
1264 2683 1307 2725 in
1334 2682 1510 2726 Valerio
1541 2682 1749 2726 hactenus
1781 2680 2015 2736 legebatur.

1174 2749 1375 2804 Acctpiat
1395 2765 1494 2792 mox
1512 2748 1712 2791 meliores
1733 2762 1859 2790 versu
1881 2745 2019 2802 proxi-

1174 2830 1248 2857 mo
1263 2848 1274 2869 ,
1307 2829 1386 2871 pro
1416 2817 1619 2869 Accipiet.
1645 2814 1702 2856 H.

1228 2881 1293 2922 30.
1319 2882 1511 2935 Accipiet
1521 2882 1700 2934 gravida·
1712 2886 1793 2920 etc.
1811 2875 1923 2928 Cur,
1944 2874 2016 2916 in·-

1176 2946 1291 3001 quit,
1313 2945 1618 2988 sacrificabitur
1634 2941 1787 2987 Cereri
1801 2957 1930 2998 porca
1944 2973 1956 2994 ,
1981 2939 2023 2983 si>

1175 3027 1321 3067 preces
1341 3009 1625 3065 agricolarum
1653 3010 1866 3051 incassum
1900 3006 2014 3048 fun-

1175 3076 1347 3120 dentur.
1361 3099 1416 3107 —
1431 3076 1525 3118 Suis
1532 3077 1724 3129 gravide.
1738 3073 1918 3116 Initium
1928 3072 2015 3114 im-

1176 3139 1368 3183 molandi
1398 3156 1421 3182 a
1454 3139 1578 3182 suillo
1604 3154 1762 3195 genere
1786 3146 2013 3194 sumptum

1175 3205 1386 3249 existimat
1415 3203 1613 3247 Ovidius.
1641 3202 1780 3257 Cujus
1799 3203 1865 3246 rei
1885 3219 2013 3245 causa

1175 3272 1220 3314 in
1235 3269 1369 3313 Fastis
1389 3301 1400 3323 ,
1419 3277 1462 3311 et
1481 3270 1526 3310 in
1543 3268 1727 3311 Metam.
1743 3268 1813 3311 lib.
1832 3268 1936 3321 XV,
1953 3285 2012 3310 vs.

1180 3354 1196 3379 1
1209 3354 1268 3379 12.
1281 3354 1302 3373 «
1323 3335 1462 3392 prima
1478 3345 1656 3393 putatur
1671 3336 1824 3379 Hostia
1840 3351 1910 3379 sus
1924 3351 2012 3378 me-

1174 3403 1305 3446 ruisse
1343 3403 1455 3445 mori
1473 3435 1485 3457 ,
1524 3402 1630 3459 quia
1661 3403 1827 3447 semina
1865 3401 2010 3458 pando

1175 3468 1351 3514 Eruerit
1361 3476 1726 3526 rostro,spemque
1735 3466 2013 3524 interceperit
