2280 3776
227 343 384 365 mm

358 502 783 592 PUBLII
851 500 1279 587 OVIDII
1339 499 1881 587 NASONIS

731 782 735 786 ἡ
788 692 1436 756 EPISTOLARUM

653 872 866 980 EX
993 868 1594 979 PONTO

742 1076 1010 1140 LIBER
1056 1078 1492 1159 QUARTUS.

652 1364 1178 1466 'EPISTOLA
1231 1391 1587 1463 PRIMA.

711 1722 741 1749 *
766 1715 1058 1777 SEXTO
1107 1713 1538 1776 POMPEIO.

846 1994 1427 2046 ARGUMENTUM.

227 2173 230 2178 ,
255 2127 439 2172 Excusat
460 2125 536 2170 has
562 2123 732 2179 literas,
767 2122 887 2167 Sexti
908 2123 1089 2167 nomine
1109 2132 1308 2179 ornatas,
1343 2125 1467 2181 cujus
1494 2124 1707 2169 beneficia
1727 2126 1914 2170 memori
1934 2144 2034 2185 gra-

285 2209 416 2256 taque
435 2205 586 2240 mente
602 2202 776 2247 narrat3
795 2211 879 2238 nec
897 2210 1002 2239 eum
1023 2196 1069 2239 in
1087 2204 1313 2253 posterum
1331 2195 1411 2240 sibi
1430 2212 1520 2240 esse
1534 2196 1794 2242 defuturum
1811 2198 2007 2243 confidit.

264 2325 577 2421 ACCIPE‚
607 2349 871 2430 Pompei,
904 2347 1198 2408 deductum
1230 2373 1446 2410 carmen
1474 2350 1543 2409 ab
1574 2349 1672 2409 illo
1691 2396 1705 2421 ‚

340 2445 581 2506 Debitor
606 2459 689 2505 est
714 2443 839 2504 vitae
870 2443 967 2526 qui
991 2444 1093 2504 tibi
1109 2491 1124 2517 ‚
1153 2446 1315 2505 Sexte
1334 2492 1349 2517 ‚
1379 2468 1505 2506 suae.

263 2541 382 2621 Qui
414 2541 461 2602 si
485 2564 598 2600 non
625 2539 893 2622 prohibes
923 2564 954 2599 a
982 2563 1068 2600 me
1097 2555 1189 2599 tua
1217 2540 1443 2600 nomina
1471 2540 1640 2623 poni,

344 2637 587 2698 Accedet
612 2636 820 2697 meritis
850 2636 964 2696 haec
995 2660 1215 2719 quoque
1245 2660 1456 2696 summa
1485 2635 1611 2696 tuis.

266 2734 391 2795 Sive
421 2734 592 2795 trahis
621 2732 805 2794 vultus
825 2778 838 2805 ,
872 2733 1124 2816 equidem
1153 2755 1403 2816 peccasse
1434 2730 1651 2792 fatebor
1677 2755 1689 2789 :
2019 2749 2043 2791 5

322 2880 360 2918 *.
381 2877 534 2923 SnxTo
568 2879 797 2923 POMPEIO.
828 2878 964 2922 Hunc
994 2877 1111 2921 Sext.
1194 2875 1249 2919 de
1270 2893 1314 2919 se
1336 2883 1520 2918 testatur
1549 2875 1596 2917 in
1616 2873 1960 2919 Commentario
1987 2874 2042 2918 il-

270 2945 532 3002 Pompeium
551 2945 767 3003 originem
782 2944 955 2988 trahere
975 2945 1114 2988 existi·
1194 2941 1398 2985 lustrium
1435 2940 1735 2997 exemplorum
1751 2974 1763 2995 ,
1805 2939 1916 2983 libro
1956 2941 2002 2984 11
2031 2973 2044 2995 ,

271 3024 348 3052 mo
379 3009 430 3052 ab
454 3008 528 3052 illo
550 3011 763 3067 Pompeio
779 3043 790 3065 ,
824 3010 899 3067 qui
925 3010 978 3053 ad
1007 3011 1114 3054 Nu-
1194 3024 1285 3064 cap.
1313 3024 1346 3050 1.
1370 3008 1535 3051 Htms.

272 3074 484 3117 mantiam
497 3074 608 3119 male
619 3093 715 3119 rem
731 3077 858 3134 gessit
871 3111 882 3131 ,
895 3091 1113 3133 quemque
1251 3076 1290 3118 3.
1325 3076 1413 3128 Qui
1430 3078 1482 3117 si.
1509 3077 1596 3129 Qui
1610 3090 1683 3116 seu
1703 3083 1872 3117 veteres
1904 3074 2048 3131 pleri-

273 3138 502 3184 hominem
519 3157 684 3185 novum
700 3141 857 3186 Cicero
871 3143 1024 3186 alicubi
1044 3142 1115 3185 ad·
1199 3156 1297 3196 que.
1319 3140 1377 3182 H.
1398 3163 1452 3172 —
1467 3140 1511 3182 A
1522 3155 1586 3181 me
1599 3149 1674 3182 tua
1688 3145 1858 3183 nomina
1864 3144 1981 3195 poni.
2005 3141 2047 3184 Α

275 3204 460 3262 pellavit.
474 3206 575 3248 Hoc
586 3206 762 3250 consule
776 3216 1003 3250 mortuum
1015 3205 1117 3251 Cae-
1199 3221 1271 3247 me
1291 3203 1557 3247 carminibus
1579 3205 1688 3248 meis
1706 3205 1863 3248 referri
1880 3222 2049 3249 nomen

274 3284 417 3316 sarem
445 3270 689 3328 Augustum
706 3304 718 3326 ‚
750 3271 795 3314 in
818 3271 1016 3316 confesso
1039 3282 1117 3316 est.
1200 3278 1341 3313 tuum.

277 3336 438 3381 Eidem
453 3335 697 3393 proconsuli
715 3369 727 3390 ,
749 3337 899 3380 Asiam
913 3338 1122 3382 obtinen-
1257 3340 1294 3391 4.
1324 3338 1512 3381 Accedet
1528 3342 1614 3381 tuis
1645 3342 1815 3381 meritae.
1845 3338 2050 3383 Addetur

278 3401 336 3456 ti,
357 3416 504 3446 comes
524 3417 571 3444 ac
590 3400 813 3444 familiaris
835 3402 995 3445 abiitin
1008 3419 1120 3459 pro-
1202 3402 1378 3459 reliquis
1401 3403 1484 3446 tuis
1504 3403 1738 3448 beneficiis.

279 3465 464 3509 vinciam
485 3465 686 3510 Valerius
706 3465 947 3522 Maximus,
962 3475 1012 3512 ut
1031 3467 1121 3524 ipse
1261 3473 1302 3514 5.
1330 3472 1424 3515 Sive
1445 3473 1579 3515 trahis
1609 3475 1762 3515 vultus.
1785 3470 1886 3514 Sive
1914 3470 2050 3520 fron*

1640 3575 1671 3608 ί).
1682 3578 1710 3630 7
