2268 3848
495 270 941 328 TRISTIUM
988 272 1155 328 LIB.
1207 273 1256 328 1.
1302 273 1547 330 ELEG.
1594 276 1668 331 V.
1907 277 1972 334 31

277 385 445 460 Plus,
481 411 643 472 quam
677 386 827 471 quod
849 386 967 449 fieri
995 410 1083 449 res
1115 388 1275 462 sinit,
1305 387 1399 450 ille
1423 404 1592 473 petat.
1667 390 1671 394 ’

194 486 306 546 Tot
332 484 474 547 mala
505 508 623 547 sum
653 508 879 569 passus,
912 498 1051 569 quot
1076 485 1132 545 in
1159 486 1357 547 aethere
1385 485 1563 548 sidera
1588 486 1799 562 lucent,

274 584 553 667 Parvaque
577 597 719 666 quot
749 583 928 645 siccus
959 606 1193 667 corpora
1220 582 1403 667 pulvis
1430 584 1613 646 habet.

196 678 482 763 Multaque
514 676 763 739 credibili
792 676 1020 740 tulimus
1048 680 1285 763 majora,
1313 695 1598 767 ratamque
1615 729 1632 756 ‚

277 773 543 856 Quamvis
573 772 898 845 acciderint,
931 798 1047 835 non
1074 775 1333 838 habitura
1361 776 1543 839 fidem.
1924 795 1980 838 5ο

194 870 330 932 Pars
359 868 518 931 etiam
549 890 763 931 mecum
791 868 1041 951 quaedam
1070 871 1337 932 moriatur
1365 887 1616 953 oportet,

275 966 482 1048 Meque
509 962 670 1026 velim
701 962 884 1047 possit
912 961 1289 1026 dissimulante
1320 965 1450 1045 tegi.

194 1062 255 1125 Si
284 1085 390 1123 vox
416 1059 716 1140 infragilis,
747 1073 943 1143 pectus
972 1058 1107 1120 mihi
1136 1058 1349 1123 firmius
1373 1085 1505 1134 aere,

275 1154 556 1237 Pluraque
590 1177 715 1215 cum
746 1153 953 1234 linguis
985 1153 1244 1239 pluribus
1275 1178 1370 1216 ora
1398 1156 1616 1235 forent3

193 1251 324 1314 Non
356 1265 537 1312 tamen
567 1249 774 1311 idcirco
805 1248 1197 1335 complecterer
1221 1253 1407 1313 omnia
1433 1251 1615 1314 verbis
1634 1298 1651 1323 ‚

1927 1273 1950 1315 υι

1955 1274 1979 1314 ’.Ἰ

272 1348 508 1410 Materia
534 1346 678 1409 vires
706 1362 1066 1431 exsuperante
1093 1371 1257 1410 meas,

193 1445 305 1507 Pro
340 1445 477 1506 duce
502 1443 752 1517 Neritio,
785 1444 968 1518 docti,
999 1444 1140 1506 mala
1172 1460 1394 1518 nostra,
1422 1462 1629 1529 poetae,

177 1555 183 1577 ³
218 1594 221 1606 ,
276 1543 512 1604 Scribite
540 1567 553 1603 z
579 1540 794 1604 Neritio
820 1566 949 1603 nam
978 1540 1120 1603 mala
1147 1541 1307 1626 plura
1334 1540 1451 1603 tuli.

193 1638 293 1701 Ille
320 1639 474 1701 brevi
501 1639 680 1723 spatio
710 1638 902 1701 multis
933 1639 1130 1700 erravit
1156 1640 1214 1699 in
1241 1639 1403 1702 annis

274 1738 428 1798 Inter
452 1735 740 1798 Dulichias
772 1734 1072 1820 Iliacasque
1103 1736 1325 1809 domos;
1922 1755 1979 1798 συ

194 1834 344 1907 Nm,
376 1832 515 1895 freta
545 1832 819 1897 sideribus
849 1834 998 1894 notis
1030 1833 1287 1894 distantia
1318 1856 1571 1906 menSOS,

272 1929 409 1992 Sors
436 1929 566 1991 tulit
592 1929 652 1990 in
681 1929 904 1991 Geticos
934 1930 1381 2014 Sarmaticosque
1412 1930 1567 1992 sinus
1595 1953 1609 1989 ε

191 2088 415 2140 meliores;
435 2096 479 2132 et
484 2094 607 2143 petat
621 2101 702 2145 pro
714 2091 825 2143 petit
841 2086 1039 2145 proximo

190 2168 330 2197 versu.
351 2153 521 2197 Hssms.
688 2189 693 2192 .

246 2220 272 2262 5
280 2235 295 2262 ι
303 2249 313 2261 .
334 2218 441 2263 Pars
450 2221 578 2261 cuam
588 2219 787 2274 quedam.
805 2215 1041 2273 Ingenium

189 2282 410 2340 intelligit,
426 2281 542 2340 quod
553 2298 642 2339 prae
655 2282 794 2325 nimio
807 2281 957 2332 dolore
972 2298 1044 2325 ne—

192 2347 287 2404 quit
300 2347 486 2406 dignum
495 2347 654 2404 aliquid
664 2351 930 2403 componere
947 2365 957 2398 ;
975 2346 1045 2390 vel

192 2421 309 2456 certe
327 2411 493 2456 famam
515 2410 712 2470 designat
725 2443 737 2465 ‚
766 2427 896 2467 quam
915 2411 1042 2468 peri-

193 2484 338 2519 turam
361 2475 464 2521 dicit
481 2477 560 2521 hac
581 2473 714 2519 exsilii
733 2485 838 2519 nota
854 2508 866 2528 ‚
889 2476 956 2518 vel
972 2476 1044 2518 in-

194 2549 263 2584 ter
284 2541 466 2602 Scythas
485 2542 594 2586 nihil
612 2541 934 2598 componendo.

248 2611 314 2652 52.
336 2610 482 2652 Possit
499 2613 593 2664 tegi.
620 2608 760 2652 Possit
785 2607 915 2651 celari
944 2622 1042 2664 pars

191 2674 284 2719 haec
300 2707 312 2730 ,
338 2691 435 2732 quae
454 2690 630 2718 mecum
651 2672 879 2716 morietur.
911 2672 1041 2716 MER.

190 2739 336 2783 —Vel
354 2739 484 2783 velim
499 2755 620 2797 posse
637 2739 854 2796 ignorari,
883 2753 953 2781 me
985 2746 1042 2781 ta·

190 2814 331 2861 cente.
351 2803 468 2862 Qum
481 2805 552 2848 illa
563 2804 755 2856 fuerint,
776 2802 962 2845 liberum
977 2810 1043 2846 est

190 2870 325 2914 cuivis
345 2879 547 2915 nostrum
564 2869 773 2913 divinare.
798 2869 943 2913 PoN'r.

247 2941 311 2984 53.
337 2940 389 2982 Si
406 2955 492 2982 vox
509 2938 723 2995 &fragilis
738 2968 748 2987 ,
769 2945 920 2991 pectus
938 2938 1047 2979 mihi

175 3005 345 3059 firmius
366 3010 488 3047 esset.
519 3005 571 3046 In
579 3002 740 3058 fragili
758 3003 866 3045 mihi
874 3010 1041 3056 pectore

177 3073 346 3127 firmior
377 3070 558 3114 Juuian.
591 3070 719 3127 prim.
752 3067 879 3112 Polit.
911 3066 1036 3125 prim.

193 3135 336 3179 Vatic.
361 3144 407 3179 et
438 3135 507 3179 alii
540 3134 733 3191 quinque
753 3150 766 3185 ;
797 3133 885 3176 duo
917 3147 1039 3189 prae-

191 3211 312 3246 terea
331 3217 382 3244 ex
401 3200 559 3244 nostris
581 3209 624 3244 et
647 3200 874 3244 Bersman.
891 3206 1039 3254 pectus

191 3269 464 3325 mihifirmius
478 3281 568 3308 oere.
588 3265 738 3308 Scribe
759 3281 769 3308 z
792 3283 813 3301 «
832 3263 879 3307 Si
896 3278 977 3306 vox
991 3263 1038 3306 in

192 3330 334 3388 fragili
361 3330 469 3373 mihi
495 3338 668 3387 pectore
698 3328 869 3371 firmior
894 3342 990 3372 aere.
1015 3345 1038 3366 »ι

198 3395 384 3439 Homeri
406 3395 476 3438 illa
503 3395 688 3451 respexit
709 3393 828 3438 lliad.
854 3401 881 3437 B
897 3426 910 3447 ,
931 3396 1035 3445 Φώνη

1124 2087 1160 2133 θ’
1177 2092 1383 2152 affut-23,
1406 2095 1570 2144 χαλκοῦν
1592 2089 1633 2132 δι’
1651 2106 1720 2143 μοι
1742 2088 1828 2150 ἔαρ
1851 2087 1974 2141 Iunia,

1123 2155 1241 2213 quod
1270 2156 1358 2211 jam
1389 2156 1460 2199 alii
1487 2154 1707 2199 viderunt.
1740 2154 1977 2198 limus.—

1123 2220 1311 2265 Homeri
1337 2221 1455 2264 loeus
1480 2219 1638 2264 stabilit
1666 2219 1883 2276 vulgatam
1905 2218 1977 2263 le-

1122 2288 1315 2332 ctionem
1334 2320 1345 2341 ,
1374 2289 1428 2331 Si
1443 2303 1527 2330 vos
1557 2285 1771 2342 infragilis
1784 2318 1795 2335 .
1825 2293 1978 2340 pectus

1124 2355 1399 2409 mt‘he'fimmu
1420 2369 1511 2395 aere.
1544 2351 1823 2406 Nonsragilt‘s
1846 2348 1977 2393 habet

1123 2417 1328 2460 Francos.
1348 2425 1391 2460 et
1411 2417 1606 2476 quinque
1628 2415 1724 2463 alii;
1743 2413 1819 2457 sed
1837 2414 1976 2469 insta-

1119 2485 1221 2538 gilis-
1240 2492 1356 2526 recte
1373 2497 1384 2525 ε
1401 2482 1458 2525 ita
1480 2482 1672 2536 Plinius,
1696 2481 1766 2523 lib.
1785 2482 1869 2524 XX
1883 2515 1895 2534 ,
1924 2498 1938 2523 ι
1960 2514 1973 2537 ,

1120 2550 1384 2591 adamantem
1402 2547 1640 2602 infragilem
1656 2551 1774 2589 omni
1789 2551 1891 2590 vie!
1907 2551 1975 2590 in-

1121 2614 1271 2655 victum
1286 2611 1402 2655 dicit.
1425 2612 1590 2655 BURM.
1742 2606 1746 2610 ⁴
1809 2653 1817 2658 κ

1178 2678 1244 2719 56.
1278 2677 1474 2719 Matert'a.
1507 2675 1733 2719 Malorum
1765 2676 1935 2732 copiam
1957 2709 1971 2731 ,

1122 2742 1351 2784 materiam
1375 2740 1574 2798 appellat.

1179 2810 1243 2862 57.
1278 2806 1360 2848 Pro
1389 2809 1494 2848 duce
1528 2807 1699 2848 Neritio.
1740 2805 1830 2848 Pro
1859 2802 1971 2848 duce

1122 2871 1292 2930 Ulysse.
1333 2870 1412 2914 Est
1447 2878 1595 2913 autem
1636 2872 1803 2912 Nen‘tus
1843 2884 1973 2912 mons

1119 2935 1356 2978 frondosus
1382 2935 1427 2977 in
1454 2934 1595 2978 insula
1621 2934 1769 2978 Ithaca
1790 2967 1802 2988 ,
1839 2949 1972 2991 quam

1121 3001 1265 3044 tenuit
1293 3000 1482 3059 Ulysses.

1176 3067 1243 3110 61.
1273 3069 1362 3109 Nos
1381 3065 1503 3121 freta
1532 3068 1735 3108 sideribus
1763 3069 1863 3107 totis
1895 3066 1974 3106 di-

1120 3135 1293 3174 stantia.
1326 3132 1451 3173 Notis·
1484 3128 1756 3172 Combianus
1784 3136 1830 3171 et
1857 3143 1971 3171 unus

1122 3194 1427 3240 Bononiensis.
1451 3195 1617 3238 Hssms.

1175 3261 1242 3304 52.
1263 3262 1361 3304 Sors
1381 3263 1483 3303 tulit
1499 3264 1543 3302 in
1565 3260 1735 3301 Geticos
1755 3258 1971 3301 &rmnti-

1120 3343 1272 3383 cosque
1291 3330 1421 3369 sinus.
1441 3328 1610 3368 Detulit
1626 3330 1672 3366 ite
1689 3326 1862 3367 Geticos
1877 3325 1970 3366 Ce-

1120 3396 1231 3435 saris
1260 3395 1326 3435 ira
1352 3395 1482 3435 sinus.
1507 3389 1582 3434 An
1606 3389 1814 3444 Depulit?
1836 3386 1966 3445 prim.
