2280 3776
270 319 374 391 392
747 321 808 372 P.
856 320 1156 375 ov1n11
1196 321 1571 380 NASONIS

266 437 344 496 At
373 450 460 507 tu,
493 436 570 495 sic
594 436 796 495 habeas
825 437 1081 499 ferientes
1112 456 1305 500 cuncta
1338 443 1595 520 sagittas;

347 531 437 590 Sic
464 554 742 612 nunquam
773 532 967 614 rapido
996 533 1272 617 lampades
1299 536 1426 615 igne
1455 553 1678 611 vacent3
1982 557 2038 600 σο

265 627 354 686 Sic
384 642 535 703 regat
563 627 854 709 imperium
874 676 888 701 ‚
925 644 1205 714 terrasque
1234 650 1478 694 coerceat
1507 660 1694 697 omnes

347 725 554 795 Caesar,
584 724 652 783 ab
685 726 860 786 AEnea
887 727 982 809 qui
1013 728 1116 787 tibi
1145 729 1310 790 fratre
1340 754 1541 814 nepos;

259 819 434 881 Effice
452 867 465 893 ‚
498 820 569 879 sit
595 821 761 882 nobis
789 846 902 882 non
933 824 1295 906 implacabilis
1324 828 1431 902 ira,

341 917 545 998 Meque
574 915 695 976 loco
723 916 889 1000 plecti
918 920 1285 981 commodiore
1311 921 1456 982 velit.
1894 1003 1896 1005 v

262 1017 393 1074 Haec
424 1039 524 1092 ego
551 1014 700 1076 visus
729 1039 874 1077 eram
899 1041 1072 1099 puero
1103 1019 1304 1080 dixisse
1333 1020 1578 1094 volueri3
1980 1039 2035 1083 65

341 1115 464 1174 Hos
491 1114 640 1173 visus
668 1115 832 1174 nobis
860 1114 952 1176 ille
983 1116 1196 1178 dedisse
1230 1143 1433 1180 sonos:

259 1212 389 1282 Per,
423 1236 541 1271 mea
570 1211 702 1285 tela,
735 1212 878 1274 faces
897 1261 912 1286 ‚
946 1229 999 1274 et
1028 1239 1155 1297 per,
1187 1241 1305 1277 mea
1335 1216 1472 1290 tela,
1507 1218 1731 1297 sagittas
1751 1264 1766 1291 ‚

340 1311 449 1369 Per
474 1325 700 1372 matrem
728 1313 881 1392 jum,
915 1314 1332 1398 Caesareumque
1362 1331 1553 1400 caput;

254 1405 348 1466 Nil
369 1453 383 1478 ,
412 1406 521 1466 nisi
550 1431 865 1469 concessum
886 1457 900 1482 ‚
933 1435 1036 1471 nos
1067 1426 1119 1471 te
1153 1412 1405 1473 didicisse
1432 1413 1696 1492 magistro
1717 1459 1732 1485 ,

336 1503 571 1563 Artibus
600 1519 654 1560 et
683 1504 901 1562 nullum
928 1507 1131 1563 crimen
1163 1509 1339 1566 inesse
1369 1509 1495 1567 tuis.

252 1601 441 1681 thue
469 1598 576 1656 hoc
597 1643 611 1668 ‚
645 1597 721 1657 sic
748 1597 959 1657 utinam
991 1597 1277 1659 defendere
1309 1614 1498 1660 caetera
1524 1600 1749 1683 posses!

331 1695 453 1755 Scis
484 1694 634 1754 aliud
653 1741 667 1764 ‚
701 1694 853 1775 quod
883 1709 934 1753 te
964 1695 1194 1768 laeserit,
1224 1720 1340 1757 esse
1369 1698 1562 1775 magis.

252 1789 537 1871 Quicquid
562 1788 621 1847 id
650 1803 764 1860 est,
793 1812 973 1871 neque
1003 1790 1150 1849 enim
1177 1790 1344 1851 debet
1372 1791 1536 1851 dolor
1559 1790 1651 1852 ille
1680 1790 1895 1865 referri,

332 1892 459 1948 Non
488 1901 648 1968 potes
678 1881 710 1945 a
739 1886 900 1967 culpa
930 1886 1105 1947 dicere
1137 1887 1329 1948 abesse
1361 1903 1468 1949 tua.

249 1986 337 2044 Tu
362 1983 491 2042 licet
520 1982 719 2041 erroris
751 1983 853 2041 sub
884 1983 1120 2061 imagine
1151 1983 1356 2043 crimen
1384 1984 1685 2044 obumbres
1708 2031 1723 2057 ,

331 2081 460 2143 Non
489 2076 704 2154 gravior
720 2077 925 2146 ,merito
952 2077 1183 2138 vindicis
1204 2078 1285 2137 ira
1305 2077 1427 2137 suit.

246 2177 327 2234 Ut
357 2188 538 2232 tamen
566 2172 901 2254 adspicerem
919 2219 932 2245 ‚
967 2165 1384 2256 consolarerque
1405 2173 1670 2255 jacentem
1690 2221 1705 2246 ,

329 2272 507 2352 Lapsa
532 2292 635 2352 per
664 2269 1070 2331 immensas'est
1097 2270 1232 2330 mihi
1260 2294 1441 2353 penna
1467 2270 1596 2330 vias.

243 2368 374 2426 Haec
403 2364 524 2423 loca
555 2378 673 2423 tum
701 2364 940 2446 primum
970 2365 1117 2438 vidi,
1151 2390 1321 2449 quum
1353 2358 1524 2427 matre
1551 2378 1779 2444 rogante

327 2462 554 2522 Phasias
585 2475 667 2520 est
691 2459 816 2521 telis
844 2460 950 2520 fixa
975 2461 1160 2544 puella
1182 2463 1333 2525 meis.
1757 2454 1763 2462 ⁸
1961 2482 2017 2524 80

1998 2002 2023 2043 ’.Π

240 2614 421 2658 Moreti.
436 2616 722 2669 Composuisse
731 2611 1083 2666 nesasBoxhorn.
1170 2618 1340 2659 Caetera.
1376 2615 1491 2672 Quae
1523 2615 1727 2659 laeserunt
1747 2615 2010 2673 Augustum.

240 2681 415 2737 Fragm.
1222 2699 1285 2739 72.
1304 2682 1446 2725 Aliud
1456 2685 1590 2737 magis·
1608 2697 1708 2724 esse.
1725 2680 1858 2723 Aliud
1873 2681 2009 2737 magis

291 2747 357 2790 60.
379 2746 628 2800 Lampades.
649 2743 781 2786 Faces
800 2745 970 2787 amoris.
998 2746 1081 2789 His
1161 2761 1320 2789 nocere
1345 2779 1357 2801 ,
1399 2761 1529 2802 quam
1561 2745 1755 2788 carmina
1786 2745 2008 2787 amatoria.

234 2812 356 2855 enim
379 2819 605 2854 amantum
626 2825 796 2866 quoque
818 2818 991 2865 pectora
1010 2811 1081 2854 fe-
1164 2810 1338 2866 Quibus
1353 2809 1493 2854 verbis
1506 2809 1669 2865 liquido
1684 2808 1860 2865 adparet
1875 2841 1886 2862 ‚
1905 2809 2008 2851 exsi-

231 2877 370 2920 riebat
400 2875 575 2932 Cupido
594 2907 607 2929 ,
637 2883 682 2918 et
708 2874 929 2929 injiciebat
952 2875 1079 2918 ardo·
1158 2874 1202 2917 lii
1218 2884 1356 2932 poetae
1369 2891 1540 2919 causam
1560 2874 1686 2916 aliam
1698 2873 1849 2927 fuisse,
1873 2890 2004 2929 quam

233 2956 331 2982 rem
355 2948 399 2983 et
422 2940 582 2996 ignem.
1156 2940 1348 2982 carmina
1375 2937 1594 2981 amatoria.

286 3006 351 3047 62.
372 3004 444 3047 Ab
461 3005 754 3059 AEneafmlre.
768 3004 933 3047 AEneas
954 3004 1075 3047 enim
1214 3007 1274 3059 74.
1291 3007 1386 3048 Non
1392 3013 1514 3059 potes
1526 3020 1556 3046 a
1570 3006 1697 3059 culpa
1709 3006 1845 3048 dicere
1857 3008 2006 3048 abesse

234 3077 275 3111 et
298 3068 471 3125 Cupido
493 3069 621 3112 ambo
640 3078 829 3112 matrem
847 3068 1074 3112 Venerem
1153 3077 1240 3112 tua.
1265 3070 1393 3111 Liber
1406 3071 1554 3111 abesse
1577 3076 1790 3124 quatuor-3
1813 3085 1927 3112 unus
1945 3074 2003 3113 li-

232 3133 435 3175 habuere.

1153 3138 1226 3178 ber
1242 3139 1391 3178 adesse
1410 3150 1425 3187 ‚⁸
1449 3136 1501 3180 al.
1519 3138 1651 3178 libera
1662 3152 1764 3179 esse.
1779 3136 1906 3181 Latet
1922 3137 2001 3180 ali-

285 3198 351 3251 64.
365 3199 512 3252 Meque
525 3201 615 3241 Ioco
621 3201 763 3253 plecti.
775 3197 1069 3241 PoniThuan.
1152 3199 1256 3255 quid
1275 3200 1437 3243 mendi.
1449 3202 1508 3243 H.
1523 3201 1658 3258 Hunc
1671 3217 1848 3244 sensum
1865 3201 1999 3258 expla-

286 3265 350 3318 7o.
380 3262 482 3303 Tuis
493 3267 667 3305 actibus.
684 3262 791 3305 Tuis
806 3262 1069 3306 carminibus
1149 3272 1226 3306 nat
1241 3264 1413 3307 Phaedr.
1431 3265 1468 3319 I,
1488 3280 1531 3319 Χ,
1547 3267 1570 3307 5
1583 3280 1593 3307 :
1608 3268 1738 3320 culpa·
1745 3270 1996 3319 proximam.

228 3324 506 3382 etpraeceptis
522 3324 574 3367 de
589 3325 697 3367 Arte
718 3327 905 3370 amandi.
1207 3330 1268 3383 78.
1303 3332 1388 3372 Est
1417 3346 1510 3372 mea
1537 3345 1692 3384 penna.
1723 3331 1843 3372 Mihi
1853 3345 1996 3383 penna

284 3409 346 3447 71.
367 3388 602 3443 Defieudere
619 3398 766 3432 caetera
771 3408 933 3445 posses.
957 3393 1069 3435 Pos-
1148 3392 1236 3435 duo
1258 3393 1355 3436 libri
1373 3412 1383 3446 ;
1413 3403 1457 3437 et
1479 3394 1616 3437 nostri
1637 3393 1761 3436 codd.

223 3473 308 3501 sem
321 3453 534 3500 nonnulli.
546 3453 695 3510 Forte,
709 3454 1063 3512 dcfindipossent.
1200 3450 1266 3501 80.
1284 3461 1435 3503 Puella
1447 3462 1643 3503 Phasias.
1653 3458 1814 3503 Medea
1825 3489 1837 3513 ,
1852 3457 1911 3502 sic
1923 3457 1991 3500 di-
