2268 3848
256 327 327 381 38
739 329 802 382 P.
850 326 1153 382 OVIDII
1194 328 1572 386 NASONIS

333 442 578 525 Imposui
609 443 847 525 rapidis,
880 444 1081 504 viscera
1114 461 1335 517 nostra,
1367 447 1555 526 rogis;
1992 479 2048 507 20

252 539 355 598 Vel
388 540 536 622 quod
562 565 707 600 eram
742 543 931 601 Musas
952 589 965 613 ‚
997 557 1061 601 ut
1089 543 1314 602 crimina
1344 559 1563 616 nostra,
1592 568 1858 627 perosus,

338 641 382 695 V
392 638 438 696 el
471 638 623 720 quod
652 638 831 697 adhuc
863 661 1111 699 crescens
1140 654 1193 699 et
1216 641 1353 700 rude
1384 665 1599 702 carmen
1628 658 1757 703 erat.

254 737 393 817 Quae
422 736 681 819 quoniam
705 759 817 794 non
852 751 981 796 sunt
1008 738 1230 819 penitus
1259 738 1503 811 sublata,
1536 741 1633 801 sed
1659 756 1905 816 exstant,

337 833 600 893 Pluribus
629 831 893 914 exemplis
919 834 1124 916 scripta
1149 834 1317 895 fuisse
1345 859 1470 896 reor
1498 861 1510 908 ;
1545 897 1547 899 .

253 931 415 989 Nunc
443 953 639 1010 precor
665 943 725 987 ut
750 928 968 999 vivant,
1002 944 1055 987 et
1083 953 1197 989 non
1228 931 1422 1009 ignava
1450 931 1727 1011 legentum
1992 950 2045 994 25

336 1028 467 1087 Otia
501 1026 794 1099 delectent,
829 1028 1266 1111 admoneantque
1298 1030 1420 1089 mei.

252 1128 366 1185 Nec
396 1140 577 1184 tamen
611 1123 703 1184 illa
730 1124 839 1203 legi
867 1140 1133 1208 poterunt
1159 1127 1430 1210 patienter
1459 1128 1528 1187 ab
1558 1126 1673 1188 ullo
1695 1176 1710 1203 ‚

334 1220 555 1280 Nesciat
584 1220 669 1280 his
698 1245 970 1280 summam
998 1221 1042 1281 si
1076 1222 1200 1304 quis
1227 1222 1418 1283 abesse
1442 1247 1681 1284 manum.

252 1317 517 1379 Ablatum
547 1317 743 1377 mediis
772 1341 915 1399 opus
946 1333 1028 1377 est
1055 1318 1355 1380 incudibus
1385 1319 1556 1393 illud,

336 1417 531 1476 Defuit
560 1431 617 1476 et
644 1416 866 1498 scriptis
895 1415 1085 1477 ultima
1115 1416 1244 1477 lima
1268 1419 1420 1479 meis.
1994 1416 2049 1479 zo

254 1515 329 1572 Et
356 1513 568 1572 veniam
598 1537 701 1594 pro
734 1512 893 1572 laude
921 1527 1052 1595 peto
1080 1538 1091 1571 :
1123 1508 1380 1575 laudatus
1410 1514 1633 1576 abunde
1652 1562 1667 1588 ,

334 1613 465 1671 Non
495 1610 775 1670 fastiditus
801 1610 848 1670 si
874 1610 1010 1683 tibi,
1042 1610 1243 1682 lector,
1275 1636 1387 1672 ere.

256 1712 380 1770 Hos
411 1734 632 1792 quoque
663 1733 755 1768 sex
783 1733 973 1770 versus
994 1756 1007 1780 ‚
1040 1709 1098 1768 in
1127 1709 1294 1792 primi
1321 1708 1503 1769 fronte
1530 1707 1705 1768 libelli

333 1804 393 1864 Si
427 1804 837 1888 praeponendos
865 1829 981 1865 esse
1011 1805 1263 1887 putabis,
1293 1804 1434 1864 habe
1460 1829 1474 1864 :

258 1902 413 1963 Orba
442 1917 667 1985 parente
695 1927 797 1963 suo
829 1902 1164 1985 quicumque
1195 1901 1475 1961 volumina
1501 1901 1681 1981 tangis
1699 1948 1713 1973 ‚
1994 1916 2047 1959 35

338 2000 443 2060 His
475 2000 666 2060 saltem
697 2013 878 2060 vestra
904 1999 1064 2059 detur
1089 1999 1148 2058 in
1177 1999 1314 2059 urbe
1341 1998 1532 2069 locus;

258 2100 503 2181 Quoque
534 2097 709 2177 magis
739 2098 950 2168 faveas,
980 2121 1097 2156 non
1125 2110 1258 2156 sunt
1285 2095 1402 2155 hae'c
1431 2095 1573 2155 edita
1601 2092 1671 2154 ab
1700 2095 1855 2177 ipsu,

341 2197 451 2257 Sed
480 2196 636 2278 quasi
666 2195 733 2255 de
763 2179 1193 2280 domini'funere
1223 2208 1381 2276 rapta
1406 2192 1526 2252 sui:

259 2291 546 2373 Quicquid
574 2292 632 2350 in
659 2291 748 2351 his
777 2289 1257 2369 igiturvitii'rude
1288 2311 1506 2348 carmen
1537 2286 1769 2348 habebit
1788 2333 1802 2359 ,

340 2387 775 2461 EmendaturuS,
808 2386 855 2447 si
886 2386 1164 2459 licuisset,
1198 2409 1360 2447 eram.
1714 2402 1717 2407 ’
1994 2397 2051 2453 40

254 2533 412 2576 metior
433 2549 641 2590 germana
670 2542 864 2590 parente.
885 2551 907 2571 »
939 2533 1108 2578 HEINS.

312 2617 377 2643 20.
406 2603 580 2642 Viscera
591 2609 747 2642 nostra.
762 2600 944 2643 Nostros
956 2599 1107 2642 libros:

256 2683 313 2724 qu
320 2666 375 2709 asi
387 2663 508 2708 meos
522 2666 886 2721 partus—Bagis.
897 2664 1109 2707 Flammae

257 2731 406 2774 omnia
425 2730 625 2787 rapienti.

314 2814 379 2854 27.
398 2799 492 2838 Non
507 2804 659 2839 tamen.
671 2797 760 2840 Nec
776 2804 958 2846 veteres,
974 2804 1018 2839 et
1029 2797 1110 2840 Ne-

257 2866 373 2906 sciet.
400 2862 566 2904 HfflNs.

312 2945 379 2988 29.
420 2929 579 2969 Medis&
620 2928 853 2969 incudibus.
898 2925 1112 2969 Nondum

259 2996 452 3039 absoluto
474 3011 618 3051 opere.
638 2995 768 3036 MER.
781 2994 920 3038 —Sic
939 3004 984 3038 et
1004 3011 1113 3052 opus

259 3059 434 3115 aliquod
453 3063 626 3102 elimare
646 3059 846 3103 dicimur.
1055 3110 1059 3115 ¹

315 3126 381 3168 33.
409 3126 459 3166 In
470 3129 610 3179 prima
620 3123 765 3179 fronte
783 3128 932 3168 libelli.
959 3125 1112 3169 Scribe

251 3193 534 3244 primilibelli.
548 3191 703 3246 Inepte
720 3189 839 3232 enim
856 3191 1113 3234 Metamor-

261 3255 416 3311 phoses
434 3258 604 3298 libellus
623 3265 851 3311 vocentur,
873 3274 978 3314 quas
996 3259 1084 3314 ipse
1098 3290 1111 3313 ,

258 3316 330 3364 lib.
347 3318 424 3375 II,‘
438 3321 577 3378 majus
594 3338 697 3376 opus
718 3323 773 3366 sit
793 3323 1114 3380 appellaturus;

1191 2527 1359 2576 sicalibi
1375 2548 1385 2575 ι
1403 2549 1424 2569 «
1441 2530 1528 2575 Sex
1541 2546 1623 2588 ego
1636 2529 1870 2573 Fastorum
1882 2528 2048 2585 scripsi,

1192 2599 1476 2656 totidemque
1489 2597 1652 2642 libellos
1665 2615 1675 2650 ;
1687 2616 1708 2636 ν
1724 2606 1767 2641 et
1783 2629 1795 2651 ,
1811 2615 1832 2635 «
1850 2596 1943 2652 Qui
1959 2611 2049 2638 mo-

1193 2668 1250 2711 do
1283 2668 1470 2712 Nasonis
1500 2667 1727 2712 fueramus
1761 2666 1955 2723 quinque
1986 2664 2050 2707 h-

1191 2735 1292 2778 belli
1309 2767 1321 2790 ,
1341 2735 1452 2778 Tres
1466 2750 1616 2778 sumus
1631 2766 1642 2776 .
1658 2768 1668 2777 .
1682 2766 1692 2776 .
1710 2750 1732 2771 »
1753 2733 1807 2776 de
1827 2733 2051 2775 Amorum

1191 2801 1311 2843 libris
1327 2818 1338 2852 ;
1361 2809 1492 2856 atque
1508 2799 1567 2842 ita
1583 2799 1741 2856 passim
1754 2797 1866 2841 alibi.
1877 2797 1938 2840 H.

1249 2866 1316 2908 35.
1343 2866 1459 2907 Orba
1472 2872 1648 2919 parente
1666 2880 1755 2906 suo.
1775 2863 1951 2906 Privata
1971 2878 2052 2919 pa-

1195 2938 1260 2972 tre
1277 2962 1288 2983 ,
1314 2939 1357 2972 et
1378 2939 1552 2972 auctore
1576 2928 1720 2986 operis
1736 2961 1749 2984 ,
1771 2928 1847 2985 qui
1866 2927 1912 2971 in
1934 2928 2049 2971 exsi-

1195 2996 1306 3039 lium
1326 2997 1490 3052 ejectus
1510 3005 1587 3039 est.

1250 3063 1316 3119 37.
1341 3064 1474 3104 Edita
1492 3064 1547 3103 ab
1572 3063 1660 3103 illo.
1687 3061 1788 3115 Ipso
1814 3058 2050 3102 meliores:

1195 3142 1275 3183 pro
1288 3126 1444 3183 faveas
1473 3125 1607 3169 etiam
1622 3124 1779 3181 foveas
1807 3132 2051 3180 agnoscunt

1198 3201 1399 3249 quatuor.
1488 3244 1491 3246 Ι

1255 3259 1321 3311 4ο.
1333 3258 1640 3300 Emendaturus
1646 3262 1748 3300 erat.
1759 3256 1891 3298 Eram
1902 3250 2048 3309 scripti

1197 3323 1399 3381 potiores.
1417 3323 1586 3367 Hssms.
