2280 3776
282 342 394 412 454
756 346 823 396 Ρ.
873 342 1160 398 ovum
1208 340 1582 398 NAsoms

279 462 367 521 Tu
398 475 611 521 nostras
639 459 820 532 audis,
851 459 993 519 inter
1023 482 1260 520 convexa
1288 459 1502 521 locatus

363 555 579 626 Sidera,
613 554 853 615 sollicito
885 578 1024 638 quas
1051 554 1242 616 damus
1270 579 1362 615 ore
1382 601 1396 628 ,
1424 577 1627 638 preces.
1710 635 1716 640 .
1980 576 2060 616 ι3ο

286 652 612 711 Perveniant
642 652 785 711 istuc
813 666 868 711 et
896 652 1131 712 carmina
1159 650 1392 712 forsitan
1421 650 1547 723 illa,

366 748 506 827 Quae
538 747 604 807 de
628 762 679 807 te
708 747 830 808 misi
856 746 1023 808 caelite
1054 747 1193 807 sacta
1223 771 1384 806 novo·

287 842 547 919 Auguror
575 842 664 903 his
691 841 862 920 igitur
889 842 1033 902 flecti
1062 858 1154 902 tua
1183 841 1439 912 numina;
1465 863 1564 901 nec
1594 856 1656 901 tu

367 939 645 998 Immerito
675 960 877 998 nomen
903 938 1032 998 mite
1067 938 1308 1021 parentis
1334 937 1521 998 habes.

284 1080 499 1124 editiones
530 1082 706 1138 priscae;
734 1080 851 1138 quod
871 1097 1042 1137 sequor.
1065 1082 1126 1124 H.
1267 1081 1342 1124 133
1364 1082 1560 1125 Numina.
1572 1082 1750 1123 Pectora
1769 1078 1871 1123 MS.
1889 1079 2065 1124 Bersm.r

283 1169 337 1178 --
355 1147 416 1189 Et
427 1155 493 1189 est
502 1150 633 1190 oculis
651 1150 820 1191 subdita
836 1155 943 1191 terra
953 1151 1050 1191 luis.
1067 1147 1128 1191 Et
1207 1146 1356 1190 Nostri
1385 1150 1571 1189 numina.

284 1219 334 1252 tu
347 1227 369 1253 e
384 1210 487 1253 caelo
499 1210 677 1267 despicis
698 1226 795 1267 quae
807 1211 979 1254 fiuntin
997 1220 1125 1254 terra.
1266 1211 1356 1265 134.
1384 1213 1592 1255 Parentis.
1613 1209 1754 1253 Patris
1783 1208 1935 1267 patriae
1953 1225 1964 1262 ;
1979 1208 2056 1252 sed

342 1275 432 1316 131.
459 1277 702 1318 pervenient
729 1280 851 1319 istuc.
882 1278 1133 1319 perveniant
1209 1276 1395 1320 Sueton.
1422 1292 1513 1333 cap.
1533 1276 1610 1331 26,
1629 1291 1844 1320 recusasse
1862 1275 1946 1319 hoc
1966 1290 2052 1318 no-

287 1340 499 1384 meliores.
525 1341 584 1383 H.
1211 1358 1336 1395 men,
1353 1342 1514 1386 scribit.

813 1589 1552 1665 EPISTOLA‘X

842 1920 871 1948 *
896 1915 1491 1978 ALBINOVANO.

923 2221 1440 2289 ARGUMENTum.

297 2341 464 2401 ‘Ulyssis
496 2340 585 2384 fata
603 2373 615 2395 ,
646 2338 843 2397 quamvis
865 2338 996 2393 dura,
1022 2355 1124 2383 cum
1144 2339 1210 2383 sui
1232 2339 1463 2383 acerbitate
1495 2337 1629 2383 exsiiii
1648 2371 1663 2394 ,
1691 2337 1809 2395 quod
1829 2337 1876 2380 in
1898 2345 2069 2380 sextum

350 2413 441 2469 jam
467 2427 636 2455 annum
671 2410 801 2454 duret
816 2443 829 2464 ,
851 2409 1044 2454 conferri
1069 2425 1160 2452 non
1181 2425 1303 2466 posse
1327 2417 1453 2465 poeta
1481 2407 1697 2452 adfirmat.
1729 2407 1911 2461 Thesei,
1934 2423 2067 2464 quem

350 2480 545 2525 carmine
563 2478 751 2524 laudarit
770 2477 893 2522 Pedo
908 2477 1207 2523 Albinovanus
1225 2512 1237 2534 ‚
1254 2478 1388 2522 fidem
1407 2477 1666 2521 imitandam
1685 2476 1829 2521 eidem
1849 2477 2067 2534 proponit.

302 2603 462 2688 HIC
491 2626 627 2686 mihi
655 2625 952 2686 Cimmerio
976 2625 1067 2685 bis
1097 2625 1257 2686 tertia
1283 2625 1503 2685 ducitur
1528 2639 1684 2685 aestas

379 2723 567 2785 Litore
586 2769 600 2795 ,
631 2721 853 2805 pellitos
884 2721 1025 2782 inter
1049 2722 1258 2801 agenda
1288 2722 1473 2782 Getas.

300 2820 527 2903 Ecquos
550 2834 611 2879 tu
642 2818 855 2892 siliceS‚
885 2819 1099 2902 ecquod
1118 2867 1132 2892 ‚
1162 2819 1464 2892 carissime,
1493 2817 1696 2879 ferrum

380 2916 614 2977 Duritiae
642 2915 890 2988 confer3‚
923 2915 1264 2976 Albinovane
1282 2962 1297 2987 ‚
1328 2916 1498 2975 meae?

354 3076 383 3104 *
413 3074 731 3118 ALBINOVANO.
761 3074 938 3117 Merula
958 3073 1146 3117 Albino—
1225 3072 1502 3117 comitemne
1520 3071 1704 3115 scribam
1738 3068 1927 3114 Neronis
1953 3067 2069 3111 cele-

301 3153 466 3182 vanum
485 3138 604 3181 hunc
619 3154 709 3182 esse
723 3137 855 3181 tradit
869 3170 881 3190 ‚
900 3137 1080 3181 Celsum
1101 3137 1147 3179 il·
1231 3138 1339 3181 brat.
1364 3137 1536 3179 MICYL.

301 3201 421 3252 lum,
445 3202 497 3245 ad
515 3218 648 3259 quem
672 3211 716 3246 et
734 3203 944 3246 Horatius
965 3201 1143 3257 scripsit.
1282 3204 1320 3255 4.
1350 3203 1529 3244 Duritia·
1555 3216 1663 3244 meoe.
1692 3199 1800 3243 Meo
1820 3197 2000 3252 robori,
2026 3204 2071 3239 et

305 3267 402 3324 Ego
419 3267 648 3311 Pedonem
680 3268 1004 3312 Albinovanum
1022 3301 1034 3322 ,
1056 3283 1146 3310 non
1229 3265 1363 3308 animi
1385 3263 1674 3321 magnitudini
1693 3264 1741 3306 in
1758 3261 1953 3306 ferendis
1972 3276 2069 3303 ma-

306 3332 422 3376 Celsi
442 3348 714 3389 praenomen,
729 3334 804 3377 sed
819 3333 917 3377 Caii
929 3333 1144 3387 habuisse,
1226 3330 1287 3373 lis.
1302 3352 1358 3362 -
1374 3331 1555 3373 Duritt'ae
1571 3345 1681 3373 meae.
1704 3328 1778 3372 Sic
1798 3326 1952 3384 virgil.
1966 3325 2070 3368 AEn.

303 3397 418 3454 apud
433 3397 535 3440 alios
549 3398 733 3454 reperio.
750 3398 808 3440 Et
823 3399 1033 3441 Horatius
1050 3397 1149 3443 Cel-
1226 3397 1290 3440 IX
1304 3429 1315 3451 ,
1331 3413 1440 3440 vers.
1455 3396 1536 3450 468
1551 3428 1563 3449 ,
1576 3397 1770 3438 AEneadae
1786 3396 1902 3446 duri,
1929 3391 1973 3434 id
1989 3398 2068 3443 est,

304 3479 400 3507 sum
419 3461 543 3507 illum
559 3495 572 3518 ‚
593 3478 688 3507 non
706 3471 755 3507 ut
778 3471 975 3519 poetam,
1001 3462 1078 3506 sed
1100 3470 1150 3505 ut
1228 3462 1351 3505 malis
1370 3461 1585 3517 indurati,
1609 3460 1704 3504 satis
1723 3457 1909 3505 exerciti.
