2280 3776
248 276 354 328 350

258 432 522 449 τ-..ῌ-ψ--ω-
530 432 679 440 β-υ-φ-

710 276 775 328 Ρ.
831 274 1116 330 OVIDII
1165 273 1533 330 NASONIS

714 540 1273 613 EPISTOLA
1315 544 1557 614 VIII.

1032 679 1220 695 m

769 837 1140 898 MAXIMO
1186 839 1507 900 COTTAE.

758 1110 761 1114 ’
843 1115 1440 1167 ARGUMENTUM.

263 1245 460 1301 Acceptis
481 1260 503 1286 a
527 1243 659 1287 Cotta
680 1243 891 1301 Augusti,
927 1244 1092 1288 Tiberii
1122 1254 1167 1288 et
1194 1244 1325 1288 Liviae
1355 1244 1643 1302 imaginibus,
1681 1252 1889 1302 tanquam
1911 1262 2030 1302 proe-

322 1313 515 1356 sentibus
535 1313 630 1356 Diis
646 1346 657 1367 ,
679 1313 729 1356 fit
749 1313 947 1370 supplex,
985 1330 1142 1370 easque
1164 1313 1474 1358 commodioris
1501 1312 1632 1357 exsilii
1650 1329 1773 1370 spem
1791 1313 1871 1357 sibi
1889 1315 2031 1358 facere

317 1383 457 1440 fingit.

266 1510 340 1593 R
358 1548 675 1595 EDDITUS
705 1548 786 1594 est
816 1534 980 1594 nobis
1010 1535 1191 1596 Caesar
1221 1560 1342 1596 cum
1374 1538 1584 1597 Caesare
1609 1561 1818 1620 nuper,

346 1636 508 1713 Quos
538 1631 672 1691 mihi
701 1630 933 1704 misisti,
967 1632 1206 1694 Maxime
1238 1635 1434 1707 Cotta,
1465 1635 1654 1695 Deos:
1725 1662 1729 1665 ·

266 1733 453 1812 thue
485 1753 642 1789 suum
674 1752 873 1789 munus
898 1753 1213 1801 numerum,
1245 1754 1406 1812 quem
1437 1730 1629 1805 debet,
1652 1732 1910 1804 haberet,

348 1831 453 1888 Est
479 1827 561 1887 ibi
589 1826 897 1887 Caesaribus
926 1827 1077 1886 Livia
1103 1828 1293 1908 juncta
1322 1829 1454 1888 suis,

271 1926 579 2001 Argentum
606 1920 736 1981 felix
755 1968 768 1994 ,
797 1922 1055 2003 omnique
1085 1922 1302 1983 beatius
1332 1948 1466 1984 auro
1488 1971 1504 1996 ,
2014 1941 2039 1981 5

353 2019 549 2098 Quod,
579 2018 755 2076 fuerat
782 2018 1019 2099 pretium
1053 2043 1222 2101 quum
1251 2019 1420 2092 rude,
1456 2043 1658 2080 numen
1689 2021 1807 2080 erit.

272 2117 399 2176 Non
425 2113 563 2172 mihi
590 2112 804 2172 divitias
835 2111 1013 2172 dando
1043 2114 1244 2195 majora
1276 2114 1544 2186 dedisseS‚

358 2209 642 2270 Caelitibus
670 2208 850 2269 missis
879 2224 1068 2269 nostra
1099 2210 1203 2271 sub
1233 2235 1327 2272 ora
1356 2211 1552 2272 tribuS.

335 2372 368 2398 1.
398 2357 484 2397 Est
502 2357 697 2397 redditus.
716 2353 794 2397 Est
809 2352 947 2396 datus.
965 2377 1021 2387 -
1037 2356 1120 2396 Cae-

280 2438 356 2464 sar
372 2437 464 2464 cum
485 2421 663 2461 Coesare.
684 2418 907 2475 Augustus
924 2435 1026 2461 cum
1041 2420 1122 2462 Ti-

280 2486 416 2530 berio.
451 2486 565 2529 Sunt
598 2485 671 2540 qui
703 2500 796 2526 non
828 2483 1016 2539 Tiberii,
1046 2485 1122 2528 sed

281 2552 416 2595 Drusi
445 2551 621 2607 majoris
640 2550 875 2607 imaginem
896 2566 996 2593 cum
1019 2550 1124 2593 Au-

285 2617 394 2674 gusti
416 2617 604 2672 imagine
623 2616 819 2669 missam,
837 2615 1094 2672 intelligant.

340 2685 378 2724 5.
408 2683 634 2736 Argentum
643 2679 759 2734 felix
774 2713 784 2726 ,
815 2684 1005 2735 omnique
1023 2684 1125 2723 bea-

281 2750 367 2788 tius
380 2761 481 2788 auro
495 2777 506 2792 ,
538 2746 662 2797 Quod
665 2742 803 2798 fiaere't
807 2747 996 2797 pretium.
1019 2744 1129 2788 Sen-

285 2826 356 2853 sus
385 2818 470 2852 est:
496 2808 539 2853 O
566 2808 666 2850 felix
693 2817 950 2864 argentum,
976 2817 1021 2852 et
1048 2809 1128 2866 ipsi

287 2891 394 2918 auro
415 2874 732 2931 praeserendum
745 2906 757 2927 ,
776 2874 875 2930 quia
896 2890 1033 2931 quum
1050 2890 1128 2932 per

286 2958 330 2984 se
345 2975 357 2996 ,
384 2957 431 2985 ac
460 2941 567 2984 rude
581 2974 592 2995 ,
623 2942 811 2997 pretium
833 2942 887 2985 sit
901 2974 913 2996 ‚
936 2941 1019 2985 hoe
1036 2951 1100 2985 est
1114 2975 1126 2996 ‚

287 3008 522 3063 pretiosum
535 3016 578 3049 et
590 3022 738 3049 carum
754 3039 765 3060 ,
778 3023 897 3050 nunc
917 3007 1046 3049 etiam
1059 3006 1130 3049 ha-

284 3071 359 3114 bet
372 3087 539 3114 numen
557 3104 568 3125 ,
584 3071 667 3114 hoe
678 3081 755 3125 est,
778 3071 1002 3115 Caesarum
1018 3071 1131 3114 ima-

290 3138 407 3193 gines
435 3139 689 3194 impressas,
710 3139 797 3181 sive
819 3138 996 3181 caelatas.
1017 3137 1130 3179 Mle.

345 3203 385 3244 ὃ.
419 3203 678 3256 Quodfuert‘t
685 3209 864 3259 pretium
880 3238 890 3253 ‚
911 3215 1034 3259 quum
1053 3201 1130 3244 rit-

292 3268 343 3308 de
362 3283 507 3308 numen
521 3270 655 3309 habel.
682 3269 779 3311 Alia
798 3268 912 3324 apud
933 3267 1035 3310 alios
1055 3266 1131 3309 di-

292 3329 485 3380 stincti03
508 3331 582 3372 sed
605 3331 694 3373 haec
715 3341 892 3387 propter
908 3345 1132 3388 compara-

237 3440 250 3457 t
296 3395 459 3436 tionem
487 3395 654 3450 aptior,
685 3396 758 3437 tali
787 3396 985 3439 videlicet
1022 3412 1132 3439 sen-

1199 2356 1335 2400 tentia
1367 2371 1378 2398 :
1410 2356 1631 2400 Nummus
1671 2363 1900 2412 argenteus
1937 2353 2047 2398 Cae-

1207 2436 1354 2464 sarum
1384 2421 1644 2478 imaginibus
1670 2419 1872 2476 insignis,
1896 2419 2050 2476 quanti

1209 2503 1298 2530 esse
1319 2486 1446 2542 pretii
1468 2486 1597 2529 debet
1613 2519 1624 2540 ,
1647 2501 1784 2542 quum
1816 2494 2048 2543 argentum

1204 2552 1409 2596 nondum
1442 2551 1663 2610 signatum
1683 2551 1791 2595 adeo
1809 2552 2050 2608 pretiosum

1207 2619 1261 2661 sit
1277 2650 1288 2672 ,
1312 2626 1360 2660 ut
1383 2634 1406 2660 a
1435 2617 1633 2675 plurimis
1653 2633 1734 2674 pro
1754 2617 1936 2662 numine
1961 2615 2049 2659 ba·-

1206 2684 1361 2726 beatur
1377 2682 1398 2725 ?
1447 2684 1640 2726 FABMC.
1688 2683 1901 2739 Legerem
1944 2696 2048 2724 cum

1208 2748 1424 2792 Vossiano
1442 2757 1488 2792 et
1503 2747 1701 2792 Francofi
1717 2766 1740 2785 «
1764 2746 1896 2803 Quod
1920 2779 1932 2801 ,
1950 2745 2050 2789 fue-

1207 2823 1277 2857 rat
1309 2814 1501 2871 pretium
1539 2829 1678 2869 quum
1712 2811 1846 2866 rude,
1879 2828 2050 2854 numen

1209 2879 1313 2932 erit,
1341 2896 1363 2915 ²»
1385 2877 1426 2920 id
1453 2887 1543 2931 est,
1570 2877 1713 2934 quod,
1733 2892 1869 2933 quum
1890 2877 2052 2934 funge-

1207 2943 1338 2986 batur
1367 2942 1457 2985 vice
1488 2942 1670 2984 aliarum
1698 2958 1874 2995 rerum,
1915 2949 1960 2984 et
1990 2940 2052 2983 ita

1209 3007 1399 3064 pretium
1434 3015 1552 3060 erat,
1594 3006 1638 3049 id
1681 3016 1746 3050 est
1786 3014 2016 3062 argentum
2037 3039 2049 3059 ‚

1211 3087 1298 3129 quo
1312 3071 1470 3128 aliquid
1488 3071 1578 3115 emi
1605 3081 1747 3130 posset
1761 3104 1773 3125 ,
1796 3087 1914 3114 nunc
1942 3069 2052 3113 mihi

1209 3152 1377 3179 numen
1404 3136 1488 3179 erit
1505 3146 1683 3194 propter
1711 3136 1919 3193 imagines
1942 3133 2051 3179 Cae-

1209 3217 1367 3244 sarum.
1387 3202 1437 3245 B.
1762 3198 1766 3210 ¹

1268 3267 1306 3309 8.
1342 3269 1553 3309 Coelz‘tibus
1574 3269 1717 3310 tribus.
1738 3265 1921 3309 Duobus
1950 3262 2051 3307 Cae-

1212 3333 1375 3375 saribus
1395 3341 1438 3375 et
1456 3332 1589 3375 Livia.
1606 3356 1659 3364 -
1682 3334 1838 3374 Nostra
1854 3335 1931 3374 sub
1963 3346 2050 3372 ora.

1214 3396 1305 3438 Sub
1322 3405 1524 3440 nostrum
1545 3405 1837 3452 conspectum.
1883 3418 1886 3422 ·
