2280 3776
466 287 581 342 EX
621 283 924 340 PONTO
964 282 1123 337 LIB.
1168 281 1281 338 1v.
1323 280 1599 337 EPIST.
1644 285 1756 339 IX.

307 405 414 465 Hic
443 425 571 462 arcu
601 399 732 460 fisos
762 398 955 458 terruit
982 421 1107 458 ense
1135 397 1317 459 Getas.

228 503 336 563 Hic
365 514 576 583 captam
598 494 856 556 Trosmin
883 493 1040 554 celeri
1074 493 1275 554 virtute
1303 493 1538 578 recepit,

308 595 609 677 Infecitque
637 593 754 652 fero
782 590 1041 669 sang-uine
1065 590 1403 652 Danubium.

1942 622 1997 664 8⁰

232 696 430 775 Quaere
459 691 567 752 loci
594 689 810 762 faciem,
843 687 1195 771 Scythicique
1221 687 1564 751 incommoda
1594 692 1734 766 caeli;

312 793 387 851 Et
414 811 575 872 quam
605 785 783 846 vicino
815 799 1018 845 terrear
1044 784 1237 856 hoste,
1268 807 1419 864 roga.

234 890 428 951 Sintne
454 885 564 946 litae
592 899 782 944 tenues
809 881 1077 965 serpentis
1105 878 1231 941 felle
1257 882 1497 960 sagittae,

314 983 436 1043 Fiat
465 1005 532 1041 an
558 979 855 1039 humanum
885 978 1101 1038 victima
1133 976 1248 1038 dira
1276 991 1457 1060 caput.

234 1078 501 1152 Mentiar‚
532 1100 600 1137 an
627 1089 780 1136 coeat
809 1074 1037 1136 duratus
1065 1073 1269 1152 frigore
1296 1075 1509 1136 Pontus
1527 1123 1543 1148 ‚
1952 1103 2007 1146 85

316 1177 391 1235 Et
415 1187 595 1235 teneat
627 1169 822 1250 glacies
848 1171 1038 1252 jugera
1065 1169 1238 1230 multa
1265 1170 1404 1230 freti.

237 1271 368 1331 Haec
390 1267 489 1328 ubi
517 1266 776 1337 narrarit,
813 1288 932 1348 quae
960 1265 1031 1324 sit
1056 1287 1175 1323 mea
1199 1263 1341 1323 fama
1358 1310 1373 1336 ‚
1406 1265 1649 1347 require;

318 1365 564 1447 Quoque
593 1362 760 1422 modo
787 1383 1040 1443 peragam
1072 1374 1320 1443 tempora
1350 1360 1515 1434 dura,
1547 1386 1699 1442 roga.

239 1467 354 1525 Nec
384 1484 573 1524 sumus
598 1459 689 1520 hic
721 1458 850 1518 odio
868 1504 883 1530 ‚
914 1481 1013 1518 nec
1041 1456 1249 1518 scilicet
1278 1480 1396 1519 esse
1420 1482 1693 1523 meremur
1715 1512 1730 1535 ‚

322 1562 438 1620 Nec
466 1582 590 1620 cum
616 1556 835 1616 fortuna
861 1577 1015 1615 mens
1043 1577 1267 1637 quoque
1297 1576 1450 1615 versa
1476 1579 1592 1618 mea
1626 1575 1721 1620 est.

246 1654 348 1716 Illa
379 1653 538 1738 quies
566 1652 778 1722 anim0‚
816 1674 979 1733 quam
1010 1664 1070 1710 tu
1093 1648 1314 1710 laudare
1338 1650 1586 1724 solebas,

1965 1599 2021 1641 90

328 1747 429 1809 Ille
457 1762 611 1808 vetus
635 1745 798 1807 solito
825 1758 1035 1828 perstat
1060 1745 1117 1804 in
1149 1768 1242 1805 ore
1270 1745 1467 1827 pudor.

250 1845 341 1905 Sic
372 1867 475 1923 ego
504 1865 626 1904 sum
653 1840 849 1920 longe,
878 1840 955 1900 sic
985 1840 1076 1899 hic
1097 1887 1111 1912 ‚
1141 1840 1242 1901 ubi
1267 1841 1539 1903 barbarus
1564 1842 1770 1916 hostiS‚

329 1942 409 2002 Ut
437 1940 549 1999 fera
573 1936 701 2021 plus
725 1936 940 1997 valeant
965 1934 1180 2014 legibus
1212 1961 1386 2011 arma,
1415 1938 1578 2013 sacit3

249 2041 416 2110 Rem,
449 2048 613 2120 queat
642 2047 706 2094 ut
733 2031 940 2093 nullam
969 2046 1056 2093 tot
1079 2032 1189 2115 jam
1208 2079 1223 2105 ‚
1258 2034 1535 2109 Graeciae,
1565 2061 1664 2120 per
1693 2063 1867 2102 annos

1970 2064 2026 2112 οἵ»

326 2132 553 2196 Femina
579 2131 645 2192 de
672 2128 866 2202 nobis,
896 2129 1074 2202 virve,
1106 2153 1307 2213 puerve
1336 2132 1508 2214 queri.

251 2235 376 2293 Hoc
401 2231 555 2301 facit,
585 2243 650 2288 ut
676 2219 874 2288 misero
901 2225 1115 2288 faveant
1142 2227 1435 2310 adsintque
1463 2231 1730 2304 Tomitae;

255 2367 404 2426 Mysia
424 2373 572 2409 autem
605 2361 827 2419 provincia
856 2362 1101 2406 Pannonioe

254 2429 527 2476 contermina
541 2461 553 2484 ,
577 2426 631 2471 ad
657 2427 852 2471 Pontum
871 2441 1006 2482 usque
1020 2426 1101 2469 de-

255 2498 404 2542 currit.

314 2580 377 2623 79.
397 2564 483 2606 Hic
494 2569 658 2617 raptam
685 2563 853 2603 Traezen
872 2562 1000 2602 celeri
1013 2563 1103 2601 vir·-

257 2637 343 2672 tute
358 2631 522 2683 recepit.
537 2627 596 2669 Le
602 2642 651 2683 ge
669 2633 834 2680 captam
848 2641 900 2667 ex
915 2624 1103 2681 scriptis:

259 2693 420 2738 deinde
436 2709 516 2751 pro
540 2694 709 2735 Troezen
723 2725 734 2743 ‚
754 2690 900 2734 Editio
913 2690 1014 2734 Aldi
1036 2689 1106 2732 ul-

259 2761 366 2806 tima
377 2763 549 2811 Biz-sem·
571 2758 734 2814 Regius
754 2759 995 2808 Trosanem3
1011 2757 1109 2799 Mo-

262 2824 346 2869 reti
373 2826 601 2868 Trezenam
617 2836 632 2874 ,⁶
653 2821 793 2864 Servii
824 2822 1023 2872 Tme'sen5
1043 2835 1109 2876 pr.

263 2890 396 2935 editio
425 2891 622 2943 Traeson5
650 2887 778 2931 Polit.
807 2889 850 2929 T
843 2900 997 2939 roecen3
1021 2895 1112 2942 opt.

265 2955 406 2998 Vatic.
423 2956 627 2997 Tmsmen.
641 2952 789 2996 Scribe
817 2953 1115 3014 Trosminffpe-

273 3026 364 3075 σμὶς
395 3018 636 3062 Ptolemaeo
665 3025 731 3061 est
750 3015 905 3075 Mysiae
934 3015 1117 3059 inferio-

269 3085 329 3128 ris
341 3083 551 3141 oppidum
575 3098 586 3125 z
606 3083 682 3126 sed
706 3082 941 3139 legendum
958 3116 969 3137 ,
995 3090 1117 3143 Τρωι-

271 3159 378 3209 σμίς,
393 3149 461 3192 vel
474 3152 668 3210 Τρωάμίςί
681 3163 786 3190 nam
799 3156 982 3209 Τρῶσμις
997 3145 1118 3191 Con·

269 3213 462 3259 stantino
492 3211 892 3271 porphyrogenetae
904 3244 915 3265 ,
948 3210 1018 3255 lib.
1042 3212 1115 3266 ΙΙ,

273 3279 432 3324 Them.
454 3292 483 3322 1.
497 3276 713 3320 Antonini
732 3276 862 3319 etiam
890 3276 1121 3320 Itinerario

279 3346 465 3387 Trosme's
483 3351 548 3385 est
567 3350 612 3384 et
628 3340 803 3384 Notitiae
824 3340 1003 3398 Imperii
1022 3357 1123 3386 :ne-

275 3400 359 3466 que
375 3409 542 3453 variant
558 3407 641 3451 illic
658 3405 754 3450 libri
772 3415 953 3450 veteres.

1235 2365 1302 2418 84.
1332 2366 1434 2407 Fiat
1451 2379 1509 2407 em
1528 2369 1751 2412 humanum
1764 2375 1937 2416 vtktima
1955 2379 2030 2418 di—

1180 2444 1230 2470 ra
1247 2438 1386 2483 caput.
1412 2429 1577 2486 Quaere
1594 2433 1725 2477 etiam
1747 2452 1802 2479 an
1832 2437 2035 2486 homines

1182 2492 1512 2538 sacrificentura
1529 2496 1718 2556 Scythis:
1729 2517 1918 2558 quorum
1932 2522 2035 2549 con-

1181 2557 1367 2601 suetudo
1386 2569 1478 2603 erat
1497 2560 1686 2618 hospites
1705 2565 1933 2613 immolare
1946 2603 1958 2625 ,
1981 2580 2033 2614 ut

1184 2623 1350 2666 dictum
1369 2632 1446 2667 est.

1239 2704 1308 2746 9¹·
1336 2690 1422 2731 Illa
1446 2693 1562 2745 quies
1575 2695 1793 2737 am'mt'est.
1810 2697 1943 2742 Multi
1958 2701 2035 2744 de-

1184 2753 1277 2797 lent
1296 2759 1337 2799 2-:3
1353 2764 1445 2809 est,·
1469 2758 1659 2813 optimus
1679 2761 1916 2809 Vaticanus
1936 2774 2032 2811 ani·

1189 2834 1283 2872 mo,·
1316 2827 1446 2862 recte.
1470 2820 1532 2863 H.
1554 2843 1611 2853 —
1630 2825 1716 2865 Illa
1746 2831 1863 2881 quies
1880 2835 2035 2875 animo.

1191 2882 1420 2926 Modestia.

1247 2947 1313 3006 93.
1344 2948 1416 2990 St‘c
1432 2963 1509 3003 ego
1523 2964 1615 2992 sum
1634 2954 1767 3009 longe.
1781 2957 1948 3004 Versus
1965 2979 2040 3006 su-

1193 3020 1374 3068 spectus.
1392 3012 1558 3058 HEINS.
1578 3038 1633 3048 -—
1651 3017 1954 3069 Ubibarbarus
1963 3031 2044 3072 bo-

1195 3082 1286 3121 stis.
1313 3077 1502 3121 Hostem
1529 3079 1745 3139 intellige,
1768 3102 1858 3130 non
1884 3089 2043 3138 Tomi-

1197 3151 1322 3185 tanos
1336 3175 1348 3196 ‚
1363 3142 1439 3185 sed
1459 3143 1593 3188 Getas
1609 3178 1621 3199 ,
1637 3162 1661 3188 a
1676 3149 1830 3203 quibus
1844 3153 2041 3203 Tomita-

1199 3208 1245 3250 ni
1264 3207 1447 3251 subinde
1462 3209 1795 3268 infestabantur.
1814 3218 1987 3268 MICYL.

1254 3277 1323 3332 95.
1345 3276 1449 3336 Rem
1464 3283 1590 3330 queat
1596 3283 1643 3319 ut
1656 3283 1828 3325 nullam.
1843 3287 1912 3328 Re
1923 3294 2042 3334 nulla

1201 3336 1415 3381 meliores.
1437 3339 1499 3381 H.
1525 3341 1671 3385 Nostri
1695 3346 1801 3387 Rem
1825 3353 1996 3395 nullam.

1257 3421 1322 3464 97.
1351 3408 1446 3450 Hoc
1449 3407 1579 3461 facit.
1599 3411 1704 3454 Haec
1723 3411 1845 3455 Leid.
1865 3425 1909 3459 et
1941 3419 2049 3463 editi
