2280 3776
312 343 419 397 308
503 341 566 393 P.
595 339 807 394 OVID.
842 334 1166 390 NASONIS
1198 337 1300 390 EX
1334 335 1593 390 PONTO
1619 338 1668 390 Ι.
1700 338 1811 392 ΕΡ.
1836 340 1911 394 Χ.

388 455 678 535 Quamque
703 464 902 529 negant
925 448 1112 523 multi,
1140 474 1237 511 vos
1266 450 1400 510 mihi
1427 451 1580 512 fertis
1609 475 1786 534 opem.
2013 474 2068 528 40

306 553 491 619 Ferte,
520 568 745 629 precor,
772 567 1008 626 semper,
1040 544 1164 627 quia
1197 569 1408 628 semper
1436 546 1720 624 egebimus
1747 545 1872 619 illa,

389 644 615 706 Caesaris
644 641 916 702 offensum
953 642 1081 702 dum
1107 643 1242 702 mihi
1271 667 1470 703 numen
1503 643 1619 703 erit.

308 741 422 822 Qui
447 739 695 800 meritam
719 736 883 798 nobis
910 736 1144 810 minuat,
1177 762 1290 797 non
1316 738 1471 798 finiat
1496 739 1657 810 iram,

385 834 721 919 Suppliciter
748 848 956 893 vestros
991 833 1223 916 quisque
1252 850 1441 912 rogate
1469 835 1633 896 Deos.

300 997 371 1039 gas
387 978 490 1022 ratis
511 986 602 1021 acta
623 992 700 1033 per
728 975 866 1018 undas
881 1007 893 1029 ,
921 974 1140 1018 Paulatim

298 1046 446 1088 minor
458 1076 470 1098 ,
487 1052 530 1086 et
543 1042 671 1098 longe
685 1040 900 1085 servantia
912 1039 1045 1083 vincit
1058 1039 1139 1083 Lu·

296 1113 438 1165 mina,
461 1118 526 1153 tot
544 1107 681 1165 fragili
703 1108 820 1164 ligno
839 1106 1060 1163 complexa
1081 1106 1140 1149 ti-

293 1191 438 1219 mores
456 1193 466 1227 3
505 1192 525 1211 υ
556 1173 615 1217 ita
645 1171 891 1229 praestiterit
923 1171 1100 1213 sortasse
1122 1202 1134 1224 ,

297 1258 429 1299 quam
445 1243 617 1297 gracili,
648 1237 765 1295 quod
794 1254 912 1281 nunc
938 1235 1137 1280 circum-

291 1311 459 1361 fertur;
487 1323 623 1365 quum
648 1306 716 1350 hae
748 1305 844 1348 duae
872 1320 998 1348 voces
1023 1318 1135 1359 pro-

293 1374 453 1417 miscue
467 1373 514 1415 in
528 1370 704 1414 vetustis
719 1368 937 1413 codicibus
950 1367 1136 1411 confun-

292 1440 454 1483 dantur
470 1456 481 1491 ;
497 1451 749 1494 quanquam
761 1444 806 1478 et
821 1435 1032 1490 scriptura
1047 1433 1135 1475 vul-

294 1513 389 1562 gata
401 1503 500 1547 satis
510 1500 741 1546 commode
755 1516 800 1543 se
819 1499 962 1541 habet.
978 1498 1135 1540 Horat.

291 1570 362 1612 lib.
378 1569 424 1622 Ι,
447 1566 535 1611 Od.
555 1580 611 1609 111
624 1598 637 1620 ,
658 1581 719 1608 vs.
734 1581 763 1624 9
783 1579 792 1607 :
815 1581 836 1600 «
862 1561 1073 1626 Illi-robur
1091 1569 1134 1604 et

291 1650 346 1678 aes
368 1632 519 1690 triplex
535 1630 663 1674 Circa
675 1637 823 1687 pectus
837 1636 930 1671 erat
940 1660 952 1681 ‚
963 1627 1038 1684 qui
1051 1627 1134 1670 fra-

290 1700 422 1758 gilem
458 1698 572 1741 truci
608 1695 840 1740 Commisit
873 1693 1022 1752 pelago
1053 1709 1134 1736 ra-

291 1774 383 1808 tem
405 1797 416 1819 ,
449 1781 472 1802 »
505 1772 551 1806 et
587 1761 709 1805 illurn
745 1759 938 1804 imitatus
966 1759 1134 1803 Seneca

290 1829 475 1873 Medea:
493 1846 515 1866 «
536 1827 691 1871 Audax
702 1826 890 1871 nimium
907 1858 919 1881 ,
937 1824 1010 1881 qui
1023 1824 1134 1868 freta

291 1894 457 1951 primus
471 1893 582 1935 Rate
597 1900 687 1934 tam
706 1891 846 1948 fragili
860 1889 1027 1947 perfida
1046 1906 1133 1932 ru-

287 1958 362 2013 pit.
380 1975 403 1995 »
422 1957 536 1999 H.—-.-
544 1957 690 1999 Tellus
701 1972 796 1999 non.
820 1956 959 1999 Terra
976 1952 1130 2007 mollis,

287 2024 410 2079 cujus
430 2022 541 2066 illisu
556 2036 650 2067 non
670 2030 811 2078 potest
827 2020 948 2065 navis
959 2020 1103 2079 frangi
1119 2038 1129 2065 ε

1220 974 1303 1018 hoc
1322 984 1407 1030 est,
1429 978 1547 1021 locus
1558 977 1877 1022 tutus.—-Hanc
1893 1010 1905 1031 ,
1928 978 2065 1034 poetis

1220 1056 1430 1097 perquam
1451 1042 1709 1085 familiarem
1725 1076 1737 1098 ,
1759 1042 1847 1085 sive
1864 1042 1916 1085 de
1933 1058 2065 1098 repu-

1218 1106 1348 1161 blica,
1374 1107 1462 1150 sive
1487 1106 1540 1151 de
1559 1123 1636 1151 sua
1652 1107 1831 1150 fortuna
1844 1107 2065 1163 loquenti-

1217 1171 1297 1214 bus
1314 1204 1325 1225 ,
1352 1170 1538 1228 figuram
1568 1172 1826 1216 concinnius
1861 1172 2063 1228 expressit

1216 1236 1436 1279 recentior
1456 1245 1572 1280 vates
1591 1268 1603 1290 ‚
1633 1237 1812 1294 ingenio
1828 1252 2000 1281 necnon
2020 1246 2065 1280 et

1215 1301 1470 1344 infortuniis
1497 1310 1650 1345 nostro
1680 1302 1862 1345 similior
1879 1335 1891 1356 ,
1938 1302 2064 1344 Tor-

1218 1375 1374 1423 quatus
1390 1399 1401 1421 ,
1424 1365 1580 1410 Gerus.
1604 1366 1727 1410 liber.
1748 1368 1770 1411 I
1786 1400 1798 1421 ,
1824 1371 1875 1411 25
1895 1383 1999 1423 sqq:

1255 1445 1310 1474 Tu
1330 1445 1531 1486 magnanimo
1546 1443 1684 1476 Alfonso
1699 1469 1710 1485 ‚
1737 1445 1762 1476 il
1775 1446 1853 1487 qual
1874 1445 1982 1486 ritogli

1257 1506 1302 1537 ΑΙ
1322 1506 1412 1538 furor
1436 1507 1470 1538 di
1487 1506 1619 1539 fortuna
1633 1532 1644 1547 ,
1667 1519 1684 1539 e
1699 1509 1788 1549 guidi
1806 1508 1838 1539 in
1853 1514 1947 1549 porto

1254 1569 1313 1600 Me
1325 1569 1491 1610 peregrino
1506 1577 1631 1601 errante
1643 1594 1654 1608 ,
1676 1582 1694 1600 e
1707 1569 1758 1600 sra
1780 1570 1808 1610 gi
1834 1571 1933 1612 scogli
1946 1595 1956 1609 ,

1255 1629 1282 1660 E
1298 1627 1349 1659 fra
1362 1629 1385 1659 Ρ
1391 1624 1473 1660 mide
1486 1630 1625 1670 agitato,
1644 1641 1662 1660 e
1683 1630 1777 1671 quasi
1799 1637 1924 1662 assor-to
1938 1654 1948 1669 ‚
1969 1642 2018 1662 ee.

1269 1696 1336 1748 4ο.
1348 1696 1488 1740 Multi.
1505 1696 1599 1740 Alii
1615 1696 1664 1740 P.
1685 1696 1803 1740 Dan.
1824 1700 1969 1740 cuncti
1980 1696 2060 1740 Ex-

1214 1771 1362 1819 cerpta
1385 1763 1544 1806 vossii.

1270 1828 1335 1883 43.
1349 1829 1593 1885 Nonfim‘a't.
1615 1827 1718 1872 Non
1733 1827 1846 1872 sinat
1857 1845 1930 1872 me
1942 1845 2059 1873 sem-

1213 1907 1294 1947 per
1313 1908 1402 1935 esse
1424 1891 1626 1935 exsulem.
1650 1893 1752 1935 Non
1777 1892 1900 1936 finiat
1918 1893 2026 1937 iram
2041 1927 2053 1948 ‚

1213 1956 1256 1999 id
1274 1964 1362 2010 est,
1379 1955 1454 1999 det
1471 1955 1624 2000 saltem
1636 1957 1783 2001 mitius
1796 1956 2002 2001 exsilium.

1266 2022 1331 2074 44.
1359 2022 1542 2064 Vcstros.
1566 2023 1754 2065 Vestrum
1775 2020 1928 2065 Servii.
