2280 3776
299 286 459 358 218Χ

750 309 813 360 Ρ.
875 305 1165 365 ov1D11
1218 297 1591 368 NASONIS

297 421 463 503 Sique
498 421 646 503 quod
676 423 914 484 instabat
941 425 1169 487 dominae
1199 429 1506 489 miserabile
1531 429 1758 503 vulnuS‚
2018 457 2063 498 ιῖ»

379 520 466 578 Sit
492 519 773 601 perfuncta
803 522 936 581 meis
967 537 1183 606 tempus
1211 526 1270 585 in
1302 551 1459 587 omne
1486 526 1675 587 malis:

298 617 546 697 Quaeque
577 618 720 694 gravi
754 642 930 701 nuper
959 619 1085 701 plus
1115 645 1273 704 quam
1308 639 1559 706 quassata
1588 625 1827 707 procella
1855 643 1963 701 est,

378 710 545 788 Quod
578 727 850 795 superest,
887 728 1066 775 tutum
1095 740 1194 798 per
1221 742 1365 778 mare
1398 719 1548 778 navis
1578 735 1678 780 eat.

294 802 395 863 Illa
426 804 618 875 domu,
649 822 883 891 nataque
913 834 1035 881 sua,
1068 812 1353 894 patriaque
1383 812 1626 874 fruatur:

375 901 577 984 Erepta
611 904 723 965 haec
751 907 848 966 uni
878 908 948 966 sit
978 909 1107 968 satis
1138 932 1253 968 esse
1285 909 1437 967 mihi.
2014 942 2065 970 20

295 994 587 1073 Quatenus
618 1014 671 1058 et
700 1025 811 1060 non
842 1017 925 1063 est
952 1003 1009 1062 in
1040 1027 1164 1063 caro
1193 1004 1427 1085 conjuge
1460 1004 1619 1075 felix,

375 1093 506 1153 Pars
536 1095 655 1155 vitae
686 1098 827 1157 tristi
861 1113 1048 1159 caetera
1074 1100 1225 1159 nube
1255 1116 1437 1161 vacet:

285 1187 479 1263 Vivat,
510 1209 762 1278 ametque
791 1197 993 1271 virum,
1027 1199 1288 1282 quoniam
1313 1198 1391 1259 sie
1420 1198 1664 1277 cogitur,
1698 1199 1927 1272 absens;

367 1287 832 1375 Consummetque
865 1317 1037 1353 annos
1057 1341 1071 1366 ,
1103 1294 1198 1354 sed
1230 1294 1519 1366 diuturna,
1551 1318 1698 1355 suos.

287 1384 595 1467 Adjicerem
629 1405 682 1449 et
709 1407 932 1452 nostros
957 1417 968 1451 :
996 1393 1090 1452 sed
1119 1417 1188 1452 ne
1212 1394 1461 1471 contagia
1489 1392 1587 1452 fati
2011 1413 2063 1454 25

370 1485 767 1570 Corrnmpant,
802 1491 994 1566 timeo,
1025 1515 1165 1573 quos
1195 1492 1309 1570 agit
1335 1492 1482 1574 ipsa,
1514 1491 1636 1552 mei.

286 1580 378 1639 Nil
406 1581 617 1643 homini
649 1601 856 1646 certum
887 1603 999 1659 est3
1029 1587 1144 1647 fieri
1175 1589 1300 1670 quis
1330 1612 1493 1671 posse
1525 1603 1777 1672 putaret,

367 1680 445 1737 Ut
471 1679 698 1742 facerem
728 1682 786 1742 in
815 1685 1008 1745 mediis
1035 1684 1149 1744 haec
1179 1708 1281 1763 ego
1313 1709 1463 1746 sacra
1494 1685 1688 1745 Getis?

283 1774 552 1858 Adspice,
585 1794 647 1838 ut
675 1805 804 1841 aura
832 1796 1013 1842 tamen
1040 1782 1224 1843 fumos
1253 1806 1280 1842 e
1314 1796 1434 1843 ture
1466 1797 1687 1845 coortos

364 1875 429 1931 In
459 1890 640 1956 partes
671 1877 862 1950 ItalaS,
897 1893 947 1938 et
980 1877 1099 1939 loca
1127 1879 1315 1939 dextra
1343 1879 1500 1939 ferat.
2006 1898 2060 1940 30

285 1966 488 2027 Sensus
518 1969 659 2031 inest
684 1972 856 2050 igitur
881 1973 1127 2046 nebuliS,
1156 1998 1292 2057 quas
1322 1973 1491 2052 exigit
1520 1974 1694 2054 ignis:

366 2066 672 2128 Consilium
702 2069 922 2148 fugiunt
951 2086 1140 2132 caetera
1169 2095 1321 2155 paene
1348 2095 1547 2132 meum.

286 2160 557 2235 ConsiliO,
591 2189 874 2227 commune
905 2192 1117 2229 sacrum
1143 2194 1313 2252 quum
1339 2168 1435 2228 fiat
1461 2168 1520 2228 in
1549 2193 1639 2229 ara

363 2261 649 2322 Fratribus
670 2312 684 2337 ,
715 2264 925 2326 alterna
954 2267 1048 2349 qui
1079 2267 1287 2350 periere
1318 2290 1513 2338 mann,

338 2399 401 2440 15.
420 2399 590 2454 siquod
598 2409 641 2443 ct
657 2405 855 2445 instabat.
871 2403 1011 2458 Sitque
1019 2407 1133 2460 quod

279 2466 467 2508 instabat
484 2466 630 2522 majo?
643 2468 902 2524 scriptorum
921 2485 1030 2524 pars.
1050 2470 1127 2514 Less

280 2546 346 2585 ge,
365 2532 485 2587 Sique
495 2536 608 2588 quod
614 2537 805 2578 instabat
815 2552 827 2578 .·
842 2539 954 2590 quod
964 2553 1041 2592 pro
1058 2536 1128 2579 ali·

284 2598 399 2651 quod
421 2614 541 2640 :mox
555 2606 708 2655 puppis
720 2611 792 2644 eat
809 2602 897 2645 duo
917 2613 1098 2647 veteres.

332 2665 396 2716 24.
442 2665 746 2722 Consumatque
777 2685 922 2712 armos.
963 2670 1126 2713 Consu-

278 2737 435 2783 metquc
468 2730 586 2772 Petri
624 2730 763 2774 Servii
798 2733 944 2776 codex.
978 2733 1090 2790 Lege
1112 2768 1125 2789 ,

286 2795 639 2850 Com-mammae,
682 2813 933 2855 quanquam
955 2808 1000 2842 et
1022 2799 1127 2842 vul-

277 2867 373 2912 gata
394 2860 522 2903 lectio
543 2861 653 2905 bene
669 2879 711 2905 se
732 2863 873 2907 habet.
899 2866 1063 2908 HEINS.

332 2929 398 2968 25.
420 2927 507 2967 Sed
521 2943 571 2969 ne
588 2933 786 2982 contagia
796 2929 900 2982 sati.
934 2929 1021 2972 Sed
1045 2946 1123 2972 ve·

277 3006 379 3032 reor
399 3008 452 3035 ne
473 2992 557 3035 fata
580 3010 675 3036 mea
698 2995 882 3038 infelicia
905 3011 1123 3039 annorum

277 3056 418 3097 uxoris
431 3055 683 3101 felicitatem
699 3069 998 3116 corrumpant.

331 3119 395 3162 32.
422 3123 649 3165 Consilium
651 3123 831 3179 fitgiunt
845 3134 993 3168 coetera
1004 3140 1122 3179 poene

278 3198 420 3227 meum.
439 3184 554 3229 Octo
570 3196 736 3232 veteres
750 3198 873 3233 taum.
893 3190 1006 3233 Puto
1016 3205 1122 3232 con-

276 3249 417 3288 silium
453 3266 586 3293 suum.
625 3253 682 3295 Et
720 3254 919 3311 sequenti
957 3270 1083 3297 versu
1105 3286 1117 3307 ,

279 3327 301 3346 «
319 3309 512 3354 Consilio
525 3347 536 3367 ,
551 3333 785 3362 commune
797 3336 968 3363 sacrum
982 3333 1119 3376 quum

278 3378 406 3422 fiatin
423 3396 538 3435 ara,»
557 3386 783 3429 Consilium
796 3386 1117 3444 Rottendorph.

278 3453 319 3486 et
346 3445 492 3501 priscae
520 3448 759 3504 editiones3
787 3452 903 3508 quod
933 3452 1117 3496 Ciofano

1209 2406 1434 2451 adridebat
1451 2396 1469 2450 ⁴:
1490 2406 1648 2450 frustra
1669 2423 1680 2450 z
1701 2408 1886 2449 Consilio
1907 2437 1916 2455 ‚
1958 2404 2055 2447 data

1210 2490 1365 2530 opera3
1391 2473 1511 2529 virg.
1533 2473 1759 2526 AEn.V11‚
1779 2472 1858 2515 216
1875 2488 1884 2515 :
1902 2491 1921 2510 ι(
1942 2468 2056 2513 Con-

1208 2538 1301 2582 silio
1321 2538 1434 2583 hanc
1453 2556 1606 2583 omnes
1624 2539 1862 2595 animisque
1876 2535 2055 2578 volenti-

1208 2604 1288 2647 bus
1299 2605 1452 2648 urbem
1467 2605 1769 2655 Adfer-imum»
1784 2601 1944 2654 Livius,
1957 2599 2055 2642 belli

1209 2669 1380 2714 Maced.
1399 2671 1426 2714 l.
1454 2671 1519 2715 IV
1539 2686 1549 2713 ε
1570 2689 1591 2708 «
1614 2670 1796 2714 Secutus
1816 2677 1961 2711 tamen
1977 2681 2053 2707 sua

1207 2744 1362 2792 sponte
1388 2745 1476 2789 est,
1494 2735 1613 2778 velut
1630 2732 1807 2778 consilio
1821 2731 1980 2787 petitus
1993 2746 2053 2772 es-

1208 2810 1272 2845 set
1291 2834 1303 2855 ‚
1335 2808 1382 2843 ut
1406 2800 1532 2843 vilior
1554 2799 1610 2842 db
1632 2815 1682 2842 ea
1703 2795 1795 2854 regi
1824 2793 2051 2838 Hannibal

1207 2877 1344 2919 esset;
1378 2886 1398 2904 »
1429 2866 1501 2909 ubi
1525 2882 1604 2908 sua
1631 2872 1774 2919 sponte
1800 2872 1844 2906 et
1876 2864 2052 2904 consilio

1207 2933 1490 2988 obponuntur
1508 2947 1518 2974 ε
1533 2931 1591 2974 sic
1611 2931 1799 2973 consulto
1814 2926 1972 2983 aliquid
1988 2926 2052 2968 fa-

1205 3014 1301 3040 cere
1315 3014 1324 3047 ;
1340 2997 1538 3052 Propert.
1556 2994 1581 3036 l.
1599 2995 1643 3038 II
1655 3028 1666 3048 ,
1692 2993 1758 3036 El.
1775 3006 1880 3046 XXV,
1898 3008 1957 3034 vs.
1974 2993 2046 3044 54:

1205 3081 1226 3099 «
1248 3058 1340 3105 Nec
1356 3061 1390 3105 si
1408 3061 1606 3104 consulto
1628 3059 1810 3102 fulmina
1831 3057 1958 3100 missa
1978 3065 2050 3099 to-

1202 3138 1326 3171 nent.
1345 3147 1366 3165 »
1391 3126 1699 3170 Existimabam
1725 3122 1983 3180 aliquando,
2008 3126 2047 3166 τὲ

1207 3197 1394 3238 Consilio
1415 3194 1631 3250 irrepsisse
1657 3192 1741 3236 huc
1762 3208 1813 3235 ex
1835 3187 2045 3247 superiori

1202 3276 1348 3311 versu,
1380 3268 1424 3302 et
1449 3258 1730 3302 scribendum
1760 3272 1850 3299 esse
1884 3255 2047 3311 Ogygia

1200 3341 1278 3366 am
1291 3359 1300 3373 ,
1335 3324 1418 3367 hoc
1459 3332 1522 3367 est
1539 3356 1550 3376 ‚
1587 3323 1814 3366 Thebana.
1846 3321 2045 3364 Consilffs

1199 3404 1313 3430 unus
1333 3387 1493 3430 Medic.
1515 3386 1626 3430 forte
1648 3402 1728 3442 pro
1748 3385 1935 3428 Consdt’t‘.
1958 3382 2017 3424 H.

1255 3455 1317 3507 34.
1341 3456 1563 3497 Fratribus.
1581 3450 1746 3495 Eteocli
1765 3459 1808 3494 et
1826 3445 2044 3506 Polynici:
