2268 3848
291 335 364 390 86

732 337 797 389 Ρ.
863 334 1165 389 OVIDII
1213 329 1587 390 NASONIS

370 451 581 511 Ennius
608 449 827 527 ingenio
858 450 1150 522 maximuS‚
1176 448 1293 509 varte
1318 449 1507 521 rudisss

291 545 542 628 Explicat
566 562 628 605 ut
660 569 850 606 causas
875 545 1047 628 rapidi
1071 545 1356 606 Lucretius
1383 544 1556 624 igniS,

1969 561 2052 617 425

375 644 749 726 Casurumque
774 643 970 726 triplex
992 643 1314 705 vaticinatur
1345 667 1518 727 opus;

295 742 383 801 Sic
415 765 512 801 sua
540 740 740 800 lascivo
770 756 981 813 cantata
1011 756 1093 802 est
1121 765 1262 824 saepe
1291 739 1510 802 Catullo

372 838 621 910 Femina,
654 838 738 898 cui
766 837 961 899 falsum
991 839 1187 899 Lesbia
1213 861 1409 899 nomen
1432 851 1580 898 erat:

291 935 405 994 Nec
431 947 722 992 contentus
752 957 811 993 ea
828 980 842 1006 ‚
872 933 1075 994 multos
1107 933 1348 1012 vulgavit
1375 955 1585 994 amores
1604 978 1623 1004 ,

370 1031 436 1088 In
467 1028 667 1111 quibus
697 1029 815 1111 ipse
841 1053 1003 1090 suum
1031 1030 1207 1090 fassus
1235 1028 1563 1090 adulterium
1588 1041 1687 1088 est.

1922 1076 1926 1078 >
1970 1045 2053 1101 430

292 1127 398 1187 Par
425 1126 531 1185 fuit
561 1126 741 1203 exigui
771 1125 1072 1209 similisque
1100 1125 1317 1186 licentia
1347 1122 1532 1197 Calvi,

371 1220 594 1280 Detexit
623 1220 788 1281 variis
815 1221 912 1303 qui
939 1244 1037 1281 sua
1065 1221 1211 1281 furta
1238 1220 1434 1281 modis.

295 1316 449 1396 Quid
473 1316 697 1375 reseram
726 1315 957 1388 Ticidae,
989 1316 1120 1398 quid
1151 1316 1381 1385 Memmi
1408 1338 1655 1388 carmen,
1685 1313 2004 1399 apud-quos

378 1412 566 1472 Rebus
590 1412 747 1470 abest
777 1412 954 1470 omnis
985 1413 1415 1494 nominibusque
1446 1411 1671 1494 pudor?

295 1508 468 1569 Cinna
500 1531 721 1590 quoque
750 1507 838 1566 his
871 1530 1054 1568 comes
1083 1522 1197 1581 est,
1227 1509 1512 1590 Cinnaque
1540 1507 1822 1590 procacior
1843 1506 2053 1576 Anser,

291 1645 498 1689 Praelium
515 1653 559 1689 et
571 1644 783 1698 Annales,
803 1660 928 1688 versu
943 1644 1130 1688 heroico.
1158 1647 1162 1652 ’

328 1712 378 1764 42
385 1712 422 1764 4.
430 1712 596 1753 Euuius
602 1713 765 1764 ingenio
776 1712 1000 1751 maximus.
1011 1709 1053 1764 Q
1060 1725 1129 1751 uo-

292 1774 411 1818 niam
433 1783 558 1830 poeta
574 1774 644 1817 ille
663 1790 762 1818 usus
775 1783 838 1817 est
850 1773 1102 1817 inventione
1118 1807 1130 1828 ,

289 1846 334 1881 et
345 1839 568 1882 sententiis
581 1837 760 1895 egregiis
773 1870 787 1892 ,
798 1837 877 1881 sed
888 1838 1026 1882 verbis
1041 1853 1132 1881 non

290 1903 479 1945 multum
500 1903 674 1946 ornatis.

343 1971 394 2023 42
400 1972 436 2011 5.
450 1971 655 2024 Explicat
664 1977 710 2012 ut
718 1985 874 2012 causas
886 1970 1032 2023 rapidi.
1046 1967 1134 2011 Hic

289 2033 409 2077 locus
427 2034 626 2076 bifariam
648 2033 777 2090 accipi
796 2033 966 2075 videtur
987 2048 1133 2088 posse:

288 2097 357 2139 vel
386 2106 432 2140 ut
451 2096 700 2153 simpliciter
716 2097 864 2153 ignem
879 2095 1134 2152 accipiamus

289 2162 561 2205 materialem
576 2193 592 2214 ,
623 2170 668 2204 et
693 2177 778 2216 quo
811 2160 1002 2216 quotidie
1024 2160 1133 2213 *uti-

289 2244 412 2279 mur;
435 2228 503 2271 vel
523 2236 571 2270 ut
589 2226 643 2269 ad-
654 2226 823 2271 fulmen
839 2261 852 2282 ,
871 2233 915 2267 et
927 2227 1021 2282 ejus
1033 2243 1133 2272 cau-

287 2310 351 2338 sas
381 2294 623 2337 referamus
649 2325 665 2347 r
698 2302 875 2349 propter
908 2293 1133 2350 epitheton

289 2362 437 2413 rapidi.
478 2357 544 2401 Ac
571 2357 625 2401 de
652 2357 850 2400 fulminis
881 2358 1015 2401 causis
1036 2390 1048 2412 ,
1090 2366 1135 2406 et

290 2423 407 2466 unde
440 2422 556 2466 idem
588 2431 822 2479 generetur
840 2455 851 2476 ,
884 2421 995 2464 libro
1014 2430 1132 2465 sexto

290 2487 516 2531 Lucretius
536 2487 633 2544 agit.
653 2487 825 2530 MICYL.

344 2553 437 2606 426.
458 2553 916 2607 Causarumquetrtjolez
926 2554 1134 2593 vaticina-

252 2633 255 2639 ‘
288 2625 357 2660 tur
383 2632 498 2670 opus.
539 2618 818 2670 Casurumque
857 2623 974 2658 recte
1018 2631 1132 2658 unus

287 2677 578 2723 Bononiensis
591 2695 601 2729 3
617 2694 759 2734 neque
774 2677 897 2722 aliter
905 2680 1132 2721 Bersman-

278 2739 383 2788 nus.
399 2743 463 2786 Ut
474 2758 650 2785 carmen
665 2742 746 2785 hoc
763 2742 1041 2799 intelligatur,
1057 2742 1132 2785 Se-

287 2823 441 2851 necam
452 2806 548 2849 vide
566 2806 612 2848 in
627 2805 817 2862 Epistola
835 2814 1050 2861 postrema
1064 2821 1133 2848 oc-

279 2866 376 2914 'tavi
415 2870 511 2913 libri
550 2869 774 2926 Epistolar.
809 2869 862 2912 ad
904 2870 1130 2914 Lucilium.

289 2935 493 2991 Disputat
515 2944 660 2978 autem
686 2950 739 2976 eo
760 2934 854 2977 loco
878 2935 1129 2990 Lucretius,

290 2999 508 3042 mundum
537 3015 626 3042 esse
647 2997 928 3042 interiturum
947 3031 960 3053 ‚
982 3008 1131 3042 contra

286 3079 385 3118 eos,
419 3063 493 3120 qui
524 3072 738 3107 aeternum
765 3062 862 3106 fore
889 3071 1131 3106 senserunt.

289 3128 390 3170 Hoc
402 3126 586 3171 Ovidius
599 3125 822 3170 vaticinari
835 3135 956 3169 vocat
967 3159 979 3181 ,
998 3124 1131 3169 veluti

285 3191 612 3246 praedictionem
631 3191 864 3249 quamdam
878 3190 996 3246 ejus,
1012 3189 1130 3246 quod

276 3257 487 3300 >futurum
509 3267 643 3313 esset,
670 3258 826 3302 facere.
847 3258 1020 3300 MlcYL.
1045 3253 1048 3254 ⁷

340 3323 415 3376 431
425 3355 433 3364 .
455 3322 641 3376 Parfiu't
656 3327 801 3378 exljgui
818 3325 947 3366 Calvi.
972 3320 1129 3364 Calvus

222 3399 235 3407 “
289 3395 451 3439 orator,
470 3386 543 3429 diu
563 3402 662 3430 cum
679 3386 893 3429 Cicerone
905 3385 1129 3441 iniquissi-

287 3467 406 3494 mam
418 3450 538 3494 litem
548 3449 600 3494 de
617 3449 860 3506 principatu
873 3448 1129 3506 eloquentiae

1211 1645 1361 1688 habuit
1373 1662 1384 1696 ;
1395 1645 1835 1698 violentusaccusator
1842 1644 1937 1687 fuit.
1951 1643 2056 1687 Car-

1212 1709 1331 1754 mina
1352 1725 1525 1766 quoque
1544 1710 1638 1766 ejus
1651 1741 1664 1763 ,
1679 1748 1682 1751 .
1698 1707 1893 1765 quamvis
1912 1709 2054 1765 iocosa

1211 1777 1378 1819 fuerint
1391 1809 1403 1828 ,
1427 1776 1553 1832 plena
1570 1784 1718 1819 tamen
1728 1775 1850 1817 suere
1868 1774 2055 1830 ingentis

1212 1840 1361 1890 animi.
1374 1842 1490 1884 Eum
1505 1841 1706 1897 exiguum
1724 1840 1906 1897 appellat
1924 1838 2054 1882 ovid.

1211 1915 1441 1962 propterea
1463 1905 1578 1963 quod
1596 1905 1685 1948 -fuit
1708 1919 1850 1960 parvae
1867 1912 2053 1947 staturae.

1266 1974 1359 2027 432.
1389 1973 1476 2015 Sua
1500 1971 1641 2025 facta.
1674 1973 1806 2014 Furta
1837 1987 1887 2013 ex
1918 1970 2054 2013 tribus

1211 2035 1403 2093 scriptis;
1426 2036 1498 2079 lib.
1520 2037 1564 2080 11
1585 2034 1725 2089 Artis,
1750 2036 1830 2089 428
1846 2051 1855 2078 :
1871 2052 1893 2072 «
1909 2035 2055 2078 Flecte

1213 2102 1368 2158 igitur,
1386 2100 1558 2143 monitu
1576 2099 1729 2157 detege
1747 2099 1864 2142 furta
1874 2114 1988 2141 meo.
2005 2116 2027 2134 n

1267 2165 1358 2218 433.
1385 2166 1502 2218 Quid
1517 2162 1692 2217 restrum
1716 2164 1883 2205 Tt‘ct‘dae.
1905 2161 2055 2205 Ticida

1212 2246 1292 2287 poe
1298 2238 1338 2273 ta
1348 2228 1513 2285 scripsit
1524 2229 1678 2284 elegias
1691 2227 1748 2271 de
1756 2228 1912 2272 Perilla
1923 2243 2051 2284 quam

1210 2295 1382 2339 amavit.
1394 2318 1450 2328 —·-
1462 2297 1578 2348 Quid
1585 2295 1761 2336 Memmi
1774 2309 1938 2336 carmen
1951 2295 1977 2337 ,Ρ
2001 2292 2052 2336 C.

1213 2361 1416 2405 Memmii
1444 2369 1582 2416 poetae
1610 2360 1771 2416 pariter
1803 2367 1847 2402 et
1873 2359 2054 2402 oratoris

1211 2426 1414 2470 meminit
1450 2423 1617 2468 Plinius
1646 2425 1692 2467 in
1732 2422 1932 2480 Epistolis
1956 2455 1969 2477 ,
2010 2432 2055 2465 et

1212 2488 1490 2545 Tranquillus
1505 2487 1696 2533 scribens,
1709 2486 1830 2531 illurn
1850 2486 2053 2542 objecisse

1214 2553 1267 2598 C.
1290 2552 1476 2605 Camari,
1508 2551 1625 2607 quod
1655 2551 1839 2595 stetisset
1859 2550 1911 2593 ad
1940 2565 2049 2606 eya-

1212 2617 1336 2660 thum
1356 2626 1401 2660 et
1420 2615 1573 2660 vinum
1589 2614 1817 2662 Nicomedi
1838 2614 1941 2671 regi.
1961 2614 1992 2656 J
1997 2613 2051 2656 ul.

1209 2681 1322 2726 Caes-
1345 2684 1409 2741 49.

1265 2747 1357 2801 434.
1382 2748 1523 2793 Rebus
1551 2748 1676 2789 adest
1695 2759 1843 2788 nomeu
1870 2747 2049 2785 nomini-

1200 2812 1363 2866 busque
1371 2812 1518 2864 pudor.
1531 2808 1664 2852 Nihili
1678 2808 1768 2852 haec
1778 2815 1880 2851 sunt
1891 2824 1901 2858 ;
1918 2823 2049 2863 quare

1210 2875 1432 2920 adsentior
1440 2872 1667 2917 Bernardo
1683 2871 2048 2928 Rottendorphio‚

1211 2939 1284 2995 qui
1307 2936 1538 2981 emendat:
1556 2955 1579 2974 «
1603 2938 1752 2980 Rebus
1771 2937 1890 2979 abest
1910 2936 2052 2979 omnis

1209 3001 1545 3056 nominibusque
1579 2999 1734 3056 pudor.
1759 3017 1781 3038 »
1806 2999 1926 3044 Nihil
1945 3015 2051 3043 cer—

1209 3066 1292 3110 tius
1312 3082 1362 3108 ea
1381 3066 1642 3121 conjectura.
1667 3066 1727 3109 H.
1756 3118 1758 3120 v

1264 3130 1357 3184 435.
1389 3132 1526 3172 Cinna
1550 3145 1705 3186 quoque
1728 3132 1796 3172 his
1817 3144 1952 3172 comes
1975 3135 2049 3170 est.

1211 3193 1269 3249 Q.
1300 3192 1485 3235 Helvius
1507 3191 1653 3236 Cinna
1680 3201 1805 3249 poeta
1835 3192 1947 3246 fuit,
1975 3191 2050 3246 qui

1207 3257 1373 3313 scripsit
1389 3256 1625 3316 Smyrnam
1638 3289 1651 3312 ,
1668 3273 1799 3314 quam
1813 3256 1962 3300 decem
1978 3271 2049 3297 an-

1207 3322 1274 3364 nis
1287 3320 1499 3376 elimavit,
1514 3329 1563 3365 ut
1572 3321 1747 3365 Servius
1759 3316 2050 3364 docete-Cin-

1206 3399 1335 3439 naque
1347 3388 1568 3439 procacior
1584 3386 1734 3429 Auser.
1756 3384 1899 3427 Anser
1921 3397 2000 3438 poe
2007 3390 2047 3423 ta

1206 3448 1291 3492 fuit
1303 3449 1504 3503 Antonii,
1519 3449 1591 3506 qui
1608 3450 1700 3504 eius
1713 3449 1859 3493 laudes
1869 3446 2047 3502 scripsit.
