2280 3776
464 321 577 377 EX
621 319 922 376 PONTO
965 321 1134 376 LIB.
1179 321 1295 376 IV.
1337 318 1618 376 EPIST.
1662 321 1841 376 XIV.

1938 320 2045 398 473

270 438 420 500 Gens
446 461 565 500 mea
595 436 843 516 Peligni,
874 438 1138 521 regioque
1170 437 1469 500 domestica
1497 435 1722 510 Sulmo,

342 538 470 597 Non
501 535 687 620 potuit
713 534 918 594 nostris
948 532 1126 594 lenior
1154 558 1270 595 esse
1297 534 1470 596 malis.
1994 552 2045 592 50

265 631 445 711 Quem
474 629 559 690 vix
592 627 859 690 incolumi
889 629 1145 713 cuiquam
1174 627 1436 713 salvoque
1466 628 1701 701 daretis,

345 731 400 789 ls
431 727 592 789 datus
622 752 652 789 a
678 727 842 788 vobis
875 742 958 788 est
988 726 1124 788 mihi
1153 750 1331 812 nuper
1359 728 1559 790 honor.

265 823 432 886 Solus
457 824 638 885 adhuc
667 849 767 904 ego
798 849 920 886 sum
950 825 1144 887 vestris
1175 825 1437 886 immunis
1467 826 1524 885 in
1558 824 1702 895 oria,

259 927 267 933 ’
346 923 640 1006 ExceptiS‚
674 924 719 985 si
755 924 849 1006 qui
879 947 1103 985 munera
1135 921 1272 1003 legis
1299 924 1523 985 habent.

267 1022 542 1103 Tempora
574 1014 782 1081 sacrata
806 1043 925 1083 mea
954 1035 1087 1081 sunt
1114 1019 1293 1081 velata
1323 1044 1557 1092 corona,
2002 1034 2053 1074 ⁵5

347 1115 617 1179 Publicus
642 1118 816 1177 invito
849 1141 1014 1201 quam
1036 1116 1190 1177 favor
1211 1116 1497 1200 imposuit.

272 1216 455 1297 Quam
489 1230 645 1294 grata
670 1230 755 1277 est
782 1215 955 1295 igitur
977 1217 1200 1276 Latonae
1222 1213 1382 1277 Delia
1414 1213 1605 1286 telluS,

348 1310 571 1371 Erranti
596 1324 778 1371 tutum
807 1334 927 1393 quae
957 1310 1109 1371 dedit
1137 1333 1247 1370 una
1275 1308 1459 1371 locum
1480 1356 1494 1381 ‚

269 1406 408 1495 Tam
435 1406 574 1467 mihi
603 1430 724 1467 cara
749 1407 976 1479 Tomis;
1008 1406 1185 1491 patria
1217 1429 1337 1490 quae
1367 1406 1491 1467 sede
1520 1404 1723 1484 fugatis

354 1506 601 1589 Tempus
628 1504 696 1566 ad
723 1505 830 1566 hoc
858 1505 1022 1566 nobis
1052 1505 1272 1588 hospita
1300 1503 1409 1564 fida
1437 1517 1636 1563 manet.
2005 1516 2062 1558 συ

275 1603 352 1662 Di
378 1602 546 1663 modo
574 1602 863 1676 fecissent,
899 1601 1125 1687 placidae
1153 1625 1305 1685 spem
1334 1614 1524 1685 posset
1553 1599 1754 1660 habere

356 1697 516 1759 Pacis
535 1745 550 1772 ‚
581 1713 636 1759 et
663 1723 692 1760 a
723 1697 903 1777 gelido
935 1697 1161 1777 longius
1190 1722 1289 1759 axe
1318 1697 1495 1758 foret!

332 1826 399 1886 49.
433 1827 547 1870 Gens
575 1843 668 1870 mea
695 1828 871 1883 Peligni.
903 1826 1003 1870 Non
1038 1843 1126 1884 po-

278 1890 427 1934 tuisset
440 1905 510 1934 me
525 1891 645 1948 regio
658 1900 702 1935 et
720 1892 856 1947 patria
871 1907 970 1934 mea
986 1891 1127 1935 lenius

280 1955 472 2013 accipere
491 1988 502 2011 ,
536 1971 669 2013 quam
701 1972 904 2013 accepere
926 1957 1127 1999 Tomitae.

335 2025 401 2066 50.
421 2022 573 2065 Potuit.
600 2022 689 2066 Pro
703 2026 914 2076 potuelrse!
938 2022 1129 2077 positum

279 2085 467 2130 videtur.
491 2085 624 2130 Clor.

335 2152 400 2196 53.
424 2154 597 2197 Vestris.
620 2153 783 2196 Geticis
807 2169 922 2196 unus
942 2153 1131 2196 Heinsii.

338 2218 405 2271 54.
433 2217 637 2272 Exceptis
665 2221 711 2259 si
735 2222 810 2272 qui
834 2233 1004 2260 munera
1029 2221 1135 2273 legat

282 2284 447 2327 habent.
480 2282 680 2339 Exceptis
711 2283 794 2327 illis
815 2317 826 2340 ,
862 2284 936 2340 qui
968 2284 1134 2342 legibus

283 2346 505 2390 consecuti
529 2355 631 2391 sunt
650 2347 977 2392 immunitatem
999 2382 1011 2405 ‚
1039 2366 1136 2406 quae

286 2409 471 2455 dabatur
482 2410 571 2467 his,
591 2412 665 2469 qui
680 2410 890 2471 Olympia
909 2413 1134 2468 vicissent,

287 2487 332 2522 et
348 2479 423 2536 qui
437 2478 611 2537 aliquod
629 2479 855 2537 egregium
872 2478 1039 2524 facinus
1057 2497 1136 2538 pro

287 2545 425 2600 patria
443 2544 658 2589 fecissent.
679 2545 798 2589 Dicit
817 2561 922 2602 ergo
942 2545 1012 2590 hic
1025 2543 1140 2589 Ovi-

288 2608 384 2652 dius
404 2609 534 2654 nullis
552 2610 744 2667 legibus,
769 2619 844 2654 aut
865 2610 1033 2654 meritis
1052 2627 1096 2655 se
1116 2627 1139 2654 a

291 2675 538 2720 Tomitanis
554 2676 718 2720 civibus
736 2676 991 2720 adsecutum
1007 2676 1139 2722 fuisse

290 2740 619 2785 immunitatem
630 2755 640 2784 t
650 2756 746 2798 quae
761 2740 930 2784 nemini
940 2757 1141 2786 concessa

289 2806 437 2852 fuerat
455 2807 501 2850 in
523 2823 574 2850 ea
595 2808 702 2851 urbe
719 2841 731 2859 ,
756 2807 838 2850 nisi
859 2806 937 2850 his.

348 2877 416 2918 55.
451 2876 616 2919 Corona
652 2883 837 2918 sacrata.
881 2873 1059 2918 Corona
1091 2891 1144 2918 ex

294 2937 456 2982 hedera
493 2936 668 2984 Baccho
701 2955 820 2984 sacra
843 2971 854 2994 ,
893 2955 979 2996 qua
1005 2934 1144 2996 poetae

296 3000 406 3058 elegi
425 3004 763 3057 coronabantur.

355 3065 418 3108 56.
446 3069 582 3121 Quam
602 3072 800 3122 publicus
816 3070 960 3126 favor.
992 3070 1146 3125 Quam

300 3147 509 3175 coronam
527 3133 652 3178 favor
666 3137 868 3180 omnium
887 3138 1047 3180 civium
1062 3137 1148 3180 To-

301 3194 586 3240 mitanorum.

357 3262 423 3318 57.
444 3263 617 3305 Latona·
629 3272 710 3308 etc.
728 3264 865 3308 Matri
879 3265 1092 3322 Apollinis
1105 3274 1149 3310 et

302 3324 659 3370 Dianam—Delia
675 3332 814 3372 tellus.
831 3329 966 3373 Delos
979 3330 1119 3374 insula
1134 3364 1147 3386 ‚

306 3407 402 3448 quae
419 3400 483 3435 est
500 3392 547 3435 in
566 3393 678 3436 mari
692 3393 832 3451 AEgeo
848 3427 860 3448 ,
879 3394 1089 3452 Apollinis
1102 3413 1151 3441 ac

307 3454 460 3500 Dianae
479 3457 701 3502 nativitate
719 3459 1007 3505 cantatissima
1020 3495 1031 3517 ‚
1051 3476 1153 3518 poe-

1213 1833 1356 1868 tarum
1385 1822 1638 1867 testimonio
1662 1838 1672 1865 ε
1696 1821 1769 1865 ubi
1797 1820 1964 1864 Latona
1989 1835 2063 1863 eos

1212 1889 1403 1947 peperit,
1420 1888 1622 1948 Pythone
1636 1895 1839 1944 serpente
1854 1885 2033 1929 liberata
2049 1916 2061 1938 ‚

1214 1964 1263 1999 ut
1285 1955 1537 1999 fabulantur
1558 1963 1710 2011 poetae.

1271 2023 1335 2067 58.
1351 2024 1530 2065 Ere-meti
1541 2029 1674 2065 tutum
1687 2038 1787 2077 que.
1809 2019 1966 2077 Quum
1980 2019 2009 2062 J
2015 2036 2064 2061 u-

1214 2104 1275 2132 no
1291 2088 1503 2132 Latonam
1525 2087 1746 2145 gravidam
1761 2095 2041 2145 cognosceret
2053 2119 2065 2138 ,

1215 2153 1411 2197 immisso
1435 2163 1588 2198 contra
1614 2153 1727 2196 illam
1749 2151 1952 2211 Pythone
1973 2168 2066 2195 ser-

1218 2227 1349 2276 pente
1363 2250 1375 2273 ,
1398 2235 1477 2276 per
1493 2233 1675 2261 omnem
1687 2227 1851 2261 terram
1865 2233 2068 2274 prosecu-

1217 2292 1260 2326 ta
1281 2291 1358 2327 est.
1381 2282 1497 2339 Qua:
1518 2281 1698 2326 tandem
1717 2297 1854 2338 quum
1872 2281 1924 2324 ad
1942 2281 2069 2324 litora

1219 2347 1351 2393 maris
1370 2349 1659 2407 pervenisset,
1674 2365 1695 2391 a
1709 2364 1858 2391 sorore
1873 2356 2068 2402 suscepta

1217 2413 1300 2457 suit
1315 2447 1326 2468 ,
1354 2422 1539 2458 canente
1562 2412 1726 2456 ovidio
1741 2448 1753 2469 ,
1784 2412 1855 2455 lib.
1877 2411 1943 2454 Vl
1964 2411 2069 2453 Me-

1220 2477 1439 2535 tamorph.
1469 2478 1549 2533 334
1570 2494 1579 2520 ε
1604 2496 1624 2513 «
1654 2476 1873 2520 Orantem
1906 2475 2069 2531 accepit

1222 2553 1327 2588 tunc
1340 2560 1478 2601 quum
1492 2544 1596 2588 levis
1616 2544 1756 2587 insula
1775 2544 1905 2587 nabat
1922 2560 1932 2594 ;
1951 2561 1971 2579 »
1989 2542 2071 2586 hoc

1222 2620 1309 2665 est,
1331 2609 1467 2653 Delos
1481 2643 1492 2665 ,
1521 2626 1617 2668 quae
1638 2609 1720 2652 alio
1737 2608 1918 2652 nomine
1945 2609 2073 2666 Orty-

1219 2678 1294 2730 gia
1313 2674 1485 2719 dicitur.
1505 2698 1559 2706 —
1579 2676 1765 2717 Ermum:
1794 2673 1863 2716 De
1890 2672 2070 2715 Latona

1224 2740 1443 2796 erroribus
1459 2741 1664 2799 Hymnos
1680 2737 1869 2782 Homeri
1883 2746 1927 2780 et
1943 2735 2073 2780 Calli-

1224 2804 1368 2849 machi
1384 2805 1496 2849 vide.
1508 2807 1721 2849 —Tutum
1738 2808 1886 2848 locum.
1904 2803 2072 2846 Locum

1224 2879 1374 2915 tutum
1404 2870 1459 2914 ad
1487 2870 1760 2928 pariendum.

1282 2939 1347 2996 59.
1368 2938 1473 2979 Tam
1484 2938 1702 2983 mileicara
1717 2937 1882 2978 Tomus.
1898 2933 1983 2977 Alii
1999 2936 2075 2977 To-

1227 3019 1316 3046 mos
1326 3018 1342 3058 ,·
1353 3001 1550 3056 Combii,
1566 3001 1762 3045 Fax-nesii
1776 3034 1788 3057 ,
1803 3000 2043 3045 Twisdenii
2058 3033 2070 3054 ‚

1228 3078 1272 3112 et
1286 3084 1399 3111 unus
1409 3067 1635 3111 Mediceus
1655 3069 1815 3119 Tomis;
1825 3075 1942 3110 recte
1960 3079 2077 3108 :mo-

1229 3135 1372 3179 nitum
1385 3135 1502 3178 notis
1517 3134 1648 3178 Trist.
1666 3134 1754 3188 111,
1774 3133 1840 3176 ΕΙ.
1851 3147 1897 3175 1x
1910 3166 1922 3186 ,
1937 3149 1997 3177 vs.
2009 3133 2074 3175 33.

1231 3201 1290 3243 H.
1308 3224 1363 3233 —
1387 3202 1492 3243 Tam
1515 3201 1625 3242 mihi
1644 3216 1748 3242 cara
1776 3201 1935 3241 domus.
1962 3198 2078 3241 Tam

1230 3265 1339 3309 mihi
1364 3274 1430 3309 est
1454 3274 1574 3322 grata
1594 3263 1717 3308 sedes
1744 3273 1789 3307 et
1811 3263 2077 3307 domicilium

1232 3331 1349 3388 quod
1370 3339 1434 3374 est
1453 3329 1562 3373 mihi
1581 3329 1628 3372 in
1651 3330 1756 3373 urbe
1774 3329 2021 3372 Tomitana.

1286 3397 1351 3440 61.
1377 3397 1565 3440 Placide
1583 3412 1695 3451 spem
1705 3403 1863 3452 posset.
1891 3395 2079 3436 Placide

1231 3478 1342 3518 spem
1357 3466 1484 3518 pacis
1506 3463 1671 3505 abunde
1687 3462 1839 3503 Posset
1855 3467 1933 3502 etc.
1961 3455 2086 3499 Leid.
