2280 3776
216 284 317 354 184

663 286 726 339 P.
782 285 1074 341 OVIDII
1127 282 1505 340 NASONIS

205 407 343 465 Esse
375 427 532 464 canes
558 418 713 464 utero
747 404 848 462 sub
882 403 1128 479 virginis;
1158 428 1270 464 esse
1303 404 1656 474 Chimaeram,

287 503 336 559 A
371 516 515 559 truce
550 524 665 581 quae
692 499 918 558 flammis
948 515 1157 583 separet
1189 523 1363 578 angue
1390 499 1559 572 leam3

209 596 712 677 Quadrupedesque
731 594 1014 654 hominum
1033 618 1153 656 cum
1172 612 1388 678 pectore
1406 610 1625 678 pectora
1639 593 1880 675 junctos3
1911 611 1960 656 15

288 691 780 772 Tergeminumque
804 691 1001 765 virum,
1027 693 1490 775 tergeminumque
1515 715 1726 762 canem;

209 787 561 870 Sphingaque
581 833 596 858 ,
630 802 681 846 et
713 788 1005 869 Harpyias,
1041 787 1553 870 serpentipedesque
1583 786 1876 864 Gigantas3

292 883 776 966 Centimanumque
809 884 1025 966 Gygen,
1058 884 1498 965 semibovemque
1518 883 1727 942 virum:

212 979 340 1037 Haec
369 1003 468 1056 ego
501 995 690 1039 cuncta
714 980 896 1062 priuS,
931 1003 1093 1061 quam
1125 994 1202 1052 te,
1235 979 1536 1054 carissime,
1569 978 1785 1039 credam

292 1074 566 1133 Mutatum
596 1098 779 1134 curam
808 1074 1126 1156 deposuisse
1153 1073 1276 1133 mei.
1917 1099 1971 1130 20

210 1166 489 1233 Innumeri
520 1183 734 1229 montes
763 1169 905 1228 inter
929 1192 1015 1228 me
1045 1184 1234 1251 teque,
1267 1167 1500 1250 viaeque,

293 1263 681 1347 Fluminaque,
713 1279 766 1325 et
793 1265 994 1347 campi,
1022 1288 1120 1325 nec
1148 1264 1285 1324 freta
1315 1286 1515 1345 pauca,
1543 1262 1738 1344 jacent.

213 1357 383 1430 Mille,
400 1375 583 1443 potest
613 1361 789 1420 causis
807 1407 822 1433 ,
851 1385 880 1420 a
912 1375 963 1420 te
994 1385 1114 1443 quae
1143 1361 1300 1420 litera
1329 1383 1468 1443 saepe

271 1518 332 1561 13.
347 1519 453 1561 Esse
470 1521 721 1562 chimeram.
736 1519 805 1562 De
823 1518 1052 1562 Chimaerae

212 1581 354 1623 forma
371 1583 590 1626 Homerus
607 1583 676 1626 lib.
695 1592 811 1626 sexto
827 1582 981 1625 Iliados
994 1583 1053 1624 ita

212 1647 377 1689 scribit:
394 1648 583 1690 anterius
613 1648 786 1690 leonem
800 1680 812 1700 ‚
842 1647 1052 1702 posterius

212 1726 317 1753 vero
343 1711 574 1754 draconem
591 1744 602 1764 ,
625 1711 773 1753 medio
795 1715 944 1753 'autem
970 1725 1051 1753 ca-

212 1789 333 1828 pram
351 1807 362 1826 ‚
384 1783 510 1830 atque
535 1774 743 1816 terribiles
763 1789 814 1816 ex
834 1789 909 1816 ore
923 1772 1053 1816 ssam'-

212 1855 385 1880 marum
415 1839 560 1896 globos
588 1856 689 1882 cum
714 1840 866 1894 spiritu
892 1837 1053 1881 effun-

215 1902 407 1945 dentem.
430 1904 545 1946 Vide
566 1904 703 1948 Natal.
724 1903 794 1946 lib.
813 1904 893 1957 IX,
910 1920 944 1946 c.
961 1905 999 1957 4.

275 1985 289 2009 1
299 1971 335 2009 5.
355 1970 725 2023 Quadrupedesque
731 1970 930 2010 homines.
941 1966 976 2009 C
983 1983 1059 2009 en-

217 2042 375 2076 tauros.
398 2033 509 2088 Lege
521 2036 726 2076 hominum
739 2049 837 2077 cum
853 2050 916 2089 pr.
930 2032 1056 2075 Polit.

217 2097 342 2153 prim.
365 2099 557 2141 Vatican.
578 2107 621 2141 et
637 2107 823 2153 quatuor
834 2097 948 2148 aliis;
970 2096 1057 2139 duo
1086 2141 1092 2147 ,

217 2165 404 2206 hominis.
434 2164 491 2205 H.
505 2187 559 2195 —-
571 2165 672 2205 Cum
698 2170 861 2217 pectore
884 2169 1058 2216 pectora

208 2229 393 2284 junctos.
412 2227 736 2271 Centaurorum
753 2228 872 2271 enim
886 2236 1058 2283 pectora

219 2292 419 2335 humanis
450 2293 694 2348 pectoribus
726 2296 874 2351 juncta
903 2292 1058 2334 fuere:
1090 2299 1093 2326 ἶ

220 2355 410 2399 habuere
433 2358 553 2400 enim
573 2366 742 2413 partem
764 2356 945 2413 pectoris
966 2356 1059 2398 hu-

220 2438 396 2464 manam
413 2455 424 2476 ,
445 2432 612 2478 partem
636 2417 852 2478 equinam.

279 2488 340 2529 16.
380 2489 731 2542 Tergeminumque
754 2491 898 2529 virum.
919 2486 1062 2531 Heri-

218 2552 337 2607 lum,
362 2561 436 2595 aut
448 2552 699 2611 Geryonem
716 2553 933 2610 intelligit,
957 2570 1062 2610 quos

223 2618 488 2673 tergeminos
521 2617 651 2660 fuisse
684 2618 810 2661 docet
845 2618 1062 2674 Virgilius.

226 2682 254 2723 'J
260 2682 424 2724 ustinus
437 2681 602 2733 scribit,
619 2681 874 2740 Geryonem
889 2697 980 2723 non
993 2681 1065 2724 tri-

224 2745 343 2801 plicis
362 2755 527 2790 naturae
544 2745 674 2788 fuisse
692 2778 703 2799 ,
722 2745 797 2788 sed
813 2754 898 2789 tres
910 2745 1063 2789 fratres

227 2819 360 2852 tantae
390 2810 631 2853 concordiae
659 2810 884 2864 exstitisse,
907 2819 956 2853 ut
975 2825 1065 2853 uno

227 2873 374 2916 animo
394 2891 545 2917 omnes
561 2875 652 2930 regi
668 2874 932 2919 viderentur.
959 2876 1062 2918 Ho-

227 2939 360 2982 ratius
375 2972 387 2992 ,
406 2939 474 2982 lib.
492 2941 535 2982 ΙΙ
551 2972 561 2991 ‚
580 2939 668 2983 Od.
681 2953 778 2993 xlv,
795 2956 852 2982 vs.
873 2956 918 2996 7:
933 2957 953 2976 «
972 2939 1066 2995 Qui

230 3013 298 3045 ter
318 3004 508 3059 amplum
526 3004 798 3062 Geryonem,
817 3004 1065 3063 Tityonque

227 3067 338 3109 tristi
363 3068 609 3123 Compescit
628 3068 756 3111 unda.
771 3085 793 3105 »

292 3148 351 3185 ¹7·
371 3133 644 3187 Sphingaque.
658 3132 825 3189 Sphinx
845 3125 986 3176 bellua
1005 3140 1068 3175 est

232 3194 321 3250 pilo
339 3194 482 3250 fusco,
510 3197 690 3251 geminis
708 3198 907 3240 mammis
927 3199 972 3239 in
994 3213 1069 3252 pe-

232 3270 370 3313 ctore,
406 3262 603 3305 muliebri
635 3262 740 3306 facie
760 3296 772 3317 ,
810 3263 990 3319 pedibus
1022 3277 1069 3304 ac

234 3325 369 3370 cauda
384 3326 517 3369 leonis
528 3359 539 3380 ,
555 3328 706 3381 pennis
721 3337 867 3371 autem
876 3326 1068 3371 volucris.

232 3392 401 3436 Ferunt
414 3391 654 3449 Sphingem
668 3393 957 3447 juxtaThebas
972 3391 1070 3438 aeni-

1134 1535 1233 1576 gma
1269 1517 1506 1574 hospitibus
1542 1516 1809 1574 proposuisse
1829 1532 1839 1560 z
1857 1515 1974 1573 quod

1133 1584 1232 1626 satis
1250 1592 1418 1626 notum.
1441 1585 1736 1640 EtHatpyias.
1752 1581 1969 1624 Hesiodus

1135 1645 1240 1689 duas
1252 1655 1424 1689 tantum
1432 1645 1533 1688 dicit
1545 1645 1757 1704 Harpyias
1774 1645 1905 1688 fuisse
1924 1659 1975 1687 ex

1140 1710 1415 1753 Thaumante
1437 1719 1480 1754 et
1498 1709 1670 1752 Electra
1693 1718 1838 1762 natas,
1859 1708 1975 1751 scili-

1136 1784 1205 1819 cet
1227 1774 1350 1817 Aello
1368 1783 1411 1818 et
1427 1774 1655 1833 Ocypeten
1673 1789 1684 1817 :
1716 1773 1888 1817 tertiam
1907 1772 1979 1816 ad·

1137 1838 1247 1882 didit
1260 1840 1390 1882 Maro
1402 1871 1414 1893 ,
1429 1837 1608 1882 Celaeno
1625 1854 1793 1891 ;earum
1800 1854 1882 1894 que
1895 1837 1980 1880 for-

1137 1919 1255 1946 mam
1285 1904 1346 1947 ita
1373 1903 1602 1956 describit,
1625 1903 1729 1945 AEn.
1754 1904 1847 1956 111,
1867 1902 1948 1945 215
1972 1917 1984 1944 τ

1139 1985 1161 2006 «
1181 1967 1379 2024 Virginei
1399 1968 1626 2011 volucrum
1645 1967 1787 2011 vultus
1802 1999 1814 2022 ,
1830 1966 1978 2011 foedis-

1138 2034 1246 2077 sima
1254 2033 1416 2076 ventris
1427 2033 1665 2086 Proluvies,
1675 2048 1882 2089 uncaeque
1893 2048 1981 2076 ma-

1139 2114 1222 2141 nus
1235 2130 1246 2151 ,
1274 2106 1318 2141 et
1342 2097 1494 2155 pallida
1511 2113 1685 2154 semper
1701 2097 1795 2141 Ora
1808 2096 1937 2140 fame.
1955 2114 1979 2134 ι»

1140 2165 1518 2219 Serpentigerosque
1553 2166 1771 2218 ngrantes.
1802 2162 1982 2218 Legitur

1141 2230 1271 2273 etiam
1291 2262 1303 2284 ,
1326 2231 1704 2285 serpentipedesque
1737 2231 1944 2283 G1jgantes
1967 2243 1980 2269 .·

1141 2292 1223 2336 hoc
1237 2301 1315 2347 est,
1336 2291 1561 2349 Gigantes,
1585 2308 1771 2348 quorum
1786 2291 1916 2348 pedes
1934 2291 1981 2333 in

1134 2365 1395 2416 ‚serpentum
1406 2357 1624 2399 volumina
1635 2355 1980 2400 desinebant.De
2040 2396 2043 2398 ,

1142 2420 1295 2476 quibus
1315 2419 1511 2464 Macrob.
1532 2418 1709 2462 Saturn.
1729 2419 1801 2463 lib.
1835 2419 1870 2462 1.
1891 2419 1981 2461 Pro

1148 2487 1355 2539 Gigantes
1365 2517 1378 2538 ,
1416 2487 1629 2540 Gigantas
1660 2500 1762 2528 cum
1795 2484 1927 2527 Rotte
1933 2499 1984 2524 n-

1144 2548 1399 2607 dorphiano.
1429 2550 1490 2592 H.
1518 2573 1573 2582 --
1599 2548 1747 2593 Nostri
1775 2563 1948 2605 quoque
1967 2578 1981 2600 ,

1149 2617 1394 2669 Gigantas3
1415 2613 1532 2670 quod
1549 2614 1647 2670 jure
1664 2613 1918 2669 recepimus.

1204 2683 1265 2724 18.
1290 2682 1648 2735 Centimanumque
1676 2680 1830 2736 Gygen.
1860 2678 1986 2733 Gyan

1147 2743 1356 2788 Rottend.
1388 2744 1457 2786 alii
1483 2742 1609 2786 multi
1644 2744 1833 2800 Gygam5
1858 2741 1985 2795 prim.

1147 2809 1240 2852 Pal.
1257 2811 1396 2852 Giam.
1407 2806 1665 2865 H.-Gyges
1681 2808 1878 2859 (auctore
1894 2804 1983 2847 He-

1146 2877 1296 2931 siodo)
1316 2875 1420 2918 Caeli
1435 2883 1478 2917 et
1491 2875 1640 2917 Terrae
1651 2872 1763 2916 filius
1774 2872 1858 2915 fuit
1868 2905 1878 2922 ‚
1898 2871 1983 2913 fra-

1147 2951 1300 2997 terque
1309 2939 1474 2983 Briarei
1487 2948 1530 2982 et
1541 2937 1660 2981 Cotti
1671 2969 1683 2990 ‚
1697 2952 1884 2993 quorum
1893 2936 1987 2980 sin-

1148 3007 1268 3063 gulos
1280 3013 1456 3048 centum
1472 3019 1627 3046 manus
1640 3002 1836 3045 habuisse
1853 3001 1984 3056 dixit,

1148 3080 1192 3114 et
1213 3069 1348 3125 capita
1373 3069 1695 3125 quinquaginta.
1724 3067 1788 3110 Hi
1815 3067 1986 3108 Titanes

1149 3135 1250 3178 dicti
1260 3143 1362 3178 sunt
1375 3167 1387 3188 ‚
1405 3151 1452 3178 ac
1465 3132 1699 3177 decennale
1712 3131 1874 3175 bellum
1884 3146 1985 3173 cum

1150 3199 1328 3243 Saturni
1342 3198 1438 3242 filiis
1453 3206 1688 3255 gesserunt.
1707 3198 1986 3240 Semibovem-

1148 3278 1224 3319 que
1231 3267 1375 3305 virum.
1385 3262 1689 3305 Minotaurum
1697 3260 1874 3302 denotat
1885 3290 1896 3312 ,
1911 3273 1984 3300 na-

1149 3337 1246 3371 tura
1255 3327 1412 3383 duplici
1427 3344 1437 3370 :
1453 3342 1554 3370 nam
1567 3341 1701 3381 usque
1714 3324 1767 3367 ad
1780 3323 1990 3369 humeros

1150 3400 1320 3448 taurus,
1341 3399 1494 3438 caetera
1507 3390 1640 3439 homo
1658 3388 1753 3434 fuit.
