2280 3776
326 233 434 301 [400

779 236 842 289 P.
873 236 1199 316 *ovinn
1255 236 1638 295 NASONIS
1709 238 1712 244 ’

328 352 441 411 Res
473 374 694 433 quoque
726 365 876 411 tanta
903 351 1012 412 fuit
1033 399 1047 424 ,
1081 359 1298 436 quantae'
1324 355 1624 417 subsistere
1651 381 1864 420 summo

405 446 609 506 Iliados
637 448 746 506 vati
775 448 981 525 grande
1009 449 1202 510 fuisset
1227 475 1380 511 onus.

322 544 484 603 Ferre
515 542 675 603 etiam
705 543 899 604 molles
931 544 1071 624 elegi
1102 561 1211 606 tam
1236 562 1388 608 vasta
1413 549 1681 634 triumphi
2045 572 2100 615 85

403 641 656 702 Pondera
686 642 1003 725 disparibus
1031 669 1145 704 non
1173 661 1404 728 potuere
1432 648 1585 708 rotis.

322 737 453 816 Quo
485 737 623 819 pede
647 761 794 797 nunc
826 753 981 812 utar,
1017 740 1182 800 dubia
1213 758 1296 803 est
1318 744 1585 804 sententia
1617 745 1799 806 nobis:

400 832 557 893 Alter
587 834 729 893 enim
756 834 821 895 de
853 850 933 907 te,
968 836 1188 908 Rhene,
1220 837 1534 920 triumphus
1563 838 1733 900 adest.

320 928 479 988 Irrita
509 953 760 989 verorum
789 955 905 991 non
932 946 1062 990 sunt
1090 933 1355 1013 praesagia
1381 949 1566 994 vatum
1591 960 1602 993 :

400 1028 596 1087 Danda
621 1029 656 1086 J
661 1027 747 1087 ovi
773 1026 990 1099 laurus,
1025 1028 1156 1089 dum
1182 1030 1347 1112 prior.
1364 1029 1459 1091 illa
1484 1031 1638 1091 viret.
2043 1067 2099 1110 90

321 1126 433 1184 Nec
462 1146 581 1184 mea
607 1123 773 1183 verba
802 1122 970 1200 legis,
1004 1123 1100 1206 q'ui
1132 1148 1254 1185 sum
1285 1125 1581 1186 submotus
1611 1126 1682 1186 ad
1710 1127 1915 1187 Istrum
1934 1174 1950 1201 ‚

399 1223 528 1280 Non
556 1220 697 1280 bene
723 1219 932 1302 pacatis
963 1218 1186 1280 flumina
1213 1234 1348 1302 pota
1377 1220 1532 1281 Getis
1560 1246 1573 1281 ε

319 1318 432 1377 Ista
460 1318 566 1376 Dei
595 1341 700 1377 vox
719 1332 812 1376 vest
837 1342 848 1375 :
874 1317 1028 1377 Deus
1063 1331 1145 1376 est
1172 1316 1229 1376 in
1259 1331 1484 1399 pectore
1511 1332 1705 1379 nostro
1731 1344 1744 1379 ε

401 1417 533 1475 Haec
558 1415 695 1475 duce
723 1414 962 1497 praedico
991 1413 1368 1497 vaticinorque
1390 1415 1528 1476 Deo.

372 1553 438 1605 84.
465 1553 667 1593 AEnez'dos
687 1551 788 1594 vati.
815 1553 1030 1593 AEneados
1048 1567 1163 1594 unus

317 1617 572 1659 Vossianus.
590 1617 706 1659 Puto
719 1618 882 1658 Iliados
897 1620 998 1658 vati.
1016 1615 1164 1671 Quip—

316 1698 370 1737 pe
386 1690 668 1724 utsummum
681 1690 826 1723 vatem
836 1679 1069 1736 Virgilium
1086 1679 1165 1722 ad-

317 1748 515 1805 pellarit,
547 1757 676 1804 atque
712 1746 821 1789 adeo
857 1744 937 1802 ipsi
962 1747 1165 1789 Homero

318 1816 580 1872 praetulerit,
613 1815 682 1857 vix
702 1814 753 1857 fit
782 1812 1026 1857 verisimile.
1048 1813 1164 1858 Nam

317 1882 574 1938 Propertian
581 1897 655 1922 um
668 1879 791 1933 illud,
805 1882 959 1923 Nescio
968 1882 1165 1935 quz'dma-

305 1949 387 2002 jus
408 1951 599 1989 nascitur
621 1948 776 1995 Iliade,
809 1944 993 1987 viventis
1022 1943 1164 1987 adhuc

319 2012 493 2070 Virgilii
516 2011 690 2054 auribus
708 2009 860 2053 datum
885 2017 962 2052 est.
986 2008 1161 2051 Deinde

316 2081 358 2122 τὲ
368 2079 569 2120 AEnez'dos
583 2073 773 2118 secunda
786 2073 946 2132 syllaba
961 2081 1162 2128 correpta

312 2144 381 2186 vix
402 2143 483 2200 legi
504 2141 617 2199 apud
638 2141 763 2192 alios,
784 2140 868 2183 nisi
888 2139 1003 2196 quod
1019 2139 1064 2182 in
1084 2156 1162 2182 ve-

313 2208 398 2251 teri
411 2209 722 2264 epigrammate
746 2205 945 2248 Maronis
962 2204 1160 2247 laudibus

315 2274 416 2317 dato
455 2272 590 2315 codex
624 2270 948 2326 antiquissimus
987 2268 1161 2312 exhibet

313 2339 524 2395 scriptum
536 2354 549 2381 t
572 2355 594 2375 «
612 2335 938 2391 AEneidemque
950 2350 1074 2378 suam
1091 2333 1159 2377 fac

311 2406 455 2462 major
467 2404 654 2448 nuncius
663 2411 810 2446 ornet:
823 2403 910 2445 Fae
922 2400 1069 2444 laudes
1078 2402 1160 2444 Ita-

311 2472 434 2525 lum,
469 2469 538 2513 sac
571 2477 646 2511 tua
676 2468 791 2511 facta
818 2467 928 2524 legi;
966 2484 988 2503 »
1020 2481 1158 2521 quum

310 2538 565 2590 AEneamque
588 2548 707 2576 suum
729 2532 777 2575 in
802 2531 983 2588 vulgatis
1010 2546 1159 2573 exem-

310 2602 498 2659 plaribus
513 2601 682 2657 legatur
696 2632 708 2653 ,
730 2608 774 2642 et
791 2597 969 2654 quidem
983 2596 1157 2641 rectius.

310 2667 397 2712 Sed
413 2666 531 2723 quod
545 2681 727 2708 monere
742 2662 1063 2721 propemodum
1078 2679 1158 2705 ne-

311 2733 527 2790 glexeram
546 2764 558 2785 ,
596 2729 753 2772 iisdem
789 2728 983 2772 versibus
1009 2743 1157 2771 naevus

305 2797 568 2841 foedissimus
587 2794 771 2839 inhaeret
783 2827 794 2847 ‚
817 2809 956 2850 quum
973 2810 1052 2850 pro
1067 2811 1158 2836 ma-

297 2865 378 2920 jor
405 2866 583 2906 nuncius
615 2868 734 2904 ornet
763 2858 1072 2916 reponendum
1102 2859 1157 2901 sit

308 2929 448 2985 major
455 2929 657 2981 Mz'ncius,·
666 2935 715 2970 ut
726 2925 909 2968 fluvium
925 2924 1015 2981 agri
1029 2924 1156 2967 Man-

310 2994 433 3037 tuani
448 2991 641 3049 posuerit
660 3006 739 3048 pro
765 2991 855 3046 ipsa
871 2989 1071 3031 Mantua.
1093 2988 1155 3030 H.

363 3060 429 3102 86.
468 3060 593 3100 Ratis
627 3058 873 3111 disparibus.
907 3052 1154 3109 Imparibus

308 3123 513 3166 versibus.
541 3145 595 3154 —-
623 3122 766 3164 Medis
788 3120 972 3162 Putean.
1005 3117 1118 3160 male
1142 3133 1153 3169 ;

311 3187 409 3229 vide
440 3187 534 3229 Art.
568 3186 715 3229 Amat.
731 3185 803 3227 lib.
829 3185 850 3227 I
867 3217 880 3238 ‚
897 3200 1007 3226 vers.
1032 3182 1125 3235 264.

364 3251 432 3309 89.
454 3253 582 3293 Irrita
609 3266 792 3293 verorum
812 3266 894 3292 non
915 3256 1015 3290 sunt
1035 3262 1153 3302 pra·-

311 3319 435 3369 sagz'a
460 3321 615 3355 vatum.
643 3314 824 3369 Argent.
845 3313 973 3369 prim.
991 3309 1152 3355 Medic.

313 3378 574 3436 plurimique
607 3377 677 3420 alii
704 3409 716 3430 ,
760 3386 943 3421 votorum
974 3383 1149 3428 vatum,-

1245 1550 1446 1593 nonnulli
1457 1559 1645 1594 notorum
1662 1567 1674 1593 .·
1690 1566 1744 1594 an
1757 1558 1957 1594 motorum
1972 1552 1997 1595 ,Ρ
2013 1551 2097 1596 hoc

1246 1624 1339 1669 est,
1371 1615 1631 1659 adllatorum
1653 1616 1674 1659 Ξ)
1709 1615 1767 1659 sic
1798 1616 2093 1675 Pythagoras,

1247 1681 1435 1725 Metam.
1472 1681 1544 1724 lib.
1577 1683 1684 1736 XV,
1715 1697 1824 1724 vers.
1855 1682 1964 1736 143:
1993 1700 2013 1719 «
2036 1682 2096 1725 Et

1247 1747 1456 1803 quoniam
1483 1747 1606 1790 Deus
1627 1763 1702 1790 ora
1723 1755 1871 1790 movet
1890 1779 1902 1802 ,
1938 1763 2095 1804 sequar

1246 1829 1323 1856 ora
1339 1821 1592 1857 moventem
1614 1813 1715 1856 Rite
1737 1813 1902 1856 Deum.
1923 1831 1946 1851 »
1964 1813 2037 1858 Sic
2051 1823 2096 1857 et

1243 1894 1354 1934 saepe
1381 1878 1480 1921 alibi
1501 1895 1511 1922 ε
1534 1887 1722 1934 quatuor
1742 1895 1994 1934 magnorum.
2033 1881 2094 1922 H.

1244 1965 1299 1976 --
1322 1945 1520 1986 Veterum
1536 1959 1628 1986 non
1643 1942 1914 1986 movendum
1929 1960 1940 1995 ;
1957 1944 2097 2000 Epist.

1243 2020 1353 2061 xvl,
1379 2022 1488 2049 vers.
1506 2024 1578 2049 121
1601 2039 1614 2061 ,
1653 2010 1761 2051 Vera
1771 2007 1867 2062 fuit
1881 2016 2002 2051 vates
2017 2042 2028 2063 ,
2051 2018 2095 2052 et

1249 2073 1420 2128 passim.

1296 2156 1362 2199 9⁰·
1391 2139 1553 2180 Danda
1582 2140 1681 2182 Jovi
1705 2141 1862 2181 laurus.
1899 2139 2092 2183 Trium-

1241 2203 1353 2261 phus
1380 2203 1551 2246 dandus
1578 2212 1642 2247 est
1670 2203 1771 2246 Jovi
1805 2202 2056 2260 Capitolino
2077 2238 2090 2259 ,

1241 2269 1312 2312 cui
1329 2269 1614 2325 imperatores
1626 2267 1747 2310 lauro
1761 2268 2093 2312 coronatiibant

1239 2332 1633 2378 sacrificatum.Vel
1644 2332 1747 2376 dicit
1762 2333 2014 2389 ponendam
2030 2350 2093 2377 es-

1238 2414 1284 2441 se
1297 2397 1492 2440 lauream
1501 2396 1555 2440 de
1566 2412 1690 2439 more
1706 2406 1801 2454 post
1813 2398 2091 2456 triumphum

1238 2463 1286 2505 in
1307 2462 1398 2506 aede
1412 2462 1443 2505 J
1445 2461 1535 2505 ovis
1552 2460 2092 2519 Capitolini.-—Dumpr1'or

1239 2529 1319 2569 illa
1334 2531 1464 2569 viret..
1484 2525 1610 2568 Dum
1621 2541 1783 2575 corona
1803 2525 1874 2570 illa
1896 2527 2086 2581 Tiberii,

1240 2609 1326 2649 qua
1342 2592 1472 2649 paulo
1488 2601 1588 2635 ante
1605 2607 1737 2635 ovans
1753 2592 1807 2635 ob
1823 2591 2087 2636 debellatum

1240 2658 1463 2716 Illyricum
1479 2690 1491 2711 ,
1515 2666 1748 2700 coronatus
1770 2657 1927 2706 urbem
1946 2658 2088 2700 intra-

1238 2722 1489 2776 vit,.adhuc
1509 2730 1574 2774 est
1592 2737 1743 2765 recens
1762 2730 1807 2764 et
1826 2719 1986 2773 viridis.
2020 2722 2086 2764 Ex

1239 2803 1328 2844 quo
1347 2787 1495 2830 innuit
1520 2796 1617 2843 post
1638 2786 1762 2830 illum
1777 2786 2052 2843 triumphum
2070 2821 2093 2841 ,Δ

1240 2853 1429 2896 alterum
1470 2851 1603 2895 etiam
1640 2851 1898 2907 propediem
1935 2851 2086 2896 deberi

1239 2917 1430 2961 Tiberim

1292 2999 1341 3040 9¹
1351 3013 1361 3022 .
1404 2982 1492 3034 Qui
1516 2996 1608 3023 sum
1639 2984 1852 3023 submotus
1886 2983 1950 3023 ad
1973 2983 2088 3027 Istri.

1237 3049 1392 3089 Istrum
1411 3045 1629 3089 meliores.
1644 3046 1703 3090 H.
1720 3069 1774 3078 --
1793 3050 1880 3101 (lui
1890 3064 1982 3090 sum
1993 3050 2088 3089 sub-

1236 3123 1370 3158 motus
1381 3117 1447 3162 ad
1459 3116 1623 3158 Istrum.
1637 3115 1837 3171 Quisum
1853 3132 1875 3157 a
1891 3114 2028 3171 patria
2038 3114 2085 3156 in

1238 3181 1367 3223 Pont.
1388 3179 1563 3235 missus,
1583 3180 1629 3222 in
1644 3196 1777 3236 quem
1793 3179 1948 3223 defluit
1962 3180 2084 3222 Ister.
2100 3178 2106 3186 '

1290 3246 1357 3304 94.
1377 3247 1472 3287 Hoc
1485 3246 1591 3288 duce
1596 3249 1792 3301 predico.
1810 3247 1915 3287 Hoec
1927 3242 2082 3286 melio-

1234 3325 1324 3359 res..
1342 3309 1509 3352 Hmns.
1524 3332 1578 3343 --
1596 3311 1717 3354 Hoec.
1740 3310 1875 3356 Hunc
1897 3307 2080 3355 alterum

1232 3373 1521 3430 triumphum.
