2280 3776
242 336 349 406 348

692 338 755 390 P.
801 337 1096 417 oxv1D11
1140 335 1509 392 NASONIS

245 456 385 534 Quae
416 451 528 512 non
558 453 878 511 horruerint
908 452 1122 512 tacitam
1155 474 1377 534 quoque
1407 452 1635 513 Caesaris
1658 450 1835 513 iram?
1957 471 2008 513 55

326 549 530 609 Addita
561 562 691 607 sunt
718 548 895 630 poenis
919 571 1109 630 aspera
1138 549 1302 609 verba
1333 549 1483 609 meis,

245 646 335 704 Fit
363 645 490 722 suga
518 644 859 727 temporibus
888 643 1058 704 levior
1082 669 1094 703 :
1118 646 1394 727 projectus
1422 645 1480 705 in
1505 669 1692 729 aequor

326 741 623 799 Arcturum
654 738 800 799 subii
831 739 1224 822 Pleiadumque
1249 740 1440 800 minas.

247 837 400 918 Saepe
429 835 608 896 solent
635 835 880 918 hyemem
911 834 1183 917 placidam
1213 835 1411 896 sentire
1441 836 1663 897 carinae:

326 935 450 993 Non
479 933 678 993 Ithacae
710 933 886 1016 puppi
914 933 1104 993 saevior
1131 933 1274 993 unda
1305 932 1429 993 fuit.
1959 953 2015 996 60

248 1029 419 1088 Recta
446 1027 580 1088 fides
611 1029 871 1087 comitum
901 1042 1115 1109 poterat
1143 1026 1283 1087 mala
1311 1041 1500 1088 nostra
1529 1026 1704 1090 levare
1731 1052 1744 1087 :

329 1124 516 1185 Ditata
544 1141 625 1186 est
652 1125 845 1208 spoliis
873 1124 1079 1208 perfida
1110 1126 1274 1186 turba
1303 1125 1454 1187 meis.

248 1220 443 1282 Mitius
472 1222 721 1283 exsilium
750 1223 957 1283 faciunt
985 1221 1103 1283 loca
1134 1248 1146 1283 ε
1181 1223 1390 1283 tristior
1418 1223 1524 1283 ista

327 1322 496 1380 Terra
524 1322 628 1381 sub
659 1321 932 1381 ambobus
963 1345 1079 1381 non
1105 1321 1244 1401 jacet
1263 1320 1375 1382 ulla
1403 1320 1565 1404 polis.

251 1420 354 1478 Est
380 1418 587 1501 aliquid
617 1419 808 1502 patriis
835 1419 1071 1478 vicinum
1098 1417 1302 1479 finibus
1327 1441 1479 1479 esse:
1965 1434 2019 1475 65

331 1513 540 1575 Ultima
563 1539 648 1575 me
678 1514 865 1589 tellus,
892 1514 1118 1576 ultimus
1146 1515 1298 1575 orbis
1333 1516 1516 1575 habet.

250 1609 480 1671 Praestat
507 1627 559 1671 et
583 1611 866 1673 exsulibus
892 1635 1080 1696 pacem
1108 1627 1200 1672 tua
1227 1611 1438 1683 laurea,
1473 1611 1682 1671 Caesar:

332 1707 561 1769 Pontica
588 1709 822 1769 finitimo
857 1725 994 1769 terra
1025 1708 1127 1769 sub
1156 1708 1317 1768 hoste
1341 1708 1500 1789 jacet.

253 1802 495 1885 Tempus
524 1804 582 1862 in
612 1827 871 1882 agrorum
901 1803 1053 1864 cultu
1083 1825 1399 1864 consumere
1430 1799 1589 1862 dulce
1619 1813 1737 1860 est:

311 1961 377 2002 55.
413 1961 542 2013 Quem
563 1977 645 2003 non
659 1964 846 2004 obrueret
859 1964 981 2004 tacin'
995 1978 1099 2018 quo-

256 2039 334 2079 que
374 2027 552 2068 Coesanzr
594 2031 672 2069 ira.
715 2028 905 2071 obruerit
940 2028 1066 2069 multi
1083 2041 1098 2079 ‚·

263 2091 358 2143 Qua
371 2107 452 2132 non
466 2094 646 2136 obruerit
658 2091 833 2136 Combii
851 2110 863 2143 3
883 2095 1008 2147 Quod
1017 2109 1099 2134 non

257 2157 438 2196 obruerit
454 2159 560 2197 iram
576 2155 771 2199 Vossian.
785 2156 890 2200 alius
901 2159 1103 2200 horruerit

258 2217 645 2270 atamweterrimus
656 2219 950 2263 Sarravianus:
958 2239 976 2257 «ι
985 2219 1027 2275 Q
1036 2234 1102 2262 uae

259 2298 352 2325 non
373 2282 593 2328 horruerit
613 2285 786 2328 tacitam
808 2301 981 2341 quoque
1009 2284 1102 2328 Cae-

260 2349 364 2392 saris
383 2349 506 2391 iram.
527 2368 549 2387 »
565 2351 700 2394 Recte
712 2383 724 2405 ,
740 2351 774 2394 si
789 2353 1019 2393 horruerint
1034 2366 1103 2392 re-

261 2430 421 2471 ponas:
444 2415 524 2458 nisi
545 2416 667 2460 malis
684 2449 696 2471 ‚
716 2419 822 2470 Quis
842 2433 925 2459 non
943 2419 1103 2459 horrue-

260 2484 341 2535 r1‘l;
363 2496 468 2523 nam
490 2485 646 2533 obruit,
671 2498 809 2538 quum
842 2481 1106 2538 praecesserit

262 2561 391 2588 versu
408 2547 646 2603 superiori,
680 2547 749 2591 hic
771 2547 879 2590 ferri
904 2562 998 2589 non
1021 2561 1104 2602 po-

261 2618 358 2654 test.
374 2612 434 2655 H.

319 2680 384 2733 57.
416 2676 605 2732 Fitfuga
620 2681 868 2733 temporibus
883 2681 1017 2721 levior.
1033 2677 1108 2721 Le—

264 2739 358 2782 vius
384 2742 493 2784 solet
511 2758 600 2785 esse
621 2742 879 2798 supplicium
895 2775 907 2797 ,
931 2742 1107 2798 quando

265 2803 427 2847 exsules
456 2804 618 2847 abeunt
656 2814 879 2861 expectato
911 2814 1106 2861 tempore

265 2870 530 2927 navigationi
552 2880 663 2927 apt0.
689 2871 796 2914 Aliis
808 2887 913 2914 vero
936 2871 1109 2915 incom-

267 2935 409 2979 modis
422 2937 529 2979 meis
544 2936 624 2980 hoc
638 2938 771 2980 etiam
786 2937 975 2992 accessit,
991 2936 1109 2993 quod

264 3001 439 3058 fugatus
451 3019 548 3046 sum
569 3003 679 3046 tristi
696 3004 850 3047 sidere.

324 3070 389 3111 58.
411 3070 632 3112 Arcturum
648 3074 767 3114 subii.
781 3071 1002 3126 Tempore
1022 3085 1109 3126 quo

270 3133 485 3178 Arcturus
506 3151 685 3192 magnos
721 3137 880 3179 imbres
909 3136 1107 3193 parabat,

269 3199 377 3255 coepi
394 3200 605 3257 navigare.
626 3204 828 3245 Arcturus
844 3210 991 3244 autem
1009 3200 1111 3244 stel-

269 3261 312 3306 la
334 3271 423 3317 est,
446 3263 489 3306 in
511 3266 647 3308 cauda
667 3268 842 3323 majoris
857 3269 984 3311 Ursae
1002 3266 1112 3309 loca-

273 3335 330 3370 ta.
341 3326 757 3372 Exoriturundecim
769 3330 919 3374 diebus
930 3339 1029 3373 ante
1043 3345 1112 3372 au-

272 3390 416 3432 tumni
437 3391 745 3446 aequinoctium
760 3424 771 3446 ‚
795 3402 945 3437 octavo
966 3394 1112 3437 calen-

273 3455 349 3501 das
380 3457 567 3502 octobris
583 3489 596 3513 ,
618 3457 664 3501 id
690 3466 783 3514 est,
816 3458 885 3504 die
905 3459 1112 3516 vigesimo

1179 1970 1335 2019 quarto
1353 1958 1622 2017 septembris.
1638 1957 1934 2016 Plei'udumque
1945 1959 2017 1997 mi·

1179 2045 1271 2072 nas.
1285 2028 1432 2071 Dictas
1444 2035 1588 2070 autem
1603 2031 1756 2082 putant
1772 2022 1824 2064 ab
1839 2036 1892 2063 eo
1906 2018 2026 2075 quod

1181 2101 1246 2137 est
1275 2095 1421 2145 πλέειν,
1464 2090 1507 2134 id
1539 2098 1633 2143 est,
1673 2088 1905 2144 navigare:
1944 2086 2025 2128 Hae

1180 2174 1370 2202 numero
1390 2166 1555 2214 septem
1577 2155 1793 2198 dicuntur.
1825 2154 2028 2206 Vergilias

1182 2233 1330 2266 autem
1344 2222 1481 2265 nostri
1503 2221 1647 2263 dixere
1663 2251 1675 2272 ‚
1700 2215 1815 2273 quod
1832 2224 1927 2273 post
1949 2230 2024 2257 ver

1183 2289 1452 2332 exoriuntur.
1471 2284 1693 2330 Oriuntur
1705 2291 1853 2326 autem
1874 2288 2028 2338 quarto

1185 2369 1324 2396 nonas
1343 2349 1509 2407 apriles.
1937 2381 1939 2383 -

1242 2421 1307 2476 59.
1335 2418 1558 2459 Placidum
1589 2416 1781 2472 hyemem.
1805 2409 2027 2455 Placidam

1186 2489 1508 2539 tempestatem.

1241 2548 1307 2590 62.
1323 2547 1479 2600 Spolie‘s
1499 2548 1601 2588 meis
1622 2553 1703 2587 etc.
1716 2542 1786 2587 De
1802 2541 2030 2586 comitibus

1185 2611 1352 2655 itineris
1365 2644 1378 2665 ‚
1399 2611 1487 2653 sive
1507 2607 1812 2666 profectionis,
1836 2606 2029 2662 intelligo

1187 2676 1306 2719 hunc
1322 2675 1466 2720 locum
1483 2707 1495 2730 ,
1514 2689 1702 2731 quorum
1716 2672 1898 2728 perfidia
1915 2704 1926 2725 ,
1947 2670 2029 2712 bo-

1187 2743 1255 2785 nis
1268 2774 1280 2797 ,
1307 2750 1382 2785 aut
1401 2741 1530 2784 rebus
1549 2738 1805 2796 quibusdam
1826 2737 1912 2780 suis
1928 2750 2032 2792 spo-

1188 2807 1314 2851 liatus
1331 2806 1468 2850 fuerit
1492 2814 1619 2863 poeta
1640 2821 1650 2848 :
1673 2818 1777 2847 nam
1804 2801 1902 2845 alibi
1930 2801 2030 2844 satis

1189 2864 1301 2917 clare
1321 2872 1533 2930 significat
1548 2904 1560 2925 ,
1580 2870 1690 2914 nihil
1707 2868 1786 2913 sibi
1803 2884 1827 2911 a
1855 2865 2028 2910 Caesare

1188 2947 1347 2994 praeter
1367 2936 1575 2993 patriam,
1611 2934 1867 2990 ademptum
1888 2931 2031 2976 fuisse.

1190 3003 1364 3045 M1cr1„
1594 2998 1595 3004 ’

1244 3064 1310 3118 64.
1340 3065 1422 3107 Sub
1441 3065 1640 3106 ambobus
1661 3065 1789 3118 polis.
1820 3060 1912 3103 Sub
1932 3057 2033 3116 polo

1190 3129 1348 3172 arctico
1372 3137 1416 3171 et
1438 3128 1686 3171 antarctico.

1246 3194 1311 3236 66.
1338 3194 1498 3236 Ultima
1513 3197 1652 3236 tellus.
1673 3190 1821 3235 Tellus
1837 3189 2033 3234 Pontica.

1191 3258 1323 3302 Mna,

1246 3325 1310 3370 68.
1339 3327 1467 3368 Jacet
1482 3326 1560 3367 sub
1585 3325 1702 3366 hoste
1710 3324 1909 3379 finitimo.
1933 3318 2037 3361 Ma-

1192 3400 1269 3434 net
1290 3392 1369 3435 sub
1399 3392 1522 3435 hoste
1552 3390 1706 3435 vicino.
1726 3387 1864 3443 Quasi
1881 3388 2037 3429 innuat

1193 3457 1359 3515 ubique
1378 3466 1593 3503 terrarum
1614 3472 1704 3501 esse
1723 3467 1873 3512 pacem
1896 3467 1920 3496 a
1940 3449 2037 3495 Cae-
