2280 3776
436 319 547 375 EX
587 319 893 375 PONTO
934 320 1098 375 LIB.
1146 320 1281 374 III.
1325 317 1613 376 EPIST.
1658 322 1770 376 VI.
1874 321 1986 398 [409

211 440 402 522 Teque
432 452 638 516 tegam,
672 436 765 519 qui
794 436 897 508 εἰς,
927 436 1035 496 nisi
1067 460 1236 518 quum
1263 436 1579 519 permiseris
1607 436 1743 520 ipse.

298 535 544 613 Cogetur
570 556 729 593 nemo
758 556 962 593 munus
990 532 1194 593 habere
1223 557 1422 594 meum.

215 632 302 692 Tu
327 629 492 691 modo
511 676 526 703 ‚
558 652 720 713 quem
750 643 968 713 poteras
996 627 1080 688 vel
1108 644 1291 712 aperte
1319 645 1472 691 tutus
1502 653 1678 692 amare
1695 678 1710 703 ‚

298 726 358 787 Si
386 749 472 788 res
502 740 586 788 est
611 750 812 810 anceps
839 725 971 799 ista,
1004 725 1236 788 latenter
1260 751 1396 788 ama.
1934 743 1989 785 σο

214 882 315 911 rum
328 871 536 924 cognitu&
549 876 787 926 utrumque
806 878 989 913 rectum.
1002 869 1061 913 H.

271 934 337 990 57.
354 934 582 989 Nisiquum
589 937 825 989 permiseris·
838 938 941 989 ipse.
959 935 1064 977 Pen-

216 1000 378 1041 misen?
394 1014 508 1043 unus
532 998 727 1043 Vatican.
749 999 881 1042 Forte
904 1015 914 1042 :
934 1016 955 1037 «
981 998 1063 1043 nisi

217 1078 303 1119 qua
319 1062 563 1119 permiserit
580 1063 668 1120 ipse
685 1096 696 1118 ,
722 1062 917 1121 Cogetur
930 1079 1064 1107 nemo

216 1143 380 1172 munus
411 1128 570 1173 habere
598 1144 779 1181 meum;
805 1147 826 1167 »ι
851 1145 980 1187 supra
1007 1129 1062 1173 de

218 1194 421 1253 Augusto
445 1211 455 1239 ε
484 1213 505 1234 κ
537 1195 725 1253 Quaque
750 1213 831 1254 ego
859 1196 1061 1254 permisi,

219 1276 403 1319 quaeque
430 1270 495 1307 est
522 1279 591 1307 res
619 1279 737 1319 passa
754 1295 766 1319 ,
797 1263 1017 1322 pepercit;
1040 1282 1062 1302 »

1117 1406 1290 1413 ———-

1142 866 1277 911 codex
1302 867 1443 911 Servii
1463 872 1554 912 m'st'
1568 872 1630 920 si,
1654 867 1707 911 ad
1725 867 1805 925 Ep.
1830 867 1909 912 IV.
1931 866 1992 910 H.

1201 934 1264 976 58.
1304 934 1483 989 Cogetur
1509 949 1639 977 nemo.
1678 934 1731 977 In
1765 932 1992 977 neminem

1144 995 1332 1040 invitum
1360 1014 1408 1041 ac
1426 1006 1746 1055 repugnantem
1768 996 1994 1041 conseram

1144 1080 1318 1108 munus.
1343 1066 1393 1108 P.
1413 1089 1467 1098 —
1486 1067 1643 1109 Munus
1676 1067 1827 1108 habere
1850 1080 1994 1108 meum.

1145 1132 1258 1176 Poni
1281 1132 1325 1176 in
1348 1133 1456 1177 meis
1475 1133 1682 1178 versibus.

1200 1202 1267 1259 59.
1305 1202 1368 1244 Tu
1387 1216 1555 1257 quoque.
1582 1202 1646 1244 Tu
1668 1202 1789 1244 modo
1813 1215 1863 1242 ex
1890 1214 1995 1242 me-

1144 1264 1335 1309 lioribus.
1358 1266 1526 1310 Hssms.
1559 1265 1624 1309 lta
1646 1280 1820 1323 quoque
1844 1263 1995 1308 nostri.

1817 1404 1995 1411 ‚—-——-

733 1520 1259 1627 EPISTQLA
1313 1522 1494 1592 v11.

1019 1666 1206 1685 m

959 1835 1313 1896 AMICIS.

822 2135 1418 2187 ARGUMENTUM.

232 2261 409 2307 Amicos
434 2270 478 2306 et
510 2278 691 2307 uxorem
722 2262 965 2309 timiditatis
1000 2264 1252 2319 insimulat,
1278 2281 1410 2322 seque
1427 2298 1439 2319 ,
1468 2264 1634 2322 abjecta
1662 2281 1737 2322 spe
1765 2264 2007 2318 redeundi,

532 2332 706 2376 sortiter
735 2332 898 2377 Geticis
919 2334 965 2376 in
986 2333 1147 2378 finibus
1166 2333 1434 2377 moriturum
1457 2332 1702 2390 profitetur.

233 2457 490 2546 VERBA
516 2485 654 2544 mihi
684 2485 885 2546 desunt
911 2484 1099 2546 eadem
1128 2500 1237 2546 tam
1265 2508 1406 2569 saepe
1432 2486 1685 2565 roganti,

317 2584 551 2664 Jamque
580 2581 754 2664 pudet
780 2605 943 2642 vanas
970 2581 1079 2642 fine
1109 2605 1289 2643 carere
1315 2607 1520 2666 preces,

235 2679 424 2744 Taedia
452 2679 727 2741 consimili
754 2678 870 2739 fieri
902 2679 967 2740 de
1001 2680 1235 2740 carmine
1262 2679 1453 2752 vobiS‚

322 2778 586 2862 Quidque
618 2792 828 2861 petam,
856 2792 1086 2838 cunctos
1114 2777 1402 2838 edidicisse
1425 2801 1568 2838 reor..

236 2876 443 2937 Nostra
473 2873 608 2957 quid
637 2873 895 2957 adportet
918 2873 1028 2955 jam
1054 2873 1229 2934 nostis
1259 2872 1491 2956 epistola
1509 2920 1523 2945 ‚
1558 2872 1804 2957 quamvis
1991 2889 2015 2931 5

301 3027 338 3052 ιι.
360 3012 466 3055 Fi'ne
481 3027 634 3055 carere.
659 3012 895 3068 Nunquam
918 3010 971 3054 ad
992 3010 1088 3055 exi-

247 3086 343 3120 tum
361 3084 406 3119 et
423 3076 560 3120 finem
581 3076 760 3133 perduci
777 3111 790 3132 ,
820 3077 896 3121 sed
917 3093 1091 3134 semper

245 3139 366 3183 idem
384 3140 563 3195 precari.

302 3206 342 3249 3.
360 3207 431 3248 De
445 3209 659 3249 consimili
668 3209 863 3249 carmine.
879 3205 1092 3261 Ejusdem

249 3288 423 3329 semper
451 3272 645 3316 materiae
676 3288 686 3316 z
715 3288 821 3315 nam
846 3273 998 3316 eadem
1026 3289 1093 3318 res

249 3337 403 3394 saepius
432 3338 586 3381 iterata
607 3370 618 3392 ,
652 3346 697 3381 et
728 3337 856 3381 toties
884 3337 1096 3382 inculcata

252 3401 431 3447 taedium
456 3402 612 3446 adfert.
634 3403 781 3447 PONT.

308 3469 347 3521 4.
368 3469 619 3512 Ede'de‘cissc.
642 3469 744 3512 Jam
762 3469 962 3513 didicisse
984 3469 1094 3513 Mo-

1173 3009 1257 3053 reti
1272 3017 1316 3053 et
1330 3017 1416 3052 tres
1430 3008 1512 3053 alii.
1532 3011 1728 3067 Quodque
1731 3018 1874 3066 petam
1888 3008 2020 3053 etiam

1176 3076 1329 3122 Servii.

1232 3147 1269 3187 5.
1290 3144 1449 3186 Nostra
1461 3144 1566 3199 quid
1575 3145 1776 3198 adportet.
1789 3144 2023 3198 Nostraque

1175 3213 1278 3265 quid
1289 3216 1430 3265 portet
1447 3225 1498 3252 ex
1514 3208 1681 3264 scriptis
1700 3207 1995 3265 compluribus
2012 3223 2022 3250 ε

1177 3283 1222 3317 et
1249 3290 1351 3316 mox
1371 3289 1452 3331 pro
1477 3275 1636 3316 Charta
1661 3272 1797 3316 codex
1820 3271 2025 3316 Politian.

1180 3342 1314 3392 Cem‚'
1337 3337 1560 3395 quomodo
1575 3337 1899 3381 Arondelianus
1916 3352 2029 3392 quo-

1179 3420 1262 3461 que
1282 3420 1363 3461 pro
1383 3403 1551 3447 diversa
1569 3403 1753 3447 lectione
1774 3419 1785 3446 ε
1807 3403 1925 3447 idem
1948 3417 2027 3458 pro

1178 3473 1331 3515 vinclzlt
1356 3486 1439 3515 non
1466 3468 1681 3524 labefacta
1711 3472 1822 3521 suis,
1856 3467 2029 3510 exhibet
