2280 3776
467 276 580 332 EX
623 273 920 329 ΡΟΝΤΟ
960 274 1117 328 LIB.
1162 272 1274 328 IV.
1318 270 1595 327 EPIST.
1642 275 1751 328 IX.
1900 277 2011 354 449

242 395 405 455 Nunc
433 393 607 454 facere
636 393 692 452 in
721 391 901 452 medio
934 390 1228 451 facundum
1255 390 1419 450 verba
1451 404 1641 452 senatu
1659 438 1674 464 ,

329 489 560 551 Publica
587 501 911 570 quaerentem
945 486 1078 569 quid
1108 500 1260 568 petat
1286 487 1510 548 utilitas.

248 587 438 657 Nunc,
470 608 573 667 pro
601 582 936 653 Caesaribus»,
967 581 1192 663 Superis
1222 580 1507 642 decernere
1534 597 1738 661 grates,

331 682 541 744 Albave
574 682 884 764 opimorum
915 678 1054 740 colla
1082 678 1242 740 ferire
1267 679 1456 740 boum.
1971 699 2024 739 50

251 782 435 863 Atque
465 778 707 850 utinam,
740 800 908 860 quum
935 776 1043 858 jam
1074 775 1240 836 fueris
1268 774 1486 858 potiora
1508 791 1793 859 precatuS,

332 880 413 938 Ut
441 875 573 937 mihi
601 875 848 958 placetur
874 872 1115 934 numinis
1144 871 1260 945 ira„
1282 874 1474 948 roges!

253 975 456 1051 Surgat
483 971 552 1032 ad
581 971 719 1032 hanc
744 991 933 1029 vocem
962 965 1124 1051 plena
1152 965 1278 1048 pius
1306 964 1450 1043 ignis
1477 966 1548 1025 ab
1577 989 1696 1040 ara,

334 1070 552 1153 Detque
585 1068 797 1127 bonum
825 1080 957 1125 voto
985 1062 1203 1124 lucidus
1231 1084 1389 1123 omen
1419 1085 1572 1145 apex.

254 1167 501 1238 Interea,
532 1187 639 1247 qua
665 1179 818 1247 parte
846 1161 1001 1234 licet,
1028 1183 1098 1220 ne
1127 1174 1321 1220 cuncta
1353 1182 1677 1241 queramur,
1974 1180 2033 1222 55

337 1262 443 1321 Hic
477 1284 695 1344 quoque
726 1274 778 1319 te
806 1257 1006 1319 festum
1037 1254 1262 1316 consule
1296 1269 1511 1338 tempus
1538 1279 1712 1334 agam.

255 1359 445 1422 Altera
470 1358 695 1429 laetitiae,
726 1380 823 1416 nec
847 1354 1045 1416 cedens
1074 1375 1232 1413 causa
1261 1352 1430 1435 priori
1450 1399 1466 1425 ,

341 1457 634 1518 Successor
665 1453 798 1515 tanti
828 1453 995 1513 frater
1020 1450 1282 1522 honoriS,
1313 1450 1431 1510 erit.

259 1557 401 1615 Nam
430 1552 533 1613 tibi
559 1551 775 1612 finitum
807 1573 1021 1611 summo
1040 1596 1054 1620 ‚
1090 1547 1334 1608 Graecine
1353 1593 1368 1618 ,
1401 1546 1675 1607 decembri

342 1650 669 1735 Imperium,
701 1647 827 1708 Jani
859 1646 1091 1729 suscipit
1118 1643 1211 1703 ille
1242 1644 1344 1703 die.
1986 1667 2043 1706 (ᾗ,

266 1748 516 1829 Quaeque
549 1760 633 1807 est
658 1746 716 1805 in
743 1744 903 1805 vobis
933 1744 1139 1827 pietas,
1170 1740 1374 1801 alterna
1402 1740 1586 1802 feretis

352 1843 586 1915 Gaudia,
618 1857 678 1902 tu
705 1841 890 1902 fratris
919 1839 1186 1910 fascibus,
1220 1838 1312 1898 ille
1341 1838 1466 1899 tuis.

266 1939 357 2000 Sic
383 1954 445 2000 tu
472 1938 562 1998 bis
588 1938 755 1999 fueris
786 1937 1003 2008 consul,
1035 1937 1124 1996 bis
1153 1935 1348 1996 consul
1376 1949 1430 1995 et
1459 1933 1550 1995 ille
1569 1981 1584 2006 ,

345 2036 522 2116 Inque
553 2033 720 2093 domo
749 2033 935 2094 bimus
964 2027 1334 2113 conspicietur
1360 2029 1559 2089 honor.

266 2130 383 2212 Qui
411 2154 722 2214 quanquam
754 2144 837 2189 'est
865 2129 1092 2207 ingens,
1124 2142 1179 2188 et
1209 2125 1422 2187 nullum
1452 2126 1657 2187 Martia
1685 2150 1900 2189 summo
1989 2147 2045 2189 65

347 2226 534 2288 Altius
562 2225 852 2308 imperium
878 2224 1105 2286 consule
1135 2227 1315 2284 Roma
1344 2222 1518 2293 videt3

324 2363 391 2420 49.
420 2361 586 2417 Superat
608 2363 821 2404 decernere
840 2366 992 2416 grates.
1019 2359 1121 2403 De-

271 2443 453 2473 cernere
486 2427 815 2485 supplicationes
837 2459 849 2481 ,
893 2426 939 2469 in
967 2422 1122 2482 quibus

274 2491 420 2550 gratiae
444 2491 539 2535 Diis
563 2492 804 2550 agebantur
822 2491 877 2534 ob
898 2490 1123 2534 victoriam

276 2556 329 2600 ali
364 2572 478 2600 uam.

359 2629 396 2654 2.
413 2613 624 2666 Principis
641 2614 718 2654 ira.
736 2613 929 2655 Numinis
945 2607 1122 2653 Combii

277 2686 321 2721 et
342 2677 506 2721 Moreti
528 2676 649 2720 liber.
670 2675 838 2720 Hssms.

332 2743 399 2796 54.
430 2743 618 2784 Luct'dus
637 2757 758 2796 apex.
783 2742 878 2796 lpse
899 2739 1011 2797 ignis
1034 2739 1122 2783 cla-

277 2822 350 2850 rus
371 2815 415 2850 et
438 2822 572 2863 purus
597 2806 641 2848 in
668 2806 785 2863 apice
806 2814 851 2849 et
870 2805 1121 2849 cacumine:

278 2871 324 2915 id
344 2871 465 2926 enim
485 2870 671 2914 maxime
693 2870 989 2914 observabant.

335 2936 400 2977 55.
436 2936 533 2989 Qua
554 2941 677 2990 parte
707 2937 816 2978 licet.
851 2935 957 2990 Quo
991 2933 1125 2976 modo

281 3014 455 3056 possum
471 3033 484 3052 ,
504 3000 587 3046 hoc
605 3009 669 3044 est
682 3034 693 3054 ,
718 2995 865 3043 mente
880 3033 892 3053 ,
918 3000 1016 3056 quia
1034 3016 1127 3043 cor-

281 3080 388 3120 pore
417 3078 508 3107 non
536 3064 636 3108 licet
661 3064 806 3108 adesse
834 3074 919 3108 tuae
944 3079 1127 3121 pompae.

283 3131 416 3174 —Ne
440 3138 593 3172 cuncta
621 3146 846 3185 queramur.
870 3131 935 3173 Ne
960 3130 1128 3187 singula

285 3211 458 3254 pompae
481 3195 610 3252 hujus
634 3196 873 3252 spectacula
895 3211 996 3238 cum
1020 3212 1130 3252 que-

286 3263 377 3306 rela
397 3277 753 3306 commemorem.
780 3263 863 3306 Vel
880 3264 1036 3317 etiam,
1062 3263 1130 3308 Ne

286 3326 342 3370 ad
362 3326 511 3370 omnia
527 3326 665 3370 maesti
680 3343 727 3371 ac
742 3326 910 3384 queruli
930 3327 1075 3371 simus.

342 3394 410 3450 57.
434 3393 584 3436 Altera
602 3395 754 3436 loetaioe
770 3400 848 3436 est.
871 3392 1043 3436 Loetitm
1066 3398 1133 3438 est

452 3467 602 3526 VII.

1202 2358 1329 2401 multi
1344 2367 1512 2402 veteres
1528 2376 1538 2409 3
1560 2362 1717 2403 letitie
1729 2368 1846 2404 recte
1864 2369 1950 2405 tres
1965 2363 2048 2406 alii.

1224 2476 1227 2479 Ι
1260 2427 1325 2481 59.
1351 2424 1517 2466 Summo
1546 2427 1761 2467 decembri.
1794 2426 1979 2470 Summa
2007 2437 2054 2472 et

1205 2497 1397 2532 extrema
1419 2498 1540 2545 parte
1562 2490 1816 2534 decembris.

1258 2553 1325 2596 60.
1338 2555 1572 2608 Imperium.
1586 2553 2057 2602 Consulatum—June·

1201 2620 1280 2659 die.
1299 2616 1512 2660 Kalendis
1534 2619 1746 2664 Januarii.
1766 2645 1822 2653 —
1839 2624 1932 2665 Ille.
1954 2622 2053 2667 Sci-

1201 2681 1302 2726 licet
1318 2681 1456 2724 frater
1476 2691 1586 2727 tuus.

1258 2746 1325 2800 64.
1344 2746 1482 2788 Binus
1504 2752 1781 2802 conspicietur
1795 2753 1934 2794 hortor.
1956 2751 2051 2794 Im·-

1205 2826 1280 2852 mo
1301 2813 1454 2858 bimus,
1482 2811 1636 2868 siquid
1649 2813 1776 2858 video
1790 2833 1800 2866 ;
1818 2816 1934 2872 quod
1950 2833 2053 2860 con-

1206 2875 1352 2918 firmat
1385 2875 1820 2934 Rottendorphianus
1847 2897 1856 2922 ε
1886 2891 2056 2925 senten-

1205 2944 1308 2982 tiam
1329 2943 1482 2983 bimam
1505 2951 1630 2985 vocat
1652 2941 1833 2997 Cicero,
1859 2945 1929 2988 lib.
1955 2947 2052 3002 III,

1209 3003 1346 3060 Epist.
1360 3018 1448 3046 vlu
1465 3037 1476 3058 ,
1501 3005 1552 3047 ad
1573 3006 1765 3062 Appium
1782 3008 1837 3051 de
1853 3012 2056 3067 regendis

1209 3085 1288 3125 per
1302 3068 1478 3113 eosdem
1494 3070 1714 3126 praesectos
1732 3090 1810 3129 per
1824 3073 2056 3120 biennium

1210 3133 1443 3190 provinciis
1465 3152 1474 3178 :
1498 3141 1574 3178 niz·
1601 3139 1713 3180 bima
1740 3139 1901 3181 Nostro
1924 3141 2058 3185 Trist.

1211 3197 1282 3240 lib.
1304 3197 1394 3251 III,
1415 3198 1536 3256 Eleg.
1554 3213 1603 3253 x,
1626 3217 1684 3243 vs.
1707 3200 1779 3254 16;
1800 3206 1951 3247 bimum
1967 3222 2057 3248 me-

1212 3280 1298 3306 rum
1323 3264 1534 3320 Horatio,
1556 3265 1628 3309 lib.
1654 3267 1673 3310 I
1697 3301 1709 3321 ,
1743 3267 1832 3313 Od.
1855 3284 1934 3313 xtx
1950 3304 1962 3326 ,
1995 3289 2057 3316 vs.

1218 3330 1267 3372 16
1285 3347 1294 3381 ;
1316 3338 1360 3372 et
1380 3334 1491 3372 bima
1501 3330 1649 3384 fronte
1672 3337 1826 3377 vitulus
1846 3335 2031 3393 Virgilio
2045 3370 2058 3391 ,

1216 3392 1289 3436 lib.
1309 3394 1396 3449 IV,
1415 3393 1579 3452 Georg.
1595 3413 1689 3456 ²99·
1713 3397 1879 3442 Hnms.

1728 3493 1799 3546 29
