2280 3776
403 301 862 359 TRISTIUM
911 302 1076 355 LIB.
1127 301 1237 357 IV.
1278 302 1523 358 ELEG.
1584 304 1668 356 ΙΙ.

1821 305 1919 358 163

247 419 436 495 Miles,
467 421 554 493 ἱο,
581 441 773 497 magna
801 439 963 490 voce,
994 417 1298 501 triumphe,
1330 432 1500 480 canet.

169 518 294 601 Ipse
323 541 458 577 sono
477 564 492 590 ‚
518 516 822 600 plausuque
849 512 1037 586 simul,
1067 513 1392 598 fremituque
1424 515 1709 575 canentum
1727 560 1742 586 ,

250 612 622 695 Quadrijugos
650 635 836 673 cernes
862 634 1004 695 saepe
1033 612 1281 672 resistere
1313 634 1502 694 equos.

169 708 302 769 Inde
334 723 487 792 petes
514 732 719 781 arcem,
752 706 977 768 delubra
1005 707 1237 768 faventia
1268 707 1440 780 votis;
1708 775 1710 778 v
1886 721 1937 760 55

251 808 327 866 Et
357 805 577 867 dabitur
606 805 800 867 merito
829 803 1010 865 laurea
1039 819 1164 864 vota
1189 804 1329 863 Jovi.

174 906 304 964 Haec
334 926 434 981 ego
462 902 777 973 submotuS‚
810 926 916 985 qua
947 923 1200 985 possum,
1230 913 1409 959 mente
1440 897 1675 960 videbo:

251 1000 443 1082 Erepti
472 999 634 1060 nobis
657 999 744 1081 jus
772 999 940 1059 habet
967 997 1060 1058 illa
1090 996 1213 1058 loci.

173 1096 273 1158 Illa
302 1119 399 1180 per
427 1095 714 1156 immensas
743 1095 1011 1178 spatiatur
1038 1092 1209 1153 libera
1241 1106 1436 1164 terras;

254 1193 320 1250 In
351 1189 538 1251 caelum
567 1189 727 1250 celeri
755 1188 999 1271 pervenit
1029 1186 1122 1247 illa
1142 1187 1272 1263 suga
1297 1211 1310 1244 ε
1890 1206 1947 1246 60

174 1284 275 1347 llla
301 1307 452 1346 meos
483 1284 674 1344 oculos
703 1282 934 1343 mediam
971 1280 1190 1342 deducit
1218 1281 1276 1339 in
1303 1279 1495 1340 urbem
1519 1325 1533 1350 ‚

257 1384 533 1442 Immunes
566 1379 704 1440 tanti
728 1403 827 1439 nec
859 1378 992 1438 sinit
1016 1401 1130 1438 esse
1157 1375 1320 1450 boni;

237 1541 301 1583 52.
325 1540 470 1595 loque,
501 1538 647 1587 Miles,
671 1541 735 1588 io,
768 1552 922 1591 magna
948 1552 1027 1578 vo·-
1098 1534 1298 1590 savcnltia
1320 1537 1443 1576 votis.
1464 1532 1700 1589 Templum
1723 1533 1844 1576 Jovis
1868 1534 1956 1576 Ca-

183 1619 248 1656 ce,
274 1606 492 1658 triumphe,
518 1610 651 1646 canet.
677 1602 727 1645 10
749 1616 831 1643 vox
847 1609 909 1644 est
930 1599 1026 1643 cla-

185 1667 343 1712 mantis
360 1700 372 1723 ‚
402 1682 486 1724 qua
512 1664 853 1723 triumphantem
886 1663 1029 1722 impe-

185 1743 376 1778 ratorem
389 1732 597 1776 exercitus
608 1746 793 1787 sequens
803 1729 1005 1773 utebatur
1015 1746 1027 1782 3

186 1798 286 1843 vide
309 1799 463 1842 Horat.
482 1796 564 1853 IV,
589 1794 676 1839 od.
698 1809 735 1838 11
751 1828 762 1850 ,
781 1797 862 1852 49:
889 1812 909 1831 «
934 1794 1030 1837 Tu-

189 1881 272 1921 que
299 1863 405 1906 dum
428 1861 623 1919 procedis
638 1895 649 1915 ,
678 1863 727 1905 10
745 1893 756 1915 ‚
780 1859 1025 1916 triumphe,

188 1930 294 1973 Nou
304 1927 438 1972 semel
455 1927 646 1971 dicemus
659 1958 672 1980 ,
691 1927 763 1980 lo,
782 1922 1000 1981 triumphe
1016 1956 1028 1977 ,

192 1992 356 2038 Civitas
387 1991 530 2036 omnis
553 2025 566 2048 ,
603 1990 884 2046 dabimusque
909 1988 1031 2034 Divis

190 2058 311 2106 Tura
331 2057 542 2115 benignis.
565 2075 587 2095 »

245 2123 311 2168 53.
325 2124 424 2179 Ipse
441 2137 546 2166 sono
557 2155 567 2174 ‚
580 2124 822 2178 plausuque.
838 2121 953 2164 Nam
969 2120 1032 2165 ci·-

192 2186 492 2235 tharoedorum
515 2203 562 2231 ac
580 2187 782 2231 tibiarum
805 2186 932 2230 turba
946 2218 959 2239 ,
980 2184 1033 2229 ad

193 2254 420 2301 Hetrusca
430 2251 756 2298 similitudinem
768 2251 1034 2309 pompae,im-

193 2327 440 2375 peratorem
454 2317 768 2376 praecedebant.
788 2317 849 2361 Hi
865 2318 1032 2360 succin-

196 2383 274 2438 cti,
293 2383 551 2439 coronisque
570 2383 710 2429 aureis
722 2383 911 2431 redimiti
923 2414 936 2436 ‚
957 2398 1037 2426 suo

195 2447 374 2504 quisque
392 2446 547 2492 ordine
565 2445 792 2502 psallentes
810 2455 1040 2490 canentes-

199 2528 283 2568 que
305 2511 550 2569 prodibant.
564 2514 879 2567 -Fremituque
898 2514 1042 2554 calen-

200 2585 275 2620 tes.
291 2579 521 2621 canentum
536 2593 598 2634 pr.
611 2575 735 2618 Polit.
749 2591 813 2630 pr.
827 2575 963 2617 Vatic.
977 2591 1041 2631 pr.

204 2641 295 2685 Pal.
309 2649 352 2684 et
367 2657 438 2684 sex
453 2639 519 2684 alii
535 2659 544 2692 ;
568 2649 683 2684 recte
704 2656 713 2682 :
733 2639 820 2681 duo
835 2648 1042 2682 canentes.

203 2704 476 2750 Combianus
489 2721 580 2748 non
594 2705 704 2747 male
714 2713 923 2759 paventes.
943 2705 1002 2746 H.

251 2773 533 2827 54.Besistere
540 2787 678 2827 equos.
688 2771 902 2826 Propertii
917 2786 1045 2812 aemu-

206 2835 310 2879 latio
325 2867 337 2889 ,
352 2836 423 2892 qui
438 2834 508 2878 lib.
525 2835 592 2879 Ill
611 2867 622 2887 ,
641 2834 706 2877 El.
725 2847 781 2875 111
794 2866 805 2887 ,
826 2850 885 2876 vs.
911 2835 959 2887 14
974 2849 1045 2888 sq:

213 2916 235 2936 a
250 2899 353 2956 Qua
364 2899 534 2942 videam
550 2932 560 2952 ,
585 2898 726 2956 spoliis
747 2907 928 2940 onerato
947 2897 1049 2940 Cae-

151 3008 154 3014 .
214 2963 318 3007 saris
332 2980 404 3008 axe
418 2997 430 3019 ,
452 2964 522 3008 Ad
535 2964 651 3022 vulgi
669 2965 839 3021 plausus
856 2980 965 3019 saepe
985 2979 1051 3005 re-

217 3028 363 3072 sistere
387 3045 530 3085 equos.
552 3047 575 3068 u

274 3095 340 3136 55.
366 3095 470 3135 Inde
481 3101 597 3147 petes
613 3110 772 3148 arcem,
805 3102 847 3136 et
870 3095 1053 3137 delubra.

220 3157 344 3202 Tolle
363 3162 405 3202 τὲ
419 3166 462 3200 et
477 3174 577 3201 cum
597 3167 760 3214 septem
782 3159 946 3214 scriptis
961 3175 971 3203 ;
988 3157 1056 3201 sa-

221 3222 398 3265 miliaris
415 3222 575 3265 Nostro
587 3222 819 3278 adpositio;
838 3223 896 3265 sic
915 3221 1051 3277 infra,

224 3286 290 3330 El.
305 3299 351 3329 ιν
366 3319 378 3340 ,
399 3286 451 3330 83
468 3319 479 3340 ,
503 3302 553 3329 ex
569 3286 752 3343 antiquis
764 3287 880 3330 libris
893 3303 903 3330 ι
917 3305 938 3324 «
951 3289 1059 3331 Haec

221 3351 358 3408 regio,
369 3351 514 3408 magni
533 3350 766 3408 penetralia
779 3351 946 3394 mundi.
963 3370 984 3390 »
999 3353 1059 3398 H.

223 3439 278 3450 ·--·
291 3419 451 3462 Arcem
473 3416 802 3474 Capitolium.--
813 3420 875 3462 Et
891 3421 1062 3463 delubra

1109 1598 1303 1655 photini,
1328 1599 1400 1654 qui
1430 1599 1533 1641 savit
1554 1599 1662 1643 votis
1685 1600 1957 1656 imperatoris

1110 1663 1163 1706 ad
1185 1663 1348 1706 bellum
1366 1661 1561 1706 exeuntis
1579 1695 1591 1717 ,
1617 1672 1661 1706 et
1688 1663 1834 1720 populi
1861 1665 1962 1708 Ro-

1110 1728 1244 1772 mani.
1263 1728 1394 1771 Mun.

1166 1793 1232 1837 56.
1254 1794 1420 1836 laurea
1439 1802 1539 1835 vota
1557 1794 1668 1836 Iovi.
1692 1796 1810 1836 Vitta
1830 1803 1962 1837 uter-

1112 1874 1196 1916 que
1209 1857 1336 1902 Ponit.
1353 1857 1478 1914 prim.
1496 1858 1630 1901 Palat.
1642 1859 1853 1914 multique
1870 1857 1961 1901 alii:

1111 1923 1237 1981 prim.
1251 1923 1390 1966 vatic.
1406 1923 1964 1979 laumajuncta;.1unianus

1111 2000 1157 2035 et
1179 1991 1362 2035 Putean.
1386 1994 1535 2032 laurea
1553 1996 1665 2033 serta
1686 2003 1701 2040 ,·
1737 1989 1867 2033 Trist.
1892 1990 1958 2039 Il,

1118 2076 1134 2102 ι
1145 2075 1194 2115 7²
1210 2074 1219 2101 ε
1233 2076 1253 2095 «
1271 2059 1413 2102 Ponet
1424 2067 1469 2102 et
1482 2058 1525 2101 in
1542 2057 1680 2102 nitida
1693 2057 1837 2101 laurea
1847 2066 1963 2101 serta

1113 2138 1239 2167 coxna
1262 2140 1272 2174 ;
1299 2141 1318 2161 υ
1342 2124 1472 2167 Pont.
1497 2124 1596 2177 ιιι,
1630 2123 1750 2177 Eleg.
1776 2136 1849 2175 ιν,
1880 2123 1962 2165 63;

1117 2207 1138 2227 «
1160 2187 1284 2245 Quid
1303 2187 1467 2232 mirum
1481 2221 1493 2241 ,
1515 2188 1638 2231 sertis
1658 2187 1864 2230 exhausto
1881 2186 1965 2229 sso-

1114 2255 1234 2299 ribus
1253 2254 1384 2301 horto
1402 2288 1413 2308 ,
1440 2255 1487 2298 Si
1512 2254 1622 2298 duce
1649 2269 1740 2296 non
1763 2253 1876 2296 sacta
1901 2262 1965 2297 est

1117 2319 1248 2377 digna
1260 2335 1422 2364 corona
1435 2319 1544 2363 suo?
1556 2337 1578 2357 »
1593 2319 1658 2362 Ita
1670 2327 1793 2362 vetus
1805 2318 1940 2362 codex
1952 2335 1964 2369 ;

1118 2383 1341 2436 Lucanus,
1367 2383 1438 2426 lib.
1460 2384 1527 2426 X:
1544 2399 1566 2419 «
1584 2381 1816 2438 Accipiunt
1832 2391 1966 2425 sertas

1119 2447 1259 2491 nardo
1282 2447 1470 2491 florente
1492 2462 1674 2491 coronas
1694 2464 1704 2498 ;
1723 2465 1745 2484 ²·
1766 2448 1967 2504 Propert.

1119 2511 1191 2555 lib.
1214 2512 1285 2565 ll,
1314 2512 1434 2568 Eleg.
1456 2524 1605 2554 xxxnl
1627 2529 1636 2554 :
1660 2529 1680 2548 «
1711 2511 1867 2568 Quum
1896 2521 1970 2554 tua

1121 2576 1406 2632 praependent
1422 2575 1617 2620 demissae
1635 2575 1679 2618 in
1703 2576 1853 2632 pocula
1875 2592 1969 2619 ser-

1124 2651 1199 2693 tae3
1218 2660 1239 2679 »
1258 2658 1437 2686 coronas
1453 2643 1725 2699 subintellige
1743 2660 1752 2685 :
1775 2643 1832 2686 ita
1847 2643 1968 2685 enim

1125 2705 1348 2750 Charisius
1368 2707 1468 2764 legit
1485 2740 1497 2759 ,
1528 2717 1571 2750 et
1592 2718 1784 2751 vetustus
1807 2708 1941 2751 codex
1956 2740 1967 2761 ,

1126 2787 1212 2826 quo
1225 2772 1404 2827 Neapoli
1417 2789 1514 2814 sum
1524 2788 1643 2817 usus:
1660 2790 1747 2815 non
1763 2780 1838 2815 tua
1847 2781 1971 2816 serta.

1127 2835 1360 2878 Cornelius
1375 2836 1560 2879 Severus
1579 2854 1588 2879 ε
1609 2856 1629 2874 κ
1645 2838 1744 2879 Huc
1756 2837 1872 2890 ades,
1889 2837 1970 2879 Ao-

1128 2901 1200 2942 nia
1215 2901 1381 2943 crinem
1400 2900 1665 2944 circumdata
1683 2901 1829 2944 serta?
1848 2921 1868 2938 »
1884 2901 1973 2944 Hic

1130 2975 1278 3009 tamen
1297 2970 1337 3009 eo*
1356 2970 1498 3010 laurea
1512 2978 1612 3010 vota
1631 2985 1721 3011 non
1742 2978 1908 3011 temere
1928 2969 1976 3011 in

1132 3031 1258 3072 aliam
1286 3030 1517 3074 lectionem
1542 3033 1816 3075 mutandum.
1844 3033 1904 3075 H.
1921 3055 1975 3064 —

1133 3099 1300 3140 Laurea
1327 3105 1438 3139 vota.
1464 3098 1517 3140 In
1543 3097 1808 3154 Capitolium
1840 3114 1978 3154 quum

1134 3170 1245 3205 esset
1255 3169 1434 3204 ventum
1449 3194 1460 3213 ,
1484 3161 1720 3217 imperator
1733 3162 1870 3206 victor
1883 3163 1979 3206 Diis

1137 3227 1289 3282 gratias
1301 3226 1518 3281 conceptis
1530 3227 1669 3270 verbis
1683 3228 1844 3284 agebat.
1858 3229 1978 3271 Tum

1136 3292 1320 3335 victimae
1338 3291 1616 3336 caedebantur
1630 3327 1642 3346 ‚
1665 3303 1707 3337 et
1721 3310 1882 3338 corona
1899 3311 1980 3338 au-

1137 3372 1227 3410 rea,
1237 3372 1336 3399 cum
1353 3356 1548 3412 pretiosis
1556 3353 1771 3402 manubiis
1779 3368 1824 3402 et
1836 3358 1979 3415 spoliis

1138 3419 1415 3477 opimis‚Jovi
1424 3422 1684 3476 sacrabatur,
1695 3431 1740 3466 et
1751 3424 1798 3466 in
1813 3439 1885 3479 gre
1891 3423 1981 3466 mio
