2280 3776
292 286 398 337 280
757 287 818 338 P.
871 286 1163 341 OVIDII
1207 286 1581 345 NASONIS

294 443 447 462 l

851 553 1364 625 EPISTOLA
1406 557 1487 626 V.

1064 691 1250 707 mm

954 860 1373 922 MAXIMO.

874 1158 1466 1210 ARGUMENTUM.

292 1286 362 1331 Ad
386 1287 630 1330 Maximum
660 1285 848 1329 scribens
879 1295 1032 1342 poeta,
1063 1286 1183 1328 illum
1217 1285 1449 1335 admonet,
1483 1301 1540 1328 ne
1567 1284 1779 1339 miretur,
1809 1285 1842 1328 si
1871 1300 2047 1329 carmen

343 1358 489 1401 minus
510 1358 679 1413 elegans
709 1364 753 1398 et
777 1356 988 1399 incultum
1010 1354 1272 1406 offenderim
1305 1354 1518 1410 siquidem
1535 1363 1598 1398 tot
1616 1354 1735 1398 malis
1757 1363 1801 1398 et
1813 1355 1896 1398 situ
1917 1356 2048 1410 inge-

347 1430 471 1472 nium
492 1444 742 1484 oppressum
762 1460 773 1482 ,
807 1443 898 1469 non
923 1428 1054 1482 possit
1072 1442 1125 1468 eo
1154 1426 1292 1469 calore
1323 1425 1544 1484 insurgere
1563 1459 1574 1480 ,
1603 1442 1688 1482 quo
1715 1426 1831 1482 prius
1853 1443 1863 1470 ε
1891 1425 2049 1469 deinde

347 1502 501 1555 docet,
534 1516 639 1553 cur,
674 1498 868 1556 quamvis
902 1498 979 1540 sibi
1014 1497 1203 1541 carmina
1235 1498 1492 1551 nocuerint,
1524 1507 1671 1541 tamen
1706 1498 1845 1542 adhuc
1882 1498 2048 1542 scribat.

346 1573 573 1615 Postremo
596 1569 823 1613 consilium
838 1567 1035 1623 exponit,
1051 1566 1129 1611 cur
1146 1583 1237 1611 non
1255 1577 1438 1612 conetur
1456 1567 1598 1611 facere
1611 1568 1826 1624 optimum
1843 1583 2019 1612 carmen
2031 1599 2046 1622 ‚

341 1651 385 1686 et
408 1640 510 1683 illud
533 1639 682 1696 polire.

290 1772 466 1855 ILLE
495 1806 618 1852 tuos
649 1790 920 1873 quondam
947 1814 1062 1849 non
1089 1787 1314 1871 ultimus
1340 1789 1483 1850 inter
1511 1789 1742 1862 amicOS‚

371 1892 446 1948 Ut
475 1913 570 1948 sua
597 1888 761 1946 verba
789 1886 935 1970 legas
954 1933 968 1952 ,
1001 1873 1268 1958 Maxime,
1296 1888 1441 1946 Naso
1466 1901 1657 1963 rogat:

286 1989 352 2046 In
383 1984 584 2066 quibus
615 1973 887 2071 ingentium
919 1981 1117 2063 desiste
1142 1981 1415 2062 requirere
1443 1995 1727 2055 nostrum,

366 2079 592 2139 Nescius
622 2077 792 2137 exsilii
821 2101 890 2137 ne
916 2077 1129 2135 videare
1155 2075 1277 2135 mei.

293 2176 514 2246 CerniS‚
544 2190 604 2234 ut
634 2159 1267 2256 ignavum⁵corrumpant
1293 2172 1402 2232 otia
1429 2195 1630 2255 corpus
1655 2196 1668 2244 ;
2021 2160 2045 2228 5

374 2274 449 2331 Ut
476 2272 692 2354 capiant
718 2271 910 2331 vitium
927 2271 1029 2343 ,ni
1056 2283 1402 2339 moveantur,
1431 2292 1598 2351 aquae.

287 2370 362 2429 Et
390 2366 552 2438 mihi,
583 2368 625 2427 si
661 2367 786 2450 quis
816 2381 958 2438 erat,
990 2366 1222 2426 ducendi
1252 2365 1503 2426 carminis
1531 2385 1674 2426 usus·

369 2465 597 2536 Deficit,
632 2480 819 2547 estque
850 2465 1031 2525 minor
1059 2464 1231 2524 factus
1260 2464 1431 2524 inerte
1463 2463 1589 2524 situ.

290 2561 421 2619 Haec
447 2585 690 2642 quoque,
723 2584 842 2642 quae
870 2559 1048 2639 legitis
1067 2606 1081 2631 ‚
1113 2560 1158 2620 si
1187 2558 1319 2641 quid
1348 2558 1507 2630 mihi,
1543 2556 1813 2629 Maxime,
1842 2555 2039 2624 crediS‚

370 2656 671 2716 Scribimus
701 2656 895 2728 invita,
925 2657 1120 2738 vixque
1151 2671 1330 2716 coacta
1350 2702 1365 2727 ‚
1391 2678 1569 2715 manu.
1995 2683 2042 2711 ιο

286 2756 416 2813 Non
444 2753 580 2813 libet
604 2753 662 2812 in
692 2752 826 2813 tales
854 2753 1094 2812 animum
1122 2751 1445 2813 contendere
1474 2774 1629 2811 curas
1646 2796 1662 2822 ‚

340 2913 378 2938 2.
401 2896 465 2937 Ut
479 2911 558 2938 sua
577 2898 712 2938 verba.
741 2894 955 2951 Quamvis
973 2894 1125 2938 exsulis
1265 2912 1279 2936 ι
1291 2910 1325 2938 1.
1346 2893 1542 2935 Animum
1563 2893 1811 2935 contendere.
1835 2893 2044 2935 Diverlere

286 2968 331 3004 et
350 2959 546 3003 habentis
567 2959 782 3002 Caesarem
801 2959 976 3002 iratum.
998 2959 1047 3001 P.
1206 2957 1324 3001 Petri
1340 2956 1480 3000 Servii
1497 2956 1642 3000 codex.
1665 2958 1795 3000 Forte
1814 2961 1954 2999 animo
1970 2960 2044 3000 de-

345 3043 380 3082 7.
400 3026 470 3068 Sic
491 3028 603 3069 mihi.
624 3027 655 3065 Ns
668 3034 805 3068 eteres
818 3026 876 3067 Et
895 3027 1008 3067 mihi.
1028 3024 1088 3065 H.
1204 3018 1378 3074 vertere3
1401 3021 1453 3064 de
1475 3037 1560 3077 quo
1576 3021 1687 3065 Met.
1703 3022 1843 3075 VIII,
1860 3039 1918 3064 vs.
1942 3022 2042 3064 188:

342 3106 406 3131 10.
432 3091 653 3132 Scribimus
679 3093 808 3133 invita
821 3123 832 3140 ‚
857 3093 1006 3146 vixque
1027 3105 1122 3130 mo-
1203 3086 1263 3129 nil
1286 3095 1430 3130 tamen
1450 3095 1612 3129 temere
1633 3086 1908 3129 mutandum.
1928 3087 2044 3128 H.-

287 3162 399 3198 vente
416 3172 552 3198 manu.
575 3159 733 3211 Vixque
756 3164 902 3199 coacta
923 3155 1122 3214 meliores
1205 3150 1330 3194 Libet
1349 3150 1527 3207 quidem
1545 3150 1753 3207 adplicare
1774 3151 1968 3196 animum
1988 3151 2041 3194 ad

287 3234 439 3260 omnes
451 3235 549 3261 cum
563 3220 710 3275 primis
724 3221 1003 3271 editionibus;
1019 3218 1119 3261 Got-
1203 3215 1306 3260 tales
1326 3233 1448 3261 curas
1471 3233 1481 3260 ι
1499 3216 1571 3259 sed
1596 3233 1686 3260 non
1709 3216 1901 3260 eundem
1924 3231 2040 3259 con-

285 3283 538 3340 torphianus
560 3295 701 3340 rogata
718 3303 730 3337 ‚·
758 3303 868 3328 unus
886 3284 1121 3328 Vossianus
1203 3284 1381 3327 tendere
1400 3318 1411 3338 ,
1436 3284 1478 3326 id
1494 3293 1577 3336 est,
1602 3285 1646 3327 in
1665 3283 1816 3327 talibus
1834 3283 1944 3327 curis
1964 3281 2036 3325 ad-

285 3357 443 3393 notata.
459 3349 569 3391 Puto
584 3364 594 3390 :
616 3367 634 3385 α
647 3350 881 3392 Scribimus
894 3351 1042 3404 invita,
1053 3348 1120 3390 vix
1201 3358 1344 3392 curate
1359 3358 1510 3392 etcum
1526 3347 1746 3405 diligentia
1760 3347 1931 3391 versari.
1945 3346 2034 3390 Cic.

285 3421 512 3474 properata
525 3429 659 3459 manu
672 3446 685 3470 ,
702 3432 723 3453 υ
738 3414 803 3458 vel
816 3446 827 3469 ,
836 3422 1042 3470 perarata.
1059 3413 1119 3456 H.
1201 3412 1305 3458 dixit
1316 3418 1455 3458 animo
1471 3416 1718 3458 contendere.
1741 3413 1790 3457 P.
