2280 3776
457 270 566 325 EX
608 269 906 325 PONTO
947 270 1107 326 LIB.
1153 270 1268 326 IV.
1314 269 1596 326 EPIST.
1640 273 1796 327 XII.

252 426 615 445 ·—-————————

1920 274 2026 342 463

1827 431 2016 440 ——..

763 541 1275 613 EPISTOLA
1336 547 1515 617 XII.

860 849 888 875 *
924 844 1406 907 TUTICANO.

817 1145 1450 1197 ARGUMENTUM.

245 1270 381 1328 Quod
415 1270 618 1316 Tuticani
648 1286 814 1317 nomen
845 1273 1012 1331 legibus
1035 1274 1166 1319 metri
1192 1274 1515 1332 refragaretur,
1549 1274 1758 1319 hactenus
1783 1278 1953 1322 nulium
1981 1282 2019 1322 ei

295 1339 454 1385 dicasse
472 1357 517 1385 se
538 1357 715 1386 carmen
731 1375 743 1397 ,
764 1342 911 1388 scribit
932 1344 1073 1397 Nauo3
1102 1354 1262 1401 utque,
1284 1344 1442 1389 veteris
1463 1345 1662 1390 amicitiae
1678 1362 1874 1401 memor,
1891 1364 2020 1404 opem

293 1411 374 1456 sibi
393 1411 510 1457 serre
531 1412 697 1457 laboret
714 1447 726 1469 ,
747 1422 961 1470 precatur.

246 1539 423 1646 QUO
450 1565 632 1627 minus
661 1566 719 1627 in
748 1566 956 1628 nostris
990 1564 1239 1650 ponaris»,
1270 1565 1469 1639 amice,
1498 1564 1735 1634 libellis,

318 1662 576 1724 Nominis
605 1662 843 1725 efficitur
872 1663 1191 1725 conditione
1222 1663 1320 1723 tui.

238 1757 345 1819 Ast
369 1783 474 1839 ego
505 1784 620 1821 non
650 1759 819 1822 alium
848 1762 1006 1845 prius
1030 1760 1141 1821 hoc
1174 1757 1431 1838 dignarer
1456 1758 1694 1830 honore;

317 1855 421 1916 Est
449 1854 648 1940 aliquis
679 1871 934 1920 nostrum
968 1856 1013 1919 si
1044 1855 1214 1917 modo
1248 1878 1464 1916 carmen
1494 1855 1697 1917 honos.

236 1950 348 2010 Lex
377 1949 536 2033 pedis
565 1950 749 2012 officio
771 1999 785 2025 ,
815 1967 1119 2035 naturaque
1148 1952 1394 2012 nominis
1421 1950 1649 2011 obstant
1667 1999 1682 2024 ‚

316 2045 554 2130 Quaque
581 2070 731 2108 meos
763 2047 953 2121 adeam,
987 2062 1070 2108 est
1095 2045 1182 2106 via
1209 2044 1362 2107 nulla
1379 2092 1394 2117 ‚
1422 2045 1636 2107 modos·

231 2143 371 2204 Nam
397 2145 573 2228 pudet
599 2146 658 2206 in
689 2147 935 2225 geminos
961 2146 1039 2206 ita
1068 2166 1271 2206 nomen
1297 2143 1507 2204 findere
1538 2167 1729 2204 versus
1749 2192 1763 2216 ‚

258 2321 263 2326 Α
312 2242 543 2305 Desinat
568 2259 632 2308 ut
658 2245 813 2328 prior
840 2245 978 2316 hoc,
1008 2242 1347 2328 incipiatque
1377 2242 1562 2302 minor
1585 2266 1597 2302 :

233 2338 309 2398 Et
333 2339 569 2422 pudeat,
598 2340 644 2400 si
673 2354 725 2400 te
743 2386 758 2412 ‚
794 2364 900 2423 qua
931 2339 1141 2423 syllaba
1170 2353 1327 2422 parte
1355 2352 1635 2411 moratur,

278 2477 307 2506 *
316 2474 580 2520 Tuncmo.
588 2476 668 2519 Ad
680 2477 926 2519 Tuticanum
938 2490 1076 2529 unus;

233 2542 482 2585 Cutaekam‘em
496 2540 607 2594 duo;
627 2539 839 2584 Heinsius
850 2539 957 2583 oiim
969 2555 1080 2585 con—

228 2604 394 2662 jecerat
408 2636 422 2661 ,
456 2606 667 2649 Tuditano
677 2639 687 2656 ,
700 2634 701 2637 =
715 2605 835 2662 quod
863 2605 1078 2662 Sempro—

230 2670 408 2714 niorum
425 2684 672 2729 cognomen
690 2703 702 2725 ‚
730 2669 876 2714 valer.
898 2670 1079 2713 Maxim.

230 2735 357 2791 V11,-
378 2745 495 2791 Vnt,
522 2752 556 2779 1.
581 2735 721 2792 Quod
753 2751 859 2779 vero
884 2734 1077 2779 nominis

228 2801 423 2846 conditio
440 2812 534 2845 n'on
546 2802 745 2859 ⁴patiatur
762 2810 811 2844 ut
832 2801 1046 2857 exprimat
1061 2833 1074 2855 ‚

231 2865 382 2911 simffls
397 2877 462 2911 est
482 2866 754 2911 Archestrati
773 2867 1076 2922 excusatioap.

232 2931 396 2975 Athen.
427 2934 521 2977 Vll
542 2965 554 2987 ,
587 2933 613 2975 8
635 2966 646 2987 ‚
687 2933 761 2988 qui
791 2932 953 2988 piscem
974 2964 986 2987 ,
1026 2931 1075 2974 in

231 2997 439 3042 Maeotide
449 3007 494 3041 et
504 2998 650 3042 Ponto
662 2997 942 3054 frequentem
955 3030 967 3051 ,
980 3013 1075 3041 non

232 3062 461 3116 nominum
487 3063 588 3119 quia
611 3067 645 3107 ἓν
665 3067 790 3127 μέτρῳ
813 3066 851 3109 οὖ
876 3065 1076 3119 θέμις-εὶ*

230 3138 322 3172 κεῖν.
343 3127 507 3172 Bistua.

284 3208 322 3234 2.
343 3193 592 3236 Condttione
621 3195 688 3234 tui
718 3195 913 3234 normam.
943 3191 1073 3235 Sorte

228 3255 293 3299 tui
320 3256 511 3300 nominis
529 3288 540 3309 ,
583 3254 701 3312 quod
727 3271 820 3298 non
853 3264 996 3312 potest
1024 3257 1072 3299 in

226 3335 354 3364 versu
374 3322 479 3377 poni
499 3319 669 3381 syliabis
684 3321 1043 3378 repugnantibus.

282 3389 318 3429 5.
336 3389 593 3442 Fortunaque
606 3390 788 3431 nominis
805 3389 962 3431 obstat.
976 3387 1073 3429 Na-

1160 2484 1331 2531 tumque
1357 2483 1532 2532 praestat
1565 2489 1668 2517 cum
1696 2473 1902 2530 Scaligeri
1939 2491 2013 2519 co-

1159 2541 1283 2593 dice-3
1306 2544 1480 2585 obstant
1491 2540 1626 2583 etiam
1642 2539 1829 2596 Regius3
1849 2550 1894 2584 et
1912 2557 2014 2584 mox

1142 2609 1312 2664 finden?
1331 2621 1413 2663 pro
1431 2609 1620 2649 scandere
1636 2621 1738 2649 cum
1761 2620 1852 2648 uno
1872 2606 2013 2649 Vatic.

1157 2680 1204 2715 et
1232 2676 1488 2727 encejoiatque
1516 2686 1690 2727 sequens
1707 2702 1721 2722 ,
1768 2686 1848 2727 pro
1879 2675 2015 2714 minor

1157 2753 1259 2782 cum
1293 2735 1576 2787 Combiano;
1611 2744 1656 2780 et
1688 2745 1875 2778 moratur
1905 2753 2006 2780 cum

1157 2803 1372 2859 plerisque
1389 2834 1401 2854 ,
1432 2816 1512 2858 pro
1532 2807 1720 2844 monetur.
1744 2801 1805 2843 H.

1214 2882 1250 2923 7.
1273 2867 1325 2908 In
1340 2869 1529 2920 geminos
1543 2879 1701 2907 versus.
1723 2865 1776 2908 In
1790 2863 1900 2907 duos
1912 2880 2010 2907 ver-

1155 2946 1227 2975 sus
1258 2945 1268 2973 :
1296 2929 1505 2986 ponendo
1538 2930 1583 2972 in
1621 2928 1737 2972 calce
1767 2928 2009 2972 hexametri

1154 3003 1327 3052 partem
1354 2995 1547 3037 nominis
1572 2995 1638 3037 tui
1667 2994 1861 3049 priorem
1883 3026 1895 3047 ‚
1925 2993 2011 3037 sci-

1154 3062 1255 3106 licet
1282 3064 1411 3105 Tuti.-
1434 3070 1479 3105 et
1506 3062 1688 3104 alteram
1717 3060 1765 3102 in
1791 3060 2006 3117 principio

1156 3126 1420 3183 pentametri
1446 3159 1459 3180 ‚
1492 3125 1651 3170 scilicet
1687 3126 1842 3168 Canus.
1863 3147 1916 3157 —
1934 3127 2006 3167 lta

1155 3194 1342 3234 scindere
1366 3207 1527 3234 nomen.
1565 3191 1633 3234 Ita
1668 3186 1834 3232 nomen
1874 3198 2001 3232 tuum

1153 3255 1405 3299 diffindere.

1206 3338 1248 3379 9.
1278 3323 1374 3374 Qua
1398 3323 1569 3378 syllaba
1582 3328 1706 3376 parte
1724 3326 1914 3363 moretur.
1937 3318 2002 3361 Ea

1153 3394 1275 3443 parte
1293 3419 1305 3439 ,
1329 3401 1415 3442 qua
1439 3385 1599 3444 syllaba
1616 3386 1894 3441 producatur.
