2268 3848
269 317 346 372 26
739 321 804 374 P.
850 321 1149 378 OVIDII
1190 320 1568 378 NASONIS

854 578 1255 704 ELEGIA
1311 636 1438 706 IV.

1031 801 1269 811 ——-

828 975 1488 1032 ARGUMENTUM.

263 1125 368 1169 Sese
406 1123 508 1168 dicit
541 1133 668 1181 poeta
699 1125 810 1169 mari
837 1125 1018 1169 tandem
1041 1124 1372 1178 concreditum,
1406 1131 1662 1179 tantamque
1695 1122 1742 1166 in
1775 1123 1903 1166 Ionio
1932 1124 2042 1166 mari

319 1208 621 1256 tempestatem
632 1210 826 1245 coortam
839 1234 852 1259 ‚
865 1210 914 1245 ut
927 1202 1005 1259 ipsi
1016 1203 1150 1246 etiam
1164 1209 1308 1244 nautae
1320 1199 1507 1244 salutem
1519 1215 1643 1243 suam
1658 1198 1995 1256 desperaverint.

265 1356 659 1444 TINGITUR*
682 1384 906 1444 Oceano
936 1398 1123 1445 custos
1153 1382 1585 1466 Erymanthidos
1612 1385 1800 1459 Ursae,

345 1478 759 1560 AEquoreasque
790 1502 891 1539 suo
924 1478 1098 1540 sidere
1129 1480 1319 1540 turbat
1346 1503 1553 1563 aquas:

262 1574 380 1634 Nos
412 1589 592 1634 tamen
620 1575 841 1636 Ionium
871 1600 984 1637 non
1017 1592 1208 1638 nostra
1237 1577 1496 1639 findimus
1526 1601 1717 1663 aequor

344 1673 589 1755 Sponte;
620 1673 715 1733 sed
745 1674 978 1735 audaces
1004 1675 1255 1754 cogimur
1284 1697 1401 1736 esse
1428 1689 1596 1735 metu.

264 1768 361 1827 Me
391 1768 650 1835 miserum
675 1770 687 1826 l
722 1769 942 1851 quantis
970 1770 1286 1831 increscunt
1316 1794 1542 1853 aequora
1568 1769 1784 1843 ventis;
2019 1786 2045 1828 5

343 1867 629 1949 Erutaque
662 1891 728 1928 ex
755 1867 880 1927 imis
904 1867 1076 1929 servet
1103 1893 1265 1930 arena
1287 1869 1439 1930 vadis
1465 1871 1478 1930 !

321 2030 357 2056 1.
391 2015 589 2069 fingitur.
624 2013 744 2058 Hinc
776 2014 1006 2058 exordium
1034 2014 1113 2058 fa-

261 2079 469 2123 ciendum
504 2096 629 2124 novae
663 2081 825 2138 Elegiae
849 2115 861 2136 ,
901 2081 1031 2139 idque
1048 2096 1114 2125 ‘ex

261 2145 350 2189 fide
378 2146 699 2204 castigatiorum
724 2147 923 2191 codicum
947 2180 958 2202 ‚
994 2147 1114 2204 quod

261 2212 408 2255 nescio
427 2211 647 2268 quomodo
665 2212 984 2272 typographicae
1007 2229 1114 2270 ope-

262 2292 322 2320 rae
341 2276 652 2333 neglexerunt,
675 2277 849 2320 monuit
869 2293 1043 2333 quoque
1065 2277 1113 2320 in

264 2339 469 2397 Epistolis
496 2340 778 2397 Tanaquillus
798 2341 952 2384 Faber.
977 2341 1037 2384 H.
1057 2363 1112 2373 ——·

265 2407 513 2450 Turbatum
529 2408 780 2465 Elegiarum
801 2407 1005 2451 ordinem
1021 2422 1112 2450 esse

261 2472 386 2516 facile
410 2472 589 2530 adparet
609 2489 619 2516 :
641 2489 747 2517 nam
767 2489 905 2530 quum
926 2472 1113 2529 primam

265 2537 479 2595 Elegiam,
493 2547 542 2581 ut
556 2539 873 2595 praefationem,
885 2536 1116 2594 praemisis-

263 2612 328 2646 set
343 2634 355 2656 ,
375 2603 496 2659 sequi
519 2602 699 2647 decebat
723 2618 820 2646 eam
838 2634 850 2657 ,
878 2616 975 2658 quae
995 2616 1117 2644 nunc

264 2668 393 2712 tertia
409 2678 496 2724 est,
514 2668 717 2713 utstatim
729 2669 930 2713 ultimam
942 2667 989 2710 in
1007 2666 1114 2710 urbe

264 2741 442 2776 noctem
455 2766 466 2788 ,
490 2742 535 2776 et
555 2749 651 2790 quae
665 2750 715 2777 ea
732 2741 848 2791 gesta
862 2740 963 2776 sunt
977 2765 988 2785 ,
1010 2746 1116 2774 nar-

265 2805 355 2848 ret3
373 2795 531 2840 deinde
548 2797 781 2841 succedere
796 2796 981 2840 debebat
996 2795 1088 2838 haec
1102 2827 1114 2849 ,

272 2864 480 2918 Pingitur,
507 2873 587 2907 etc.
610 2879 706 2921 quae
728 2873 878 2907 narrat
899 2862 1010 2920 quid*
1026 2862 1118 2918 pri-

266 2944 392 2972 mum
429 2930 631 2973 acciderit
650 2963 661 2984 ,
694 2938 924 2987 postquam
956 2944 1116 2972 navem

267 2994 596 3047 conscenderit3
621 3004 671 3038 ut
691 2996 833 3038 ventis
858 2994 1045 3039 adversis
1069 2994 1115 3036 in

265 3058 367 3102 litus
407 3059 608 3103 Italicum
646 3060 834 3115 rejectus
850 3060 1002 3105 -fuerit
1025 3078 1036 3112 ;
1072 3067 1118 3102 et

268 3133 374 3174 tunc
393 3125 515 3181 sequi
537 3125 722 3169 debebat
741 3157 752 3179 ,
775 3141 871 3186 quae
891 3141 1012 3169 nunc
1035 3142 1115 3169 se·-

267 3187 412 3230 cunda
433 3197 521 3244 est,
547 3190 613 3231 Di
627 3193 758 3233 marth?
783 3198 825 3235 et
848 3199 961 3233 terroe
976 3224 986 3239 ‚
1021 3205 1117 3246 quae

270 3259 575 3307 tempestatem
591 3286 602 3306 ,
626 3269 710 3309 qua
725 3253 906 3309 jactatus
919 3254 1025 3308 fuit,
1042 3252 1118 3301 ‹le-

268 3317 415 3360 scribit
430 3317 728 3361 miserabiliori
748 3319 941 3362 carmine
955 3351 967 3373 ,
984 3333 1116 3375 quam

270 3392 319 3425 ut
338 3382 579 3426 verosimile
590 3383 659 3436 sit,
675 3383 721 3424 in
731 3383 829 3425 navi
842 3391 931 3425 tam
946 3398 1119 3439 quassa-

270 3456 329 3505 ta,
347 3447 399 3494 de
415 3463 467 3494 ea
483 3446 681 3492 facienda
696 3447 884 3505 potuisse
903 3447 1089 3503 cogitare
1104 3478 1116 3502 ,

1195 2021 1278 2064 nisi
1293 2021 1515 2064 Nasonem
1537 2018 1757 2076 Eumolpo
1776 2017 2046 2063 Petroniano

1194 2087 1383 2132 similem
1412 2085 1629 2143 fingamus
1649 2117 1662 2138 ,
1694 2084 1765 2129 cui
1795 2085 1970 2129 vacabat
1999 2085 2046 2128 in

1195 2151 1350 2196 vicinia
1368 2150 1521 2195 mortis
1538 2166 1686 2193 versus
1701 2149 1858 2193 facere.
1882 2151 2046 2193 Bunm.

1249 2243 1289 2267 2.
1317 2218 1476 2260 Turba!
1493 2231 1640 2272 aquas.
1655 2214 1834 2259 Arcturi
1847 2213 1967 2258 enim
1981 2229 2048 2256 or·

1195 2291 1265 2325 tus
1281 2290 1326 2325 et
1344 2297 1517 2326 occasus
1537 2279 1805 2338 gravissimas
1825 2278 1910 2323 ciet
1931 2286 2048 2322 tem-

1193 2355 1391 2405 pestates.
1412 2347 1597 2390 Blmsiu.

1248 2413 1287 2455 3.
1306 2413 1521 2455 Findimus
1536 2425 1695 2465 oequor:
1711 2407 1834 2465 Virg.
1858 2409 1918 2461 V,
1946 2409 2044 2463 142:

1196 2496 1219 2516 α
1235 2476 1470 2521 Infindunt
1480 2474 1642 2533 pariter
1650 2473 2045 2528 sulcos,t0tumque

1194 2541 1375 2585 dehiscit
1395 2539 1671 2584 convulsum
1685 2537 1818 2581 remis
1837 2570 1848 2591 ,
1866 2535 2046 2579 rostris-

1196 2623 1280 2664 que
1310 2606 1570 2650 tridentibus
1599 2620 1760 2662 aequor.
1791 2621 1813 2640 »
1838 2601 1975 2658 Quod
2002 2610 2047 2645 et

1196 2671 1409 2716 historicis
1426 2670 1656 2721 familiare3
1676 2668 1867 2721 Liv.111,
1880 2667 1905 2709 8
1919 2669 2047 2710 ;ΡΙιι-

1195 2740 1313 2779 rimis
1325 2752 1521 2780 remorum
1539 2736 1753 2778 ordinibus
1762 2735 2048 2776 scindentibus

1197 2804 1388 2844 vortices.
1417 2799 1565 2843 Etiam
1591 2798 1644 2842 de
1662 2813 1764 2844 aere
1784 2813 1794 2840 ι
1823 2798 2046 2852 Liquidum

1196 2869 1402 2909 talaribus
1417 2882 1519 2908 aera
1517 2867 1664 2922 findit.
1686 2859 1822 2919 Quod
1838 2879 1889 2906 ex
1909 2863 2044 2905 Hom.

1199 2928 1357 2989 Odyss-
1385 2938 1414 2973 Γ
1430 2961 1441 2983 ,
1466 2944 1575 2972 vers.
1606 2931 1683 2984 174
1705 2944 1716 2971 :
1745 2931 1908 2982 Πέλαγος
1927 2929 2044 2982 μέσον

1197 2997 1355 3050 τέμνειν.
1380 2993 1437 3036 Et
1455 2992 1615 3052 Odyss.
1632 3001 1687 3046 E,
1711 3008 1820 3035 vers.
1846 2993 1929 3050 409
1942 3007 1952 3034 2
1966 2997 2047 3036 Καὶ

1202 3066 1248 3111 δὴ
1269 3062 1354 3103 τόδε
1374 3064 1518 3113 λαῖτμα
1545 3059 1760 3117 &instigas
1789 3058 1962 3117 ἐπέρησα.
1986 3055 2044 3098 Et

1200 3123 1358 3183 Odyss.
1371 3139 1430 3166 vs.
1450 3123 1503 3164 88
1525 3116 1617 3172 τᾲς
1633 3124 1652 3172 ἦ
1671 3124 1795 3183 ῥίμφα
1810 3123 1955 3164 ,θέουσα
1971 3129 2044 3164 Soe-

1198 3191 1342 3239 λάσσης
1362 3191 1488 3243 κύματ
1506 3190 1653 3242 ἔταμεν.

1255 3257 1293 3298 5.
1319 3255 1499 3308 Quantis
1514 3256 1752 3308 nigrescunt
1766 3266 1930 3308 aequora
1943 3267 2045 3294 ven-

1198 3323 1268 3364 tis.
1295 3320 1540 3361 Increscunt
1570 3315 1728 3360 rectius
1757 3314 1886 3358 multi
1912 3322 2043 3358 vete-

1198 3397 1313 3425 rum.
1338 3382 1505 3425 Hssms.

1251 3446 1292 3488 6.
1315 3446 1526 3502 Erutaque
1547 3460 1601 3488 ex
1626 3447 1736 3488 imit.
1768 3442 1889 3487 Talia
1910 3449 2040 3496 sunt,
