2280 3776
478 293 921 351 TRISTIUM
961 294 1122 348 LIB.

1167 293 1276 349 lv.
1323 294 1566 349 ELEG.
1613 298 1738 349 111.
1890 297 1988 372 167

316 414 554 474 Hectora
580 408 892 472 Thessalico
919 408 1057 469 vidit
1082 410 1151 469 ab
1184 432 1279 470 axe
1305 410 1439 494 rapi.
1939 430 1992 470 30

237 509 389 590 Quid
420 524 597 569 tamen
624 508 740 590 ipse
769 528 983 589 precer,
1014 505 1240 577 dubito;
1268 530 1366 568 nec
1394 506 1570 567 dicere
1596 528 1850 589 possum,

315 606 606 666 Adfectum
637 625 798 686 quem
830 617 882 664 te
911 604 1109 664 mentis
1138 601 1336 663 habere
1364 602 1540 663 velim.

234 703 432 763 Tristis
459 703 556 762 es?
584 700 871 779 indignor,
907 700 1058 783 quod
1089 722 1207 761 sum
1241 700 1342 760 tibi
1373 698 1805 761 causandoloris:

313 802 443 859 Non
474 799 572 858 es?
600 813 664 859 ut
689 796 886 858 amisso
918 797 1150 878 conjuge
1183 797 1346 875 digna
1376 797 1539 856 fores,

235 896 321 955 Tu
350 918 478 956 vero
513 907 604 955 tua
634 894 826 956 damna
858 891 1010 964 dole,
1038 893 1323 954 mitissima
1354 893 1549 973 conjux
1568 939 1583 965 ‚
1947 909 2000 951 35

315 992 557 1074 Tempus
589 1005 642 1050 et
669 1015 698 1050 a
727 991 935 1051 nostris
967 989 1118 1067 exige
1148 990 1299 1050 triste
1329 988 1515 1058 malis;

235 1084 436 1168 Fleque
465 1110 615 1148 meos
643 1108 797 1148 casus
825 1113 837 1148 :
869 1102 951 1148 est
980 1087 1226 1170 quaedam
1253 1086 1377 1146 ssere
1409 1085 1695 1168 voluptas;

313 1183 583 1266 Expletur
613 1183 860 1266 lacrymis
892 1184 1236 1265 egeriturque
1265 1181 1441 1241 dolor.

231 1277 419 1362 Atque
446 1279 652 1339 utinam
680 1278 911 1358 lugenda
940 1278 1038 1339 tibi
1068 1301 1181 1338 non
1210 1277 1345 1348 vita,
1375 1277 1469 1338 sed
1498 1290 1640 1336 esset

314 1375 471 1435 Mors
499 1398 647 1447 mea;
678 1390 852 1436 morte
881 1375 1028 1435 sores
1058 1373 1173 1434 sola
1204 1371 1389 1433 relicta
1418 1394 1535 1431 mea
1559 1371 1572 1428 l
1952 1388 2006 1442 40

234 1468 471 1553 Spiritus
493 1468 585 1530 hic
616 1493 715 1552 per
742 1484 795 1530 te
822 1469 1025 1553 patrias
1053 1471 1252 1529 exisset
1280 1467 1339 1526 in
1367 1490 1526 1526 auras
1549 1491 1562 1539 3

315 1559 656 1650 Sparsissent
682 1565 931 1648 laerymae
954 1580 1175 1649 pectora
1204 1578 1389 1623 nostra
1420 1563 1554 1645 piae!

237 1662 616 1747 supremoque
645 1661 729 1723 die
758 1677 954 1722 notum
984 1661 1283 1745 spectantia
1316 1658 1507 1720 caelum

315 1755 606 1820 Texisseut
632 1758 789 1837 digiti
817 1757 1021 1820 lumina
1050 1773 1241 1819 nostra
1273 1757 1384 1818 tui!

238 1855 314 1914 Et
345 1855 480 1916 cinis
509 1856 567 1915 in
596 1853 809 1936 tumulo
838 1854 1053 1939 positus
1079 1855 1334 1936 jacuisset
1361 1852 1538 1925 avim,
1956 1869 2010 1925 45

317 1948 597 2033 Tactaque
621 1948 866 2010 nascenti
897 1973 1100 2032 corpus
1130 1947 1354 2009 haberet
1379 1947 1582 2007 humus
1607 1947 1620 2005 ἶ

236 2044 492 2130 Denique
522 2059 602 2121 et,
633 2060 696 2106 ut
726 2045 1015 2119 vixi„sine
1046 2045 1272 2106 crimine
1302 2058 1551 2104 mortuus
1580 2044 1784 2104 essem!

316 2141 480 2205 Nunc
507 2168 626 2206 mea
650 2143 924 2228 supplicio
954 2137 1346 2227 vita'pudenda
1377 2167 1478 2204 suo
1508 2156 1605 2203 est.

238 2242 335 2327 Me
364 2243 653 2315 miserum,
687 2243 734 2304 si
764 2257 855 2316 tu,
887 2266 1056 2326 quum
1087 2241 1281 2303 diceris
1312 2240 1513 2301 exsulis
1544 2263 1711 2311 uxor,

318 2337 535 2400 Avertis
564 2338 780 2411 vultus,
814 2354 868 2399 et
894 2339 1047 2400 subit
1074 2362 1168 2398 ora
1195 2338 1407 2398 rubor!
1958 2351 2014 2393 50

239 2431 335 2491 Me
360 2431 619 2493 miserum
636 2478 652 2505 ‚
685 2432 734 2492 si
758 2447 919 2515 turpe
949 2446 1111 2515 putas
1139 2432 1276 2491 mihi
1302 2444 1477 2514 nupta
1504 2428 1710 2501 videri}

293 2576 361 2618 3ο.
389 2576 460 2618 Ab
486 2589 570 2617 axe
600 2578 856 2618 Thessalico.
884 2575 925 2618 A
953 2591 1085 2619 curru
1163 2574 1404 2629 sralib.1V,
1420 2575 1562 2628 E1.1v,
1579 2566 1653 2618 83:
1671 2572 1851 2629 «Atque
1866 2588 2011 2616 meam

244 2639 421 2684 Achillis
444 2641 650 2685 Thessali.
672 2641 801 2684 Mssn.

295 2705 362 2760 34.
375 2708 471 2751 Non
484 2721 530 2748 es
544 2708 569 2750 ?
590 2714 638 2749 ut
654 2710 813 2749 amisso
832 2707 1007 2763 conjuge
1026 2709 1089 2749 di-

239 2771 464 2827 gnasores.
485 2773 612 2815 Meas
642 2773 790 2829 priscae
814 2773 1025 2817 editiones
1046 2780 1090 2816 et
1096 2803 1110 2836 ι

243 2836 421 2892 quidam
434 2837 577 2894 scripti
594 2854 606 2889 ς
623 2837 868 2892 unusfi’res.
892 2836 1086 2881 Carmen

243 2903 517 2948 mendosum.
539 2902 617 2948 Illa
638 2913 784 2947 autem
815 2906 965 2946 Tristis
978 2919 1025 2946 es
1044 2913 1089 2947 et

243 2969 341 3011 Non
356 2984 402 3011 cs
421 2982 500 3026 per
511 2969 906 3027 interrogationem
920 2969 1012 3025 lege
1029 2984 1039 3012 :
1054 2969 1089 3011 si

247 3032 350 3088 quid
363 3033 490 3076 video
502 3065 516 3088 ‚
538 3043 583 3077 et
599 3034 682 3077 hoc
697 3044 741 3078 ct
752 3034 956 3091 superius*
967 3033 1091 3077 disti-

247 3095 359 3139 chon
391 3096 459 3140 hic
487 3097 634 3140 denuo
663 3099 876 3143 inculcata
906 3106 1008 3141 sunt
1036 3097 1090 3140 ab

251 3160 389 3203 aliena
407 3172 554 3205 manu.
575 3161 744 3206 Hmns.

306 3227 370 3279 4¹·
405 3225 582 3280 Spiritus
602 3228 672 3268 hic
684 3242 761 3282 per
776 3233 828 3269 te.
848 3227 930 3270 Pro
948 3234 989 3270 te
1010 3243 1094 3270 co-

251 3288 333 3332 dex
362 3289 483 3332 Petri
508 3289 661 3334 Servii.
692 3290 806 3348 Lege
818 3306 946 3347 prope
965 3297 1019 3346 le,
1046 3301 1094 3336 ut

255 3355 351 3398 Art.
365 3355 464 3398 Am.
480 3356 551 3399 lib.
565 3357 650 3410 ΙΙΙ,
666 3370 706 3400 ν.
719 3360 799 3413 204
814 3357 946 3402 mvel
959 3374 1092 3416 prope

254 3427 297 3463 te
311 3428 414 3463 nato
427 3453 439 3476 ,
465 3419 603 3465 lucide
624 3419 779 3480 Cydne
792 3454 804 3477 ,
825 3438 972 3478 croco;
987 3441 1008 3462 >›
1023 3423 1096 3467 in-

1167 2648 1329 2684 terram
1348 2655 1481 2696 prope
1500 2648 1602 2682 sunt
1622 2638 1822 2681 funebria
1841 2653 1958 2681 sacra
1978 2657 2017 2680 ι».

1223 2708 1288 2761 42.
1314 2708 1495 2760 Corpora
1508 2711 1663 2747 nostra.
1674 2705 1852 2747 Pectora
1873 2701 2014 2746 Com-

1168 2773 1228 2816 bii
1247 2781 1292 2816 et
1313 2780 1400 2815 tres
1419 2771 1501 2814 alii.
1521 2771 1581 2814 H.

1227 2839 1294 2892 46.
1331 2838 1546 2891 Tactaque
1572 2839 1772 2878 nascenti.
1806 2831 2015 2877 solebant

1169 2902 1358 2948 infantes
1373 2936 1384 2957 ,
1406 2902 1533 2946 simul
1560 2918 1607 2945 ac
1626 2900 1731 2944 editi
1752 2909 1894 2944 essent
1907 2934 1917 2953 ‚
1936 2900 2017 2942 hu-

1170 2969 1231 3011 mi
1246 2967 1481 3025 deponere,
1505 2975 1549 3010 et
1566 2966 1713 3022 Opem
1735 2964 1876 3007 Deam
1900 2964 2014 3006 invo-

1170 3048 1266 3075 care
1280 3064 1291 3084 ,
1314 3044 1410 3087 quae
1428 3028 1702 3074 nascentibus
1721 3043 1849 3084 opem
1865 3027 2017 3069 ferret.

1174 3097 1300 3153 Quos
1316 3105 1460 3140 autem
1478 3096 1590 3138 alere
1611 3094 1917 3147 decreverant,
1941 3109 2015 3136 eos

1172 3163 1310 3206 humo
1333 3161 1562 3213 tollebant,
1585 3159 1654 3202 cui
1677 3158 1740 3202 rei
1761 3156 1904 3200 Deam
1929 3156 2015 3201 Le-

1175 3241 1331 3269 vanam
1350 3223 1669 3282 praeficiebant3
1691 3237 1786 3279 quae
1802 3222 1887 3265 scil.
1910 3238 2020 3279 pue-

1175 3291 1232 3334 ris
1253 3290 1305 3333 de
1327 3299 1443 3333 terra
1464 3286 1654 3331 levandis
1673 3295 1886 3344 praeesset.
1901 3287 1952 3329 P.

1229 3358 1293 3412 47.
1318 3355 1507 3410 Denique
1525 3355 1622 3396 dum
1650 3355 1751 3394 w‘xr'.
1781 3353 1841 3394 Ut
1864 3359 1906 3394 et
1929 3355 2022 3394 visi

1177 3421 1329 3479 primae
1358 3419 1570 3466 editiones
1591 3429 1636 3465 et
1655 3419 1801 3477 scripti
1825 3434 1986 3462 novem
2004 3436 2017 3470 ,³
