2280 3776
560 347 1014 404 TRISTIUM
1053 348 1214 402 LIB.
1267 348 1339 404 V.
1390 346 1632 402 ELEG.
1685 349 1734 401 I.

1928 349 2033 402 203

348 466 434 525 Tu
463 463 621 546 fletus
650 463 892 535 inhibes,
924 462 1112 523 durior
1138 462 1330 534 hoste,
1362 485 1541 523 meos:

269 562 458 641 Quum
485 561 684 623 faceret
704 560 927 622 Nioben
955 559 1151 620 orbam
1178 558 1371 620 Latoia
1395 557 1607 641 proles,

349 658 477 717 Non
507 672 684 719 tamen
713 671 768 718 et
796 657 966 718 siccas
991 656 1157 738 jussit
1185 655 1390 716 habere
1419 677 1598 735 genas.

272 755 374 814 Est
401 753 607 837 aliquid
626 801 642 827 ‚
676 752 838 815 fatale
865 752 1068 815 malum
1097 775 1196 837 per
1216 752 1377 815 verba
1403 750 1597 813 levari:

351 853 474 912 Hoc
504 851 786 936 querulam
815 853 1067 914 Procnen
1094 850 1526 935 Halcyonenque
1554 849 1700 910 facit.
1982 864 2041 904 6ο

270 950 393 1009 Hoc
421 963 566 1021 erat,
596 950 653 1010 in
682 948 862 1028 gelido
894 973 1061 1032 quare
1091 948 1368 1009 Paeantius
1398 962 1557 1008 antro

351 1045 500 1104 Voce
527 1044 780 1122 fatigaret
807 1044 1033 1105 Lemnia
1062 1067 1189 1104 saxa
1216 1067 1331 1103 sua.

269 1140 588 1220 Strongulat
617 1140 862 1203 inclusus
894 1140 1084 1213 dolor,
1116 1155 1280 1223 atque
1311 1152 1571 1199 exaestuat
1596 1138 1777 1208 intus;

350 1238 586 1317 Cogitur
613 1253 667 1300 et
695 1240 836 1300 vires
864 1237 1227 1321 multiplicare
1254 1262 1394 1299 suas.

269 1336 354 1396 Da
382 1334 593 1396 veniam
617 1336 838 1419 potius»,
871 1333 954 1395 vel
984 1349 1132 1396 totos
1162 1334 1293 1396 tolle
1321 1334 1540 1396 libellos
1563 1358 1577 1408 ;
1992 1347 2045 1388 65

325 1512 390 1556 56.
413 1512 657 1571 Tun'fletus
675 1514 848 1556 inhibes.
870 1511 1028 1569 Scripti
1056 1514 1120 1555 Tu

270 1577 362 1621 sine
383 1575 736 1635 interrogationis
755 1585 874 1620 nota.
897 1576 1062 1621 Hssms.

327 1641 390 1695 57.
422 1641 554 1695 Quum
570 1638 740 1695 faceret
765 1642 927 1685 Nioben
965 1643 1119 1683 orbam.

275 1706 414 1750 Niobe
430 1740 443 1762 ‚
465 1707 639 1752 Tantali
661 1705 770 1762 filia,
787 1706 871 1751 fuit
891 1723 1015 1752 soror
1034 1708 1122 1751 Pe-

273 1770 380 1827 lopis
395 1803 407 1825 ,
430 1780 474 1815 et
495 1771 756 1830 Amphionis
778 1787 912 1827 uxor,
935 1788 1030 1829 quae
1048 1788 1121 1816 se-

272 1843 389 1892 ptem
408 1835 519 1880 filios
539 1846 583 1880 et
603 1836 787 1880 totidem
801 1837 908 1881 filias
921 1838 1117 1895 peperit,

271 1915 446 1943 summo
462 1900 618 1944 decore
630 1910 895 1957 proestantes,
911 1902 1007 1946 Tali
1023 1918 1120 1958 pro-

270 1965 311 2009 le
322 1966 576 2022 superbiens
589 1967 830 2011 admodum
841 1967 1118 2025 gloriabatur,

271 2046 315 2073 se
341 2029 521 2075 Latona
542 2032 780 2088 praeferens
800 2049 988 2077 numero
1007 2033 1123 2077 filio-

272 2109 386 2138 rum.
415 2094 568 2152 Itaque
588 2096 654 2141 ira
669 2107 835 2142 motam
855 2097 1012 2142 fabulae
1029 2098 1123 2141 La-

273 2167 422 2203 tonam
439 2160 592 2206 ferunt
607 2194 620 2216 ‚
643 2163 923 2222 Apollinique
944 2173 993 2208 ut
1013 2165 1124 2210 Nio-

279 2222 356 2268 bes
375 2223 510 2281 filios,
529 2226 709 2282 Dianae,
731 2238 782 2272 ut
802 2228 911 2273 filias
931 2246 1033 2272 arcu
1053 2229 1126 2272 in-

275 2290 527 2336 terficerent
549 2325 561 2347 ,
587 2295 843 2340 mandasse:
866 2295 964 2339 vide
1002 2296 1125 2339 Ovi-

278 2354 398 2398 dium
415 2388 428 2411 ,
450 2355 749 2415 Metamorph.
762 2360 829 2403 VI
842 2392 855 2414 ,
873 2360 951 2403 301
974 2377 1066 2417 sqq.

334 2424 398 2481 59.
418 2423 501 2472 Per
533 2427 660 2467 verba
680 2428 827 2468 levare.
842 2427 1128 2470 Levan‘malo

278 2501 378 2529 cum
392 2501 482 2529 uno
494 2487 706 2531 Patavino
721 2504 731 2531 z
747 2487 984 2545 pauloante
993 2490 1126 2532 etiam

277 2551 513 2610 legendum
535 2556 647 2598 Num
658 2565 798 2599 tamen
818 2571 898 2611 pro
915 2557 1024 2599 Non.
1041 2555 1102 2598 H.

331 2617 398 2660 60.
409 2620 504 2662 Hoc
514 2622 739 2674 querulam.
751 2619 911 2663 Malim
921 2621 1017 2663 Hoc
1028 2635 1132 2675 que-

278 2684 406 2723 rulas.
414 2681 476 2724 H.
487 2685 647 2726 —Hoc
648 2682 770 2738 facit
781 2693 861 2727 etc.
881 2684 990 2727 Haec
1003 2699 1130 2726 causa

277 2745 404 2800 facit,
424 2755 474 2790 ut
493 2748 665 2792 Procne
683 2748 868 2805 querulo
884 2758 1016 2793 cantu
1037 2748 1128 2792 do·—

278 2810 421 2856 lorem
433 2811 547 2857 levet
562 2829 572 2856 :
585 2830 679 2871 quae
691 2814 773 2858 suit
787 2814 874 2860 filia
890 2813 1132 2858 Pandionis

280 2876 394 2932 regis
411 2876 754 2922 Atheniensium
770 2896 783 2931 ;
801 2879 901 2922 vide
916 2879 1002 2922 fab.
1016 2877 1130 2936 apud

285 2939 418 2983 Ovid.
435 2941 620 2987 Metam.
635 2943 700 2988 VI
718 2953 762 2988 et
781 2944 846 2988 XI
862 2961 873 2995 ;
896 2953 941 2987 et
956 2944 1134 3000 Apollo-

283 3004 378 3046 dor.
395 3004 466 3048 lib.
479 3006 908 3068 HLHaIcyonasque.
931 3008 1070 3068 Ceyx,
1087 3009 1132 3051 fi-

284 3070 366 3114 lius
378 3070 588 3128 Luciferi,
607 3074 758 3120 habuit
767 3077 1003 3134 conjugem
1020 3075 1134 3119 Hal-

286 3151 396 3194 cyon
403 3151 490 3190 em,
499 3153 522 3179 a
532 3154 616 3194 qua
632 3155 770 3195 quum
783 3141 1027 3197 prohibitus
1037 3141 1133 3184 ivis·

287 3209 353 3245 set
374 3201 427 3244 ad
449 3203 764 3248 consulendum
800 3206 1050 3262 Apollinem
1078 3206 1133 3250 de

285 3274 400 3308 statu
414 3266 537 3323 regni
545 3267 611 3310 sui
623 3301 635 3322 ,
654 3269 876 3328 naufragio
888 3271 1030 3327 periit.
1040 3270 1136 3314 Cu-

289 3331 358 3385 jus
371 3348 526 3389 corpus
536 3349 671 3389 quum
681 3334 733 3377 ad
743 3349 923 3379 uxorem
939 3337 1137 3396 Halcyo-

291 3410 395 3438 nem
417 3396 609 3441 delatum
631 3399 782 3443 fuisset
796 3433 807 3454 ,
831 3401 901 3444 illa
922 3417 967 3444 se
983 3402 1137 3457 praei-

293 3459 443 3516 pitavit
466 3461 512 3504 in
533 3463 719 3520 pelagus.
742 3464 800 3509 Et
820 3466 1013 3510 conversi
1031 3476 1136 3511 sunt

1200 1513 1330 1557 ambo
1346 1512 1391 1556 in
1414 1527 1512 1556 aves
1530 1510 1720 1554 marinas
1734 1543 1745 1564 ‚
1769 1525 1866 1566 quae
1885 1507 2052 1567 Halcy-

1200 1595 1306 1623 ones
1318 1586 1541 1621 vocantur.
1552 1574 1765 1619 Fabulam
1777 1582 1925 1618 narrat
1938 1571 2051 1617 Ovi-

1202 1644 1297 1688 dius
1315 1676 1327 1697 ,
1348 1642 1459 1687 Met.
1479 1641 1589 1685 libro
1611 1641 1704 1694 XI,
1729 1642 1803 1696 742
1822 1655 1915 1696 sqq.

1253 1709 1302 1752 δι
1311 1739 1321 1750 .
1335 1710 1387 1751 In
1401 1709 1539 1763 gelido
1551 1707 1768 1749 Paeante‘us
1781 1712 1915 1747 autm-
1930 1721 1950 1739 κ
1966 1701 2050 1746 Sa·

1199 1790 1302 1818 xum
1335 1772 1439 1817 illud
1468 1771 1705 1815 Lemnium
1724 1769 1914 1813 clamore
1934 1765 2051 1810 Phi-

1200 1839 1387 1883 locteteo
1403 1838 1655 1885 funestam
1677 1854 1698 1873 ›-
1716 1833 1809 1878 Cic.
1842 1833 1897 1876 de
1931 1831 2053 1875 finib.

1200 1904 1273 1948 lib.
1300 1904 1369 1955 11;
1392 1903 1464 1946 ubi
1496 1902 1611 1945 banc
1632 1899 1820 1943 fabulam
1850 1896 2051 1955 praeclare

1201 1969 1248 2013 in
1271 1984 1370 2014 suos
1389 1983 1490 2011 usus
1515 1965 1735 2011 transfert.
1751 1983 1772 2002 «
1789 1961 2055 2018 Contempla

1202 2032 1315 2077 hanc
1325 2032 1474 2077 sedem
1487 2065 1499 2085 ‚
1516 2031 1560 2074 in
1578 2046 1663 2087 qua
1677 2045 1757 2086 ego
1770 2043 1931 2072 novem
1945 2026 2056 2085 hye-

1203 2114 1299 2142 mes
1328 2114 1429 2142 saxo
1458 2106 1618 2141 stratus
1637 2094 1795 2153 pertuli
1813 2112 1825 2145 ς
1845 2112 1866 2130 2»
1896 2092 2057 2135 Attius.

1203 2170 1315 2214 Μηδέ
1345 2168 1544 2225 σύντροφον
1575 2160 1671 2217 ὄμμ’
1704 2165 1816 2215 'lxm-a·
1852 2154 2053 2226 Sophocl.

1205 2229 1293 2272 fab.
1309 2246 1345 2284 7.
1355 2230 1583 2272 Paeantius.
1595 2224 1860 2269 Philoctetes
1870 2222 2057 2264 Paeantis

1206 2293 1320 2336 filius
1336 2292 1457 2336 :vide
1470 2291 1603 2335 Ovid.
1614 2290 1727 2332 Met.
1739 2288 1810 2331 lib.
1826 2286 1969 2340 XIII,
1984 2286 2058 2338 45:

1209 2377 1231 2396 «
1247 2359 1350 2403 Non
1372 2367 1413 2400 te
1427 2390 1439 2410 ,
1459 2356 1655 2400 Paeantia
1677 2354 1819 2411 proles
1834 2386 1847 2407 ‚
1874 2350 2059 2407 Exposi-

1208 2432 1304 2466 tum
1314 2422 1506 2466 Lemnos
1515 2429 1667 2464 nostro
1679 2417 1970 2463 cumcrimine
1984 2414 2056 2458 ba-

1206 2489 1332 2532 beret
1346 2521 1357 2541 ,
1374 2487 1468 2544 Qui
1481 2503 1600 2530 nunc
1613 2518 1625 2540 ,
1639 2494 1689 2528 ut
1699 2491 1947 2528 memorant
1958 2515 1970 2535 ,
1984 2482 2061 2524 sil-

1208 2553 1422 2596 vestribus
1434 2552 1604 2595 abditus
1617 2549 1752 2593 antris
1764 2583 1776 2605 ‚
1790 2549 1900 2593 Saxa
1909 2562 2061 2590 moves

1210 2618 1390 2676 gemitu,
1403 2615 1728 2672 Laertiadaeque
1741 2614 1943 2673 precaris,
1952 2623 2059 2657 eta»

1263 2684 1330 2726 63.
1351 2684 1593 2738 Stmngulal
1610 2685 1799 2725 inclusus
1819 2683 1949 2723 dolor.
1964 2679 2062 2724 Os-

1210 2746 1557 2790 tenditdolorem
1566 2760 1864 2804 compressum
1873 2745 2062 2802 graviter

1210 2810 1440 2854 hominem
1457 2811 1690 2855 conficere.
1709 2813 1849 2867 Atque
1860 2816 2068 2853 aestuat

1210 2881 1336 2920 intus.
1357 2876 1543 2920 Plurimi
1562 2875 1734 2934 scripti,
1757 2885 1801 2919 et
1822 2875 1928 2918 editi
1958 2874 2063 2931 qui-

1214 2942 1315 2986 dam
1329 2977 1341 2997 ,
1362 2952 1485 3000 atque
1498 2960 1572 2987 cor
1579 2949 1762 2995 aestuat5
1780 2941 1899 2999 quod
1916 2941 2065 2983 Hein-

1213 3009 1277 3052 sio
1299 3024 1392 3051 non
1422 3009 1660 3066 probatur;
1695 3024 1800 3053 nam
1831 3015 2064 3051 aestuare

1213 3075 1354 3118 utitur
1371 3075 1545 3128 Noster,
1564 3075 1745 3117 Metam.
1757 3074 1829 3117 lib.
1843 3073 1983 3127 VIII,
2005 3089 2065 3115 vs.

1217 3142 1320 3198 559,
1339 3148 1383 3182 et·
1397 3140 1474 3197 867
1489 3156 1500 3191 ;
1516 3149 1563 3183 et
1574 3140 1628 3183 de
1638 3139 1854 3183 bitumine
1871 3169 1883 3191 ,
1904 3137 2021 3194 quod
2039 3153 2063 3179 e

1216 3214 1332 3248 terra
1342 3213 1566 3255 aestuat,
1594 3205 1626 3247 J
1629 3205 1757 3248 ustin.
1782 3203 1852 3249 lib.
1883 3204 1953 3256 11;
1982 3219 2068 3246 un-

1217 3270 1270 3312 de
1294 3270 1567 3326 eleganshaec
1579 3269 1839 3326 metaphora
1861 3268 2068 3312 illustrari

1218 3344 1314 3391 apte
1339 3344 1494 3392 posset.
1525 3357 1580 3366 ——
1614 3335 1763 3378 Ambo
1785 3336 1875 3378 mei
1897 3333 2067 3378 codices

1217 3401 1447 3445 manifeste
1463 3401 1570 3444 dant
1584 3417 1658 3445 cor
1665 3409 1841 3455 oestuat‚·
1855 3400 1971 3457 quod
1982 3399 2069 3441 for-

1219 3483 1294 3511 san
1325 3467 1484 3511 rectius
1508 3466 1626 3510 foret
1647 3476 1825 3525 propter
1851 3466 2068 3522 duplicem
