2280 3776
286 292 393 360 264

746 294 808 344 P.
856 292 1145 345 OVIDII
1190 292 1570 349 NASONIS

364 410 495 467 Haec
524 421 604 468 est
632 406 829 467 caelesti
857 421 1075 488 pectore
1108 432 1234 468 cura
1260 410 1456 469 minor.

285 508 397 564 Nec
429 518 606 575 vacat,
635 504 694 561 in
723 526 829 583 qua
861 502 971 561 sint
998 503 1167 585 positi
1194 505 1415 582 regione
1441 504 1700 577 Tomitae,

369 601 625 679 Quaerere
644 644 658 670 ,
689 596 922 658 finitimo
951 599 1038 657 vix
1069 598 1187 659 loca
1212 615 1343 660 nota
1375 601 1559 673 Getae;

285 699 399 758 Aut
430 697 561 778 quid
588 697 918 756 Sauromatae
944 697 1163 767 faciant,
1199 699 1332 779 quid
1354 700 1579 780 Iazyges
1608 722 1755 765 acres
1775 745 1789 770 ‚

341 846 345 851 .
369 793 639 876 Cultaque
669 795 908 854 Oresteae
937 794 1166 853 Taurica
1197 809 1338 853 terra
1366 796 1531 865 Deae3
1987 816 2043 857 80

288 894 533 973 Quaeque
562 890 676 950 aliae
705 906 921 969 genteS‚
950 891 1048 950 ubi
1074 890 1273 967 frigore
1303 891 1548 950 constitit
1574 893 1742 963 Ister,

365 991 518 1049 Dura
545 1003 726 1047 meant
753 987 910 1047 celeri
929 1003 1086 1065 ‘terga
1116 1010 1214 1068 per
1242 987 1414 1046 amnis
1444 1010 1603 1068 equo.

287 1085 527 1145 Maxima
557 1107 682 1165 pars
708 1082 992 1142 hominum
1019 1106 1115 1142 nec
1146 1097 1196 1143 te
1218 1130 1232 1154 ‚
1263 1082 1656 1165 pulcherrima,
1689 1099 1880 1144 curant
1899 1130 1913 1155 ‚

370 1182 548 1240 Roma
565 1226 579 1252 ,
609 1203 708 1238 nec
735 1180 970 1239 Ausonii
996 1178 1185 1239 militis
1212 1202 1362 1239 arma
1391 1178 1599 1238 timent.

282 1279 433 1337 Dant
462 1275 673 1336 animos
701 1299 858 1335 arcus
888 1275 998 1335 illis
1026 1275 1306 1358 plenaeque
1336 1275 1633 1356 pharetrae,
1990 1292 2043 1334 85

367 1373 658 1454 Quamque
686 1371 824 1431 libet
850 1371 1033 1448 longis
1063 1371 1316 1430 cursibus
1345 1385 1507 1452 aptus
1533 1395 1740 1453 equus:

285 1470 566 1552 Quodque
596 1468 743 1550 sitim
774 1469 1006 1529 didicere
1035 1467 1129 1527 diu
1156 1466 1382 1528 tolerare
1411 1468 1745 1550 famemque;

365 1567 640 1647 Quodque
671 1587 904 1646 sequens
932 1561 1111 1622 nullas
1141 1562 1319 1624 hostis
1341 1562 1568 1623 habebit
1596 1585 1779 1645 aquas.

281 1665 370 1722 Ira
399 1661 502 1720 Dei
530 1661 677 1721 mitis
700 1685 813 1720 non
843 1683 928 1719 me
954 1659 1191 1720 misisset
1217 1660 1273 1719 in
1298 1659 1458 1719 istam
1475 1705 1490 1730 ‚

282 1797 449 1842 scendis
467 1814 629 1841 vacare.
644 1821 697 1830 —
707 1800 824 1840 Illud
834 1814 993 1840 numen.
1017 1792 1121 1840 Auss-

287 1871 459 1920 gustum
484 1862 703 1919 Caesarem
725 1862 839 1917 dicit.
890 1890 892 1892 -

343 1946 406 1984 77.
426 1931 523 1971 Nou
535 1936 674 1969 vacat.
693 1929 780 1970 Nec
793 1927 947 1985 scripti.
971 1928 1031 1970 H.

343 2009 405 2051 79.
428 1995 617 2050 Iazyges.
642 1991 735 2046 Qui
756 1991 885 2034 hodie
907 1984 1128 2049 Transyl-

287 2073 399 2099 vani.
992 2080 997 2084 ·
1014 2081 1038 2110 ⁶,-

342 2122 408 2163 80.
428 2123 621 2163 Taurica.
639 2119 870 2163 Tauricam
887 2117 1130 2161 Chersone-

286 2203 383 2230 sum
402 2185 601 2240 intelligit
618 2217 630 2238 ‚
656 2184 729 2226 ubi
746 2183 969 2239 Iphigenia
983 2215 994 2237 ,
1014 2183 1129 2239 Aga-

288 2249 536 2294 memnonis
558 2248 665 2301 filia,
687 2247 856 2291 Orestis
875 2263 996 2290 soror
1014 2247 1131 2290 cole-

287 2317 435 2359 batur:
449 2314 515 2358 cui
532 2323 574 2356 et
587 2312 819 2368 naufragos
829 2311 1129 2365 immolabant,

286 2391 331 2426 et
348 2395 641 2437 quoscumque
657 2378 831 2423 Graecos
842 2378 940 2421 illuc
954 2377 1130 2420 delatos.

345 2449 410 2490 81.
437 2449 616 2500 Quaque
637 2448 733 2487 alia·
752 2451 909 2499 gentes.
934 2444 1000 2485 Ut
1029 2451 1131 2485 sunt

290 2513 494 2569 Jazyges‚
517 2510 663 2563 Getae,
679 2510 923 2562 Basternae,
939 2509 1069 2562 Daci,
1087 2517 1131 2552 et

291 2577 420 2619 Alani
436 2576 591 2619 Tauris
602 2575 863 2619 contermini
879 2591 889 2617 ε
905 2584 968 2617 est
983 2585 1130 2617 autem

290 2642 417 2685 ordo:
434 2651 478 2684 et
489 2657 580 2684 non
595 2650 716 2684 vacat
726 2641 923 2696 Augusto
936 2655 1129 2695 quaerere

292 2706 393 2763 quid
403 2706 493 2749 aliae
504 2714 653 2766 gentes
661 2705 820 2748 faciant
830 2738 841 2758 ,
854 2720 948 2760 quae
958 2713 1127 2758 meant,

290 2770 336 2812 id
356 2779 420 2813 est
435 2802 447 2823 ‚
467 2763 636 2811 vadunt
651 2769 780 2811 celeri
800 2785 911 2824 equo
929 2766 1005 2824 per
1022 2768 1131 2811 dura

291 2845 410 2891 terga
425 2834 564 2876 amnis
577 2866 588 2886 ,
603 2833 684 2876 hoc
694 2841 779 2886 est,
797 2833 894 2876 Istri
906 2865 918 2887 ,
935 2833 1006 2875 ubi
1021 2834 1132 2876 Ister

290 2900 482 2944 constitit
499 2898 677 2955 frigore.

343 2967 410 3009 83.
430 2967 623 3008 Maxima
629 2981 733 3019 pars
747 2967 967 3006 homiuum.
981 2963 1129 3007 Scribe

289 3033 429 3073 horum
445 3064 454 3080 ‚
494 3029 560 3073 vel
582 3033 726 3071 harum
741 3063 751 3080 ,
790 3029 988 3072 videlicet
1013 3043 1130 3084 gen—

292 3097 400 3138 tium
415 3127 426 3148 ‚
444 3095 514 3137 lib.
526 3096 570 3140 II
582 3127 594 3148 ,
611 3095 729 3151 Eleg.
745 3108 762 3135 1
776 3127 787 3147 ‚
804 3095 879 3146 45:
898 3112 919 3130 «
936 3093 1130 3136 Maxima

290 3175 387 3215 pars
406 3159 564 3201 horum
586 3160 717 3202 vitam
734 3159 991 3214 veniamque
1007 3157 1129 3200 tule-

291 3234 425 3274 runt;
451 3243 471 3261 »
502 3225 575 3266 ubi
600 3227 808 3267 homiuum
833 3225 878 3267 in
909 3221 1129 3267 nonnullis

295 3289 426 3331 etiam
449 3289 566 3331 libris
588 3305 598 3331 ε
628 3291 823 3344 proximo
850 3306 977 3333 versu
1000 3288 1126 3332 Polit.

298 3355 476 3410 Argent.
498 3362 541 3395 et
559 3353 646 3395 duo
663 3354 732 3395 alii
748 3358 915 3406 tiene-nu
933 3362 1070 3407 recte,
1093 3352 1128 3396 si

288 3429 436 3464 curant
452 3435 531 3475 pro
552 3425 670 3462 curat
687 3434 885 3474 reponas.
902 3420 1129 3463 HEINs.—

1200 1799 1396 1840 Maxima
1407 1813 1510 1852 pars
1529 1799 1749 1839 hominum.
1767 1796 1881 1851 Quae
1897 1803 2046 1852 gentes

1205 1863 1459 1920 supradictae
1471 1896 1482 1916 ,
1497 1871 1599 1906 sunt
1623 1863 1680 1905 ita
1695 1863 1841 1905 multae
1856 1871 1900 1904 et
1920 1861 2042 1903 belli-

1206 1945 1313 1972 cosae
1328 1962 1339 1982 ‚
1363 1937 1410 1971 ut
1426 1929 1671 1971 Romanam
1693 1928 1931 1984 potentiam
1953 1942 2044 1969 non

1199 2003 1375 2043 «curent.
1419 1994 1484 2036 Ex
1519 2011 1606 2051 quo
1642 1994 1881 2051 periculum
1914 2010 2044 2036 suum

1208 2059 1397 2115 ostendit
1417 2076 1507 2103 esse
1527 2060 1779 2102 maximum.

1261 2125 1324 2168 86.
1360 2127 1596 2178 Quamlibet
1625 2134 1666 2167 et
1694 2128 1830 2179 lungts
1860 2128 2048 2167 cursibus

1207 2199 1332 2245 aptus
1356 2206 1496 2245 equus.
1538 2192 1749 2246 Quamque
1781 2193 1885 2232 libet
1914 2190 2048 2245 prisca

1208 2255 1494 2311 exemplaria;
1519 2254 1633 2310 quod
1662 2255 1820 2296 mutari
1849 2269 1938 2296 non
1962 2254 2049 2296 de·-

1207 2321 1314 2363 buit.
1338 2322 1396 2363 H.
1415 2345 1470 2353 —
1487 2323 1627 2377 Eques
1645 2320 1766 2363 MSS
1788 2321 2047 2362 Bersmann.

1207 2390 1328 2427 actus
1350 2384 1550 2428 Leidens.

1263 2452 1327 2495 88.
1357 2454 1552 2507 Quodque
1577 2467 1763 2507 sequens.
1798 2450 1894 2494 Alia
1924 2467 2047 2494 causa

1208 2515 1338 2558 etiam
1377 2515 1450 2558 dat
1483 2515 1652 2574 Scythis
1691 2516 1858 2558 animos
1880 2548 1892 2567 ‚
1931 2515 2047 2571 quod

1208 2588 1388 2636 propter
1407 2596 1617 2636 aquarum
1639 2580 1865 2636 penuriam
1881 2594 1970 2621 non
1993 2580 2049 2621 ti·-

1209 2652 1360 2697 ment,
1387 2653 1436 2686 ut
1456 2659 1530 2698 eos
1548 2643 1691 2686 hostes
1709 2643 2007 2699 insequantur.

1207 2736 1210 2738 v
1263 2710 1329 2767 89.
1349 2711 1420 2750 Ira
1439 2713 1520 2753 viti
1538 2714 1652 2752 mint:
1679 2725 1761 2750 non
1784 2724 1848 2749 me
1866 2712 2051 2750 ml'sz‘ssel

1207 2779 1251 2817 in
1264 2779 1390 2817 istam
1403 2809 1412 2824 ‚
1433 2775 1596 2817 St'sulz's
1609 2777 1697 2815 hoec
1708 2773 2051 2827 illz’nutafuzlcsel

1207 2843 1365 2882 humus.
1390 2840 1662 2882 Alterutrum
1681 2837 1898 2880 redundat
1916 2847 1988 2880 aut
2007 2841 2047 2882 τὸ

1206 2911 1344 2955 littam,
1359 2914 1433 2947 aut
1446 2909 1486 2948 τὲ
1498 2908 1609 2957 hoec‚·
1621 2920 1715 2959 quae
1730 2905 1817 2947 duo
1828 2938 1839 2958 ‚
1854 2905 1934 2947 nisi
1954 2906 2048 2948 bar-

1207 2971 1325 3023 hare,
1342 2986 1429 3011 non
1440 2979 1618 3025 possunt
1630 2971 1837 3026 conjungi
1853 2987 1862 3013 :
1879 2987 1958 3026 pro
1969 2974 2050 3013 hu·-

1207 3051 1299 3077 mus
1316 3035 1545 3090 aliquando
1566 3036 1831 3091 reponebam
1853 3039 2016 3079 humum
2030 3070 2040 3085 ,

1208 3101 1252 3142 in
1267 3101 1389 3144 istam
1408 3100 1605 3143 humum.
1619 3103 1750 3145 Nunc
1763 3117 1915 3157 parum
1931 3103 2048 3144 abest

1208 3165 1310 3221 quin
1325 3166 1434 3208 refin
1441 3167 1553 3221 gend
1561 3164 1633 3209 um
1648 3182 1846 3209 censeam
1864 3199 1875 3219 ,
1892 3183 1972 3208 non
1986 3182 2049 3208 me

1206 3236 1392 3273 misisset
1419 3237 1464 3274 in
1493 3234 1675 3284 Istrum‚·
1707 3231 1822 3274 in'fra
1850 3232 1920 3274 lib.
1945 3232 2012 3275 111
2033 3264 2045 3285 ‚

1209 3295 1327 3351 Eleg.
1355 3309 1417 3348 Iv,
1445 3313 1493 3353 9¹
1522 3312 1532 3338 ε
1558 3314 1579 3332 «
1601 3297 1692 3338 Nec
1713 3311 1808 3337 mea
1833 3295 1960 3337 verba
1983 3294 2047 3336 le-

1207 3360 1266 3415 gis
1282 3392 1291 3411 ,
1311 3360 1382 3415 qui
1396 3376 1495 3402 sum
1509 3361 1733 3403 submotus
1747 3359 1799 3401 ad
1814 3359 1974 3402 Istrum
1993 3375 2003 3409 ς
2025 3375 2045 3394 >³

1208 3425 1337 3468 Trist.
1353 3425 1423 3468 lib.
1438 3427 1481 3470 ΙΙ
1494 3458 1505 3480 ,
1530 3427 1606 3484 189
1621 3442 1631 3469 ι
1647 3444 1668 3464 «
1687 3425 1814 3468 Solus
1829 3424 1882 3468 ad
1899 3440 2045 3481 egres-
