2280 3776
226 265 335 318 216
689 269 752 320 P.
801 267 1091 324 ovum
1135 255 1520 326 NASONIS

226 382 522 464 Quumque
555 382 651 441 alii
674 383 924 461 fugerent
951 385 1146 446 subitae
1173 387 1423 465 contagia
1450 386 1646 460 cladis,

307 479 418 537 Nec
447 478 643 539 vellent
674 481 792 538 ictae
824 479 983 539 limen
1016 481 1161 542 adire
1193 483 1421 554 domus;

225 574 305 632 Te
336 574 442 633 sibi
479 598 598 634 cum
627 576 815 656 paucis
844 577 1092 637 meminit
1120 579 1379 639 mansisse
1406 577 1617 638 fidelem
1636 625 1651 651 ,
1934 596 1989 637 35

306 672 363 730 Si
396 696 602 753 paucos
631 672 830 754 aliquis
863 689 1036 734 tresve
1065 675 1268 736 duosve
1300 662 1472 737 vocat.

229 768 494 847 Quamvis
521 769 832 854 adtonitus,
862 772 1033 831 sensit
1067 787 1241 831 tamen
1270 774 1476 844 omnia;
1501 797 1600 833 nec
1626 787 1710 843 te,

307 865 376 924 Se
406 865 610 935 minuS,
641 866 878 926 adversis
908 867 1209 928 indoluisse
1236 870 1367 929 suis.

227 962 409 1021 Verba
441 962 607 1033 solet,
638 962 957 1046 vultumque
989 979 1166 1036 tuum,
1199 965 1539 1048 gemitusque
1567 964 1792 1036 referre,

305 1060 381 1116 Et
413 1073 464 1116 te
490 1058 651 1118 flente
670 1106 684 1130 ,
715 1082 844 1118 suos
873 1060 1176 1119 emaduisse
1204 1059 1390 1120 sinus:
1942 1073 1996 1129 4ο

229 1152 409 1231 Quam
439 1152 544 1212 sibi
573 1154 915 1236 praestiteris,
949 1179 1055 1237 qua
1084 1154 1400 1215 consolatus
1429 1155 1663 1214 amicum

310 1250 398 1309 Sis
429 1274 532 1332 ope
550 1297 563 1322 ,
598 1249 859 1311 solandus
893 1276 1061 1334 quum
1090 1248 1251 1311 simul
1277 1251 1392 1333 ipse
1421 1250 1584 1311 fores.

229 1344 339 1403 Pro
370 1345 575 1426 quibus
605 1345 857 1405 adfirmat
882 1346 1002 1406 fore
1034 1369 1090 1406 se
1118 1369 1520 1427 memoremque
1546 1344 1835 1428 piumque,

310 1441 433 1502 Sive
461 1443 603 1502 diem
632 1435 840 1514 videat,
878 1445 989 1503 sive
1021 1459 1235 1521 tegatur
1261 1444 1463 1503 humo:
1604 1514 1608 1519 4

227 1538 335 1597 Per
365 1555 528 1620 caput
559 1541 676 1621 ipse
705 1563 862 1599 suum
895 1540 1091 1599 solitus
1118 1541 1297 1620 jurare
1316 1588 1331 1613 ,
1362 1555 1656 1622 tuumque,
1942 1551 1995 1608 45

311 1634 480 1714 Quod
508 1634 619 1694 scio
649 1659 762 1694 non
792 1634 872 1693 illi
904 1634 1065 1694 vilius
1095 1658 1210 1694 esse
1241 1659 1371 1695 suo:
1802 1633 1804 1636 ’

228 1729 399 1789 Plena
432 1745 517 1790 tot
545 1756 604 1791 ac
637 1733 802 1792 tantis
831 1731 1096 1792 referatur
1124 1733 1296 1809 gratia
1322 1731 1515 1803 sactis;

312 1827 425 1884 Nec
455 1827 596 1885 sinet
620 1825 869 1886 ille‘tuos
902 1826 1031 1886 litus
1062 1849 1211 1897 arare
1240 1826 1450 1887 boves:

230 1924 337 1982 Fac
369 1924 534 1983 modo
567 1939 878 1985 constanter
905 1924 1204 2006 profugum
1232 1940 1446 1984 tueare:
1472 1922 1622 2005 quod
1651 1921 1742 1981 ille
1761 1967 1777 1993 ,

316 2020 431 2099 Qui
462 2021 602 2080 bene
633 2036 684 2080 te
708 2021 893 2093 novit,
925 2045 1039 2080 non
1069 2036 1253 2098 rogat,
1282 2020 1402 2102 ipsa
1429 2043 1581 2097 rogo,
1947 2032 2005 2072 50

230 2170 355 2206 teres.
376 2165 600 2207 HEINs.—-
612 2164 761 2207 Nostri
776 2179 1069 2219 quoque,sua.
1153 2164 1335 2206 verbum
1362 2161 1556 2219 elegans,
1585 2160 1661 2205 sed
1691 2159 1777 2202 rari
1803 2174 1903 2202 usus
1924 2167 2000 2201 est.

285 2229 350 2270 33.
389 2230 608 2283 Coniugia.
644 2228 1070 2271 consternationem.
1212 2229 1276 2281 43.
1297 2229 1592 2283 Memor-eatque
1603 2230 1807 2282 piumque.
1831 2224 1999 2267 Medo-

233 2293 384 2335 Subitoe
398 2293 701 2336 clad1zr.Subiti
718 2294 876 2336 exsilii:
898 2310 976 2348 pro
993 2297 1078 2336 cla·
1158 2294 1315 2336 nianus
1344 2301 1567 2349 tuumque5
1599 2300 1642 2335 et
1669 2308 1770 2333 mox
1801 2290 2000 2332 meliores

236 2360 324 2406 dte,
345 2362 480 2412 pestis
500 2359 528 2401 J
534 2360 678 2401 unian.
703 2363 846 2402 mortis
878 2358 1078 2402 Leidens.
1156 2365 1268 2401 tuum
1286 2363 1436 2401 solitus
1442 2359 1589 2414 jurare
1602 2390 1612 2406 ‚
1638 2373 1846 2412 suumque.
1869 2357 1928 2398 H.

237 2426 383 2466 mentis
413 2423 575 2465 Lovan.
597 2423 671 2479 qui
688 2423 792 2466 etin
813 2439 939 2466 versu
957 2439 1078 2480 prae—
1213 2426 1279 2477 44.
1301 2425 1394 2466 Sive
1408 2426 1516 2466 diem
1535 2426 1686 2465 videat.
1703 2422 1802 2465 Sive
1820 2421 1947 2463 vivat.

238 2487 410 2531 cedenti
427 2521 438 2542 ,
449 2495 696 2543 preventum
716 2496 862 2532 mente.
1215 2492 1280 2544 48.
1297 2491 1384 2533 Nec
1397 2493 1506 2531 sinet
1513 2492 1586 2531 ille
1601 2497 1704 2530 tuos.
1718 2488 1811 2531 Nec
1826 2485 2001 2541 permit-

292 2554 357 2606 37.
372 2554 510 2594 Sensit
521 2562 656 2595 tamen
669 2557 820 2597 omnia.
842 2554 977 2596 Sentit
988 2570 1079 2596 me·
1160 2564 1223 2598 tet
1241 2564 1283 2598 te
1301 2555 1463 2607 frustra
1489 2553 1601 2610 apud
1630 2553 1751 2596 illum
1775 2552 1999 2595 collocasse

235 2617 376 2660 liores.
396 2617 563 2661 HEms.
652 2625 653 2629 ’
1160 2619 1437 2663 beneficium.
1455 2619 1530 2662 Ille
1543 2620 1663 2661 enim
1676 2621 1778 2660 litus
1794 2623 1909 2665 arat,
1926 2614 2000 2670 qui

293 2685 356 2736 4ο.
379 2684 657 2724 Demaduisse
672 2685 802 2724 sinus.
818 2682 958 2725 Valde
982 2699 1079 2725 rna-
1160 2701 1335 2741 operam
1351 2684 1516 2741 perdit,
1537 2692 1582 2726 et
1600 2683 1760 2726 frustra
1781 2681 1957 2723 laborat.

241 2748 379 2791 duisse
394 2781 406 2802 ‚
430 2765 565 2804 quum
584 2749 741 2792 scilicet
759 2747 806 2790 in
826 2764 928 2791 meo
948 2764 1079 2792 com-
1212 2754 1277 2810 49.
1290 2754 1380 2794 Fac
1391 2753 1511 2794 modo
1525 2755 1773 2792 constanter.
1790 2747 2001 2788 Constan-

240 2813 365 2869 plexu
383 2813 589 2866 haereres,
610 2823 654 2856 et
668 2813 855 2856 ubertim
869 2813 1002 2867 flens,
1024 2814 1078 2857 la·
1159 2822 1239 2858 tem
1270 2814 1436 2873 Gryph.
1458 2822 1502 2856 et
1523 2813 1725 2857 vincent.
1769 2810 1870 2853 edit.
1903 2826 2000 2852 con-

240 2877 399 2936 crymis
419 2879 503 2921 tuis
520 2895 590 2921 eos
609 2878 907 2934 perfunderes.
935 2880 1080 2922 PONT.
1157 2889 1318 2923 stanter
1332 2883 1448 2922 illum
1463 2886 1600 2920 tueare
1621 2877 1830 2919 Bernens.

240 2965 294 2974 --
312 2943 876 2996 N0n11ulli1'1nmadu125565at
889 2952 1076 3001 septem,
1215 2947 1282 2986 50.
1309 2945 1395 2997 Qui
1411 2945 1510 2984 bene
1537 2948 1578 2982 te
1605 2944 1727 2982 novit.
1757 2940 1890 2985 Norat
1914 2944 2000 2979 tres

243 3016 316 3050 aut
330 3017 426 3051 octo
440 3009 661 3063 meliores,
683 3012 943 3063 ommutesce,-
963 3009 1079 3066 quod
1160 3007 1318 3065 scripti.
1339 3008 1472 3050 Forte
1489 3039 1502 3060 ,
1529 3007 1662 3059 Quum
1676 3007 1775 3047 bene
1784 3011 1824 3045 te
1837 3004 1957 3045 norit.
