2280 3776
467 258 583 313 EX
623 256 922 312 PONTO
961 259 1121 313 LIB.
1164 259 1296 314 ΙΙΙ.
1339 259 1613 316 EPIST.
1659 265 1706 318 1.

1867 269 1968 344 371

288 374 596 457 AEquoreas
622 397 787 437 rauco
816 387 1036 451 gutture
1068 387 1225 456 potat
1250 398 1436 458 aquas,

204 472 410 534 Tristia
435 496 536 555 per
563 495 761 532 vacuos
791 471 1021 531 horrent
1045 470 1325 535 absinthia
1351 498 1574 558 campos
1590 523 1607 549 ‚

293 567 747 651 Conveniensque
777 591 878 629 suo
907 568 1100 630 messis
1133 593 1313 631 amara
1338 568 1478 632 loco.

209 664 374 726 Adde
404 678 617 738 metm,
644 679 699 725 et
725 663 878 748 quod
906 688 1101 727 murus
1126 664 1376 749 pulsatur
1403 668 1471 729 ab
1500 668 1694 743 hoste,
1932 693 1984 732 25

287 761 594 844 Tinctaque
621 761 902 823 mortifera
932 761 1057 822 tabe
1085 761 1286 841 sagitta
1315 765 1531 838 madet;

210 857 381 939 Quod
411 857 607 941 procul
635 858 750 921 baec
778 859 932 937 regio
963 873 1078 933 est,
1110 872 1165 923 et
1185 858 1257 920 ab
1286 860 1436 920 omni
1464 861 1618 923 devia
1647 885 1844 938 cursu;

287 955 402 1014 Nec
432 954 572 1036 pede
600 976 712 1036 quo
743 954 1037 1037 quisquam
1055 1002 1070 1028 ‚
1100 979 1201 1017 nec
1227 970 1341 1017 rate
1375 970 1530 1019 tutus
1558 972 1660 1018 eat.

207 1055 334 1114 Non
366 1051 535 1130 igitur
562 1051 794 1124 mirum,
822 1050 986 1113 finem
1017 1052 1392 1136 quaerentibus
1421 1053 1624 1116 horum

286 1147 475 1209 Altera
509 1148 556 1208 si
583 1147 750 1209 nobis
782 1172 957 1232 usque
986 1163 1212 1228 rogatur
1238 1151 1459 1213 humus.
1930 1172 1984 1214 30

207 1250 288 1310 Te
318 1249 494 1328 magis
524 1263 604 1309 est
633 1249 830 1310 mirum
859 1275 972 1313 non
1002 1250 1112 1312 hoc
1142 1251 1412 1326 evincere,
1442 1253 1669 1336 conjux;

286 1348 463 1431 Inque
486 1347 623 1408 meis
654 1345 918 1430 lacrymas
945 1371 1110 1431 posse
1140 1363 1323 1411 tenere
1346 1349 1522 1412 malis.

209 1444 365 1526 Quid
391 1445 556 1506 facias
574 1492 589 1518 ‚
625 1445 864 1528 quaeris?
895 1470 1105 1529 quaeras
1133 1447 1242 1508 hoc
1268 1447 1477 1510 scilicet
1504 1449 1722 1533 ipsum;

291 1541 569 1614 InvenieS‚
603 1564 727 1601 vere
755 1542 799 1602 si
829 1543 1067 1626 reperire
1092 1542 1260 1604 voles,

211 1633 374 1699 Velle
399 1658 596 1719 parum
623 1650 743 1697 est:
771 1638 959 1719 cupias
977 1684 992 1710 ‚
1020 1653 1086 1700 ut
1114 1662 1171 1698 re
1199 1637 1428 1721 potiaris
1447 1685 1463 1711 ‚
1496 1654 1751 1722 oportet;
1937 1658 1990 1700 35

290 1733 367 1792 Et
395 1731 557 1793 faciat
583 1731 810 1794 somnos
831 1733 947 1794 haec
977 1734 1083 1795 tibi
1110 1757 1237 1795 cura
1265 1734 1474 1805 breves,

208 1911 294 1946 nea
304 1912 403 1945 aves
413 1897 577 1956 frigore
589 1899 824 1959 ingruente
839 1931 852 1954 ‚
867 1908 915 1944 ut
927 1900 1058 1945 mariz

208 1978 366 2019 nquam
385 1995 397 2017 ‚
427 1979 524 2020 quae
548 1980 642 2009 non
666 1973 756 2008 tam
781 1965 867 2009 cito
894 1980 1060 2024 conge-

206 2026 327 2073 lascit
342 2060 354 2084 ,
377 2027 539 2073 bibant.
563 2029 727 2074 Bunm.

262 2110 330 2138 22.
349 2094 481 2139 Potae
493 2110 641 2152 aquas.
664 2097 788 2140 Potet
805 2094 948 2140 multi.

264 2157 329 2202 23.
357 2158 518 2203 Tntrtia
534 2162 764 2206 absinthia.
785 2161 960 2205 Amarae
974 2161 1059 2205 ille

207 2220 356 2270 herbe
372 2256 384 2278 ‚
413 2240 602 2282 quarum
625 2226 748 2283 copia
768 2227 966 2270 .maxima
994 2235 1060 2271 est

208 2285 259 2335 iu
279 2285 441 2332 Ponto.
469 2289 528 2336 Et
561 2288 694 2335 ovid.
720 2291 853 2335 etiam
883 2292 1057 2347 scribit,

209 2353 367 2400 herbas
386 2354 608 2400 veneficiis
624 2364 742 2412 aptas
761 2356 807 2399 in
827 2357 975 2400 Ponto
994 2357 1061 2401 le-

210 2427 300 2464 ctas
324 2419 540 2467 fuisse.—
556 2423 749 2470 Horrent.
773 2422 969 2466 Horrida
993 2422 1060 2465 vi-

211 2483 376 2530 dentur
391 2518 404 2540 ‚
435 2484 630 2542 squalida
649 2495 695 2530 et
713 2486 887 2530 inculta.
904 2509 959 2519 —
978 2489 1065 2531 Per

211 2566 385 2606 campos
400 2567 570 2595 vacuos.
588 2552 677 2595 Per
689 2567 865 2608 campos
883 2551 977 2595 sine
997 2552 1062 2596 ul-

211 2614 264 2660 lis
284 2616 523 2660 arboribus.
588 2603 596 2618 ⁶

270 2681 334 2735 24.
363 2682 622 2723 Conveniens
641 2694 718 2723 suo
739 2681 846 2723 Ioco.
871 2678 1062 2724 Conve-

213 2743 340 2790 niens
359 2745 528 2803 regioni
555 2745 748 2789 Ponticae
768 2744 1063 2790 infructuosae.

269 2813 334 2859 25.
349 2812 511 2854 Murus.
534 2809 750 2866 Lapideus
771 2809 957 2853 ambitus
979 2811 1064 2855 To-

217 2871 395 2918 mitanae
416 2874 614 2918 civitatis.

273 2956 339 2997 ²7·
356 2943 492 2995 Quam
497 2943 651 2997 procul
658 2942 745 2984 bec
756 2944 867 2996 regio
879 2949 954 2984 est.
974 2943 1065 2996 Quo

218 3001 392 3050 Sat-rav·
418 3003 568 3049 Scribe
598 3007 724 3059 Quod
739 3020 841 3048 cum
864 3004 1068 3050 Twisde-

219 3069 295 3112 nio
314 3102 327 3125 ,
360 3079 549 3127 quatuor
571 3070 662 3115 aliis
688 3104 699 3124 ‚
729 3080 773 3115 et
798 3071 938 3128 prima
963 3070 1068 3116 edi—

218 3135 354 3180 tione.
379 3136 573 3179 Η.-ΕιΙ
591 3139 646 3180 ab
665 3140 782 3180 omni
795 3139 916 3181 devia
932 3153 1067 3181 cursu.

222 3198 283 3242 Et
311 3208 481 3242 remota
515 3200 567 3247 ab
598 3199 721 3243 omni
757 3201 1032 3257 navigatione
1054 3216 1068 3244 ι

220 3278 358 3306 nemo
385 3259 506 3306 enim
525 3263 619 3307 fere
642 3263 816 3320 navigat
834 3263 879 3307 in
900 3264 1071 3322 plagam

220 3329 339 3373 illam
352 3329 758 3387 septemtrionalem
774 3329 986 3375 incultam
1002 3364 1014 3386 ,
1027 3338 1073 3375 et

222 3394 453 3442 desertam.

1177 1902 1243 1957 28„
1256 1903 1345 1946 Nec
1355 1904 1464 1957 pede
1475 1918 1554 1959 quo
1566 1906 1796 1959 quicquan,
1813 1919 1892 1947 nec
1902 1913 1991 1948 rate

1139 1972 1253 2010 tutus
1270 1974 1353 2009 eat.
1379 1966 1568 2030 Propter
1587 1966 1824 2011 latrocinia.
1852 1968 1992 2013 Pere-

1140 2032 1255 2089 grini
1273 2031 1419 2089 enim,
1440 2031 1528 2082 sive
1545 2033 1685 2088 mari,
1703 2034 1791 2077 sive
1812 2042 1927 2078 terra
1944 2035 1991 2080 in

1142 2095 1336 2140 Pontum
1355 2096 1649 2153 perveniunt,
1675 2098 1728 2142 ab
1748 2098 1899 2142 incolis
1920 2099 1990 2143 se-

1140 2160 1198 2204 ris
1217 2170 1261 2203 et
1278 2161 1542 2205 immanibus
1567 2162 1853 2207 trucidantur.

1194 2226 1264 2268 30.
1286 2229 1437 2270 Altera
1453 2229 1613 2270 humus.
1634 2227 1785 2271 Altera
1807 2237 1925 2272 terra
1946 2233 1991 2271 et

1142 2290 1293 2341 mitius
1312 2291 1520 2334 exsilium.

1194 2356 1219 2397 3
1229 2372 1260 2397 ι.
1278 2357 1384 2398 Hoec
1402 2372 1485 2398 non
1507 2359 1693 2399 em‘ncere
1708 2364 1761 2399 te.
1776 2356 1886 2402 Haec
1898 2372 1992 2400 ma·

1141 2419 1199 2473 la,
1210 2434 1308 2476 quae
1319 2419 1478 2475 patior,
1491 2435 1582 2463 non
1601 2419 1775 2465 flectere
1789 2422 1988 2464 animum

1142 2492 1268 2526 tuum
1283 2484 1337 2526 ad
1351 2484 1694 2529 misericordiam
1711 2495 1778 2530 :et
1793 2485 1894 2530 ideo
1906 2487 1989 2530 mi-

1141 2550 1302 2592 tiorem
1323 2549 1375 2593 ab
1391 2549 1654 2606 imperatore
1675 2566 1755 2607 pro
1767 2566 1840 2595 me
1853 2551 1989 2595 exsilii

1141 2611 1289 2655 locum
1310 2621 1457 2669 petere
1479 2612 1674 2658 deberes.

1198 2677 1265 2721 33.
1287 2677 1551 2732 Qm'dsace‘as
1562 2712 1574 2731 ‚
1595 2683 1755 2735 querck.
1773 2679 1897 2735 Quid
1911 2695 1992 2736 pro

1144 2757 1217 2785 me
1233 2741 1453 2800 agendum
1469 2743 1525 2786 sit
1537 2775 1550 2798 ,
1571 2742 1828 2802 interroga.

1201 2809 1268 2852 35.
1286 2812 1466 2865 Capias,
1482 2817 1532 2854 ut
1545 2827 1590 2853 re
1598 2815 1781 2866 potiaris
1791 2844 1802 2860 ,
1825 2818 1992 2865 oportet.

1147 2873 1297 2918 Scribe
1330 2883 1379 2918 ut
1405 2891 1479 2930 spe
1501 2879 1707 2930 potiaris,
1742 2875 1810 2918 vel
1837 2890 1919 2917 con
1927 2883 1993 2917 tra

1144 2939 1278 2983 libros
1292 2948 1461 2984 veteres
1475 2957 1486 2985 z
1500 2940 1562 2985 sic
1578 2950 1623 2984 et
1628 2945 1765 2997 potiri
1778 2945 1889 2983 votis
1903 2946 1995 2996 pas-

1147 3005 1231 3048 sim
1249 3004 1364 3062 apud
1379 3005 1605 3050 Nostrum.
1614 3006 1737 3049 H.-
1750 3006 1853 3049 Non
1865 3004 1966 3047 satis
1978 3036 1992 3058 ‚

1147 3070 1293 3127 inquit
1305 3103 1317 3124 ,
1337 3070 1474 3114 suerit
1488 3071 1598 3117 velle
1613 3086 1695 3128 pro
1711 3086 1785 3114 me
1804 3068 1966 3126 aliquid
1979 3101 1993 3123 ,

1149 3136 1233 3180 nisi
1252 3136 1385 3179 etiam
1406 3137 1633 3192 optaveris.
1654 3135 1734 3178 Est
1753 3142 1902 3177 autem
1920 3149 1998 3176 or-

1152 3201 1210 3245 do
1231 3218 1243 3244 t
1262 3210 1435 3257 oportet
1452 3201 1597 3258 cupias
1611 3234 1624 3255 ‚
1646 3209 1696 3244 ut
1719 3200 1896 3258 potiaris
1916 3216 1964 3243 re
1982 3232 1995 3253 ‚

1151 3266 1235 3310 hoc
1248 3275 1313 3310 est
1326 3299 1340 3321 ,
1369 3275 1418 3309 ut
1435 3281 1532 3309 rem
1550 3265 1795 3323 adsequaris
1810 3298 1822 3319 ‚
1845 3274 1895 3308 ut
1914 3266 2001 3309 sci-

1151 3331 1254 3376 licet
1274 3331 1512 3376 transferar
1531 3332 1574 3374 in
1594 3331 1742 3375 mitius
1760 3331 1970 3374 exsilium.

1209 3397 1274 3441 35.
1293 3396 1506 3450 Etsaciat
1513 3411 1682 3447 somnos
1693 3398 1793 3439 bac.
1809 3395 1867 3438 Et
1879 3411 2000 3452 opor-
