<?xml version="1.0" encoding="UTF-8"?>
<!DOCTYPE html PUBLIC "-//W3C//DTD XHTML 1.0 Transitional//EN"
    "http://www.w3.org/TR/xhtml1/DTD/xhtml1-transitional.dtd">
<html xmlns="http://www.w3.org/1999/xhtml" xml:lang="en" lang="en">
 <head>
  <title>
</title>
<meta http-equiv="Content-Type" content="text/html;charset=utf-8" />
  <meta name='ocr-system' content='tesseract 3.04.00' />
  <meta name='ocr-capabilities' content='ocr_page ocr_carea ocr_par ocr_line ocrx_word'/>
</head>
<body>
  <div class='ocr_page' id='page_1' title='image "./quaeextantomniao07oviduoft_0506.png"; bbox 0 0 2280 3776; ppageno 0'>
   <div class='ocr_carea' id='block_1_1' title="bbox 250 329 2010 356">
    <p class='ocr_par' dir='ltr' id='par_1_1' title="bbox 250 329 2010 356">
     <span class='ocr_line' id='line_1_1' title="bbox 250 329 2010 356; baseline 0 0"><span class='ocrx_word' id='word_1_1' title='bbox 250 329 2010 356; x_wconf 95' lang='lat' dir='ltr'><strong> </strong></span> 
     </span>
    </p>
   </div>
   <div class='ocr_carea' id='block_1_2' title="bbox 423 487 1798 577">
    <p class='ocr_par' dir='ltr' id='par_1_2' title="bbox 423 487 1798 577">
     <span class='ocr_line' id='line_1_2' title="bbox 423 487 1798 577; baseline 0.004 -5"><span class='ocrx_word' id='word_1_2' title='bbox 423 487 922 573; x_wconf 89' lang='lat' dir='ltr'><strong>PETRUS</strong></span> <span class='ocrx_word' id='word_1_3' title='bbox 1009 489 1798 577; x_wconf 87' lang='lat' dir='ltr'><strong>BURMANNUS</strong></span> 
     </span>
    </p>
   </div>
   <div class='ocr_carea' id='block_1_3' title="bbox 493 691 1744 764">
    <p class='ocr_par' dir='ltr' id='par_1_3' title="bbox 493 691 1744 764">
     <span class='ocr_line' id='line_1_3' title="bbox 493 691 1744 764; baseline 0.003 -15"><span class='ocrx_word' id='word_1_4' title='bbox 493 691 1001 751; x_wconf 82' lang='lat' dir='ltr'>THEODORO</span> <span class='ocrx_word' id='word_1_5' title='bbox 1046 692 1097 751; x_wconf 95' lang='lat' dir='ltr'><strong>A</strong></span> <span class='ocrx_word' id='word_1_6' title='bbox 1142 693 1744 764; x_wconf 86' lang='lat' dir='ltr'><strong>VELTHUISEN‚</strong></span> 
     </span>
    </p>
   </div>
   <div class='ocr_carea' id='block_1_4' title="bbox 231 882 2010 934">
    <p class='ocr_par' dir='ltr' id='par_1_4' title="bbox 231 882 2010 934">
     <span class='ocr_line' id='line_1_4' title="bbox 231 882 2010 934; baseline 0.002 -17"><span class='ocrx_word' id='word_1_7' title='bbox 231 885 488 917; x_wconf 75' lang='lat' dir='ltr'>TOPARCHAE</span> <span class='ocrx_word' id='word_1_8' title='bbox 509 887 560 916; x_wconf 80' lang='lat' dir='ltr'><strong>IN</strong></span> <span class='ocrx_word' id='word_1_9' title='bbox 580 887 860 918; x_wconf 75' lang='lat' dir='ltr'><strong>HEEMSTEDE</strong></span> <span class='ocrx_word' id='word_1_10' title='bbox 877 906 889 928; x_wconf 82' lang='lat'>‚</span> <span class='ocrx_word' id='word_1_11' title='bbox 912 882 993 917; x_wconf 65' lang='lat' dir='ltr'><strong>etc.</strong></span> <span class='ocrx_word' id='word_1_12' title='bbox 1015 888 1240 919; x_wconf 77' lang='lat' dir='ltr'><strong>ORDINUM</strong></span> <span class='ocrx_word' id='word_1_13' title='bbox 1261 886 1666 922; x_wconf 76' lang='lat' dir='ltr'><strong>TRAJECTINORUM</strong></span> <span class='ocrx_word' id='word_1_14' title='bbox 1682 891 1906 934; x_wconf 75' lang='lat' dir='ltr'><strong>PRAEsml,</strong></span> <span class='ocrx_word' id='word_1_15' title='bbox 1930 888 2010 923; x_wconf 66' lang='lat' dir='ltr'><strong>etc.</strong></span> 
     </span>
    </p>
   </div>
   <div class='ocr_carea' id='block_1_5' title="bbox 992 1001 1230 1011">
    <p class='ocr_par' dir='ltr' id='par_1_5' title="bbox 992 1001 1230 1011">
     <span class='ocr_line' id='line_1_5' title="bbox 992 1001 1230 1011; baseline 0 2765"><span class='ocrx_word' id='word_1_16' title='bbox 992 1001 1230 1011; x_wconf 95' lang='lat' dir='ltr'><strong> </strong></span> 
     </span>
    </p>
   </div>
   <div class='ocr_carea' id='block_1_6' title="bbox 230 1189 2030 3501">
    <p class='ocr_par' dir='ltr' id='par_1_6' title="bbox 230 1189 2030 3501">
     <span class='ocr_line' id='line_1_6' title="bbox 242 1189 1972 1300; baseline 0.003 -26"><span class='ocrx_word' id='word_1_17' title='bbox 242 1189 566 1274; x_wconf 79' lang='lat' dir='ltr'><strong>GRANDE</strong></span> <span class='ocrx_word' id='word_1_18' title='bbox 596 1215 761 1276; x_wconf 86' lang='lat' dir='ltr'><strong>decus</strong></span> <span class='ocrx_word' id='word_1_19' title='bbox 790 1216 1090 1275; x_wconf 85' lang='lat' dir='ltr'>Procerum</span> <span class='ocrx_word' id='word_1_20' title='bbox 1108 1262 1123 1289; x_wconf 87' lang='lat'><strong>‚</strong></span> <span class='ocrx_word' id='word_1_21' title='bbox 1158 1215 1330 1276; x_wconf 87' lang='lat' dir='ltr'><strong>sancti</strong></span> <span class='ocrx_word' id='word_1_22' title='bbox 1359 1241 1487 1300; x_wconf 89' lang='lat' dir='ltr'><strong>pars</strong></span> <span class='ocrx_word' id='word_1_23' title='bbox 1518 1217 1695 1300; x_wconf 88' lang='lat' dir='ltr'><strong>prima</strong></span> <span class='ocrx_word' id='word_1_24' title='bbox 1719 1231 1937 1279; x_wconf 85' lang='lat' dir='ltr'><strong>senatus</strong></span> <span class='ocrx_word' id='word_1_25' title='bbox 1956 1264 1972 1289; x_wconf 91' lang='lat'>‚</span> 
     </span>
     <span class='ocr_line' id='line_1_7' title="bbox 310 1309 1592 1393; baseline 0.005 -26"><span class='ocrx_word' id='word_1_26' title='bbox 310 1310 425 1368; x_wconf 86' lang='lat' dir='ltr'><strong>Nec</strong></span> <span class='ocrx_word' id='word_1_27' title='bbox 454 1309 638 1370; x_wconf 86' lang='lat' dir='ltr'><strong>minor</strong></span> <span class='ocrx_word' id='word_1_28' title='bbox 670 1310 835 1370; x_wconf 86' lang='lat' dir='ltr'><strong>Aonii</strong></span> <span class='ocrx_word' id='word_1_29' title='bbox 869 1311 1079 1383; x_wconf 84' lang='lat' dir='ltr'>fautor,</span> <span class='ocrx_word' id='word_1_30' title='bbox 1113 1334 1375 1393; x_wconf 88' lang='lat' dir='ltr'><strong>amorque</strong></span> <span class='ocrx_word' id='word_1_31' title='bbox 1402 1312 1592 1385; x_wconf 79' lang='lat' dir='ltr'><strong>chori3</strong></span> 
     </span>
     <span class='ocr_line' id='line_1_8' title="bbox 230 1406 1578 1491; baseline 0.004 -26"><span class='ocrx_word' id='word_1_32' title='bbox 230 1407 290 1465; x_wconf 89' lang='lat' dir='ltr'><strong>Si</strong></span> <span class='ocrx_word' id='word_1_33' title='bbox 321 1408 468 1467; x_wconf 89' lang='lat' dir='ltr'><strong>nitor</strong></span> <span class='ocrx_word' id='word_1_34' title='bbox 497 1407 739 1491; x_wconf 84' lang='lat' dir='ltr'><strong>eloquii,</strong></span> <span class='ocrx_word' id='word_1_35' title='bbox 774 1406 1041 1491; x_wconf 88' lang='lat' dir='ltr'><strong>cultaeque</strong></span> <span class='ocrx_word' id='word_1_36' title='bbox 1067 1409 1317 1491; x_wconf 88' lang='lat' dir='ltr'><strong>potentia</strong></span> <span class='ocrx_word' id='word_1_37' title='bbox 1345 1407 1578 1487; x_wconf 66' lang='lat' dir='ltr'><strong>linguae,</strong></span> 
     </span>
     <span class='ocr_line' id='line_1_9' title="bbox 312 1505 1462 1590; baseline 0.003 -25"><span class='ocrx_word' id='word_1_38' title='bbox 312 1507 456 1566; x_wconf 88' lang='lat' dir='ltr'><strong>Pura</strong></span> <span class='ocrx_word' id='word_1_39' title='bbox 485 1506 569 1566; x_wconf 81' lang='lat' dir='ltr'><strong>vel</strong></span> <span class='ocrx_word' id='word_1_40' title='bbox 599 1507 806 1585; x_wconf 88' lang='lat' dir='ltr'><strong>ingenii</strong></span> <span class='ocrx_word' id='word_1_41' title='bbox 836 1531 973 1568; x_wconf 80' lang='lat' dir='ltr'><strong>vena</strong></span> <span class='ocrx_word' id='word_1_42' title='bbox 1000 1505 1218 1589; x_wconf 86' lang='lat' dir='ltr'><strong>placere</strong></span> <span class='ocrx_word' id='word_1_43' title='bbox 1245 1521 1462 1590; x_wconf 79' lang='lat' dir='ltr'><strong>potest3</strong></span> 
     </span>
     <span class='ocr_line' id='line_1_10' title="bbox 234 1603 1802 1680; baseline 0.004 -19"><span class='ocrx_word' id='word_1_44' title='bbox 234 1603 293 1661; x_wconf 86' lang='lat' dir='ltr'><strong>Si</strong></span> <span class='ocrx_word' id='word_1_45' title='bbox 325 1604 513 1664; x_wconf 89' lang='lat' dir='ltr'><strong>Venus</strong></span> <span class='ocrx_word' id='word_1_46' title='bbox 542 1619 597 1664; x_wconf 91' lang='lat' dir='ltr'><strong>et</strong></span> <span class='ocrx_word' id='word_1_47' title='bbox 627 1604 877 1664; x_wconf 85' lang='lat' dir='ltr'><strong>Charites</strong></span> <span class='ocrx_word' id='word_1_48' title='bbox 898 1651 912 1674; x_wconf 89' lang='lat'>‚</span> <span class='ocrx_word' id='word_1_49' title='bbox 947 1618 998 1663; x_wconf 92' lang='lat' dir='ltr'><strong>et</strong></span> <span class='ocrx_word' id='word_1_50' title='bbox 1027 1605 1250 1665; x_wconf 89' lang='lat' dir='ltr'><strong>Amoris</strong></span> <span class='ocrx_word' id='word_1_51' title='bbox 1278 1604 1479 1666; x_wconf 86' lang='lat' dir='ltr'><strong>blanda</strong></span> <span class='ocrx_word' id='word_1_52' title='bbox 1511 1621 1770 1668; x_wconf 87' lang='lat' dir='ltr'><strong>venustas</strong></span> <span class='ocrx_word' id='word_1_53' title='bbox 1788 1653 1802 1680; x_wconf 89' lang='lat'>‚</span> 
     </span>
     <span class='ocr_line' id='line_1_11' title="bbox 314 1699 1490 1783; baseline 0.003 -25"><span class='ocrx_word' id='word_1_54' title='bbox 314 1699 373 1758; x_wconf 89' lang='lat' dir='ltr'><strong>Si</strong></span> <span class='ocrx_word' id='word_1_55' title='bbox 398 1699 551 1781; x_wconf 87' lang='lat' dir='ltr'><strong>juvat</strong></span> <span class='ocrx_word' id='word_1_56' title='bbox 584 1701 836 1772; x_wconf 85' lang='lat' dir='ltr'><strong>Ausonio</strong></span> <span class='ocrx_word' id='word_1_57' title='bbox 869 1701 1067 1762; x_wconf 85' lang='lat' dir='ltr'><strong>Graius</strong></span> <span class='ocrx_word' id='word_1_58' title='bbox 1098 1701 1156 1760; x_wconf 90' lang='lat' dir='ltr'><strong>in</strong></span> <span class='ocrx_word' id='word_1_59' title='bbox 1188 1724 1282 1762; x_wconf 91' lang='lat' dir='ltr'><strong>ore</strong></span> <span class='ocrx_word' id='word_1_60' title='bbox 1306 1700 1490 1783; x_wconf 91' lang='lat' dir='ltr'><strong>lepor;</strong></span> 
     </span>
     <span class='ocr_line' id='line_1_12' title="bbox 235 1796 1435 1881; baseline 0.004 -27"><span class='ocrx_word' id='word_1_61' title='bbox 235 1796 464 1880; x_wconf 85' lang='lat' dir='ltr'><strong>Suscipe</strong></span> <span class='ocrx_word' id='word_1_62' title='bbox 493 1797 710 1876; x_wconf 82' lang='lat' dir='ltr'>Peligni</span> <span class='ocrx_word' id='word_1_63' title='bbox 744 1798 923 1858; x_wconf 87' lang='lat' dir='ltr'><strong>divina</strong></span> <span class='ocrx_word' id='word_1_64' title='bbox 955 1812 1205 1881; x_wconf 81' lang='lat' dir='ltr'>poemata</span> <span class='ocrx_word' id='word_1_65' title='bbox 1231 1797 1395 1860; x_wconf 87' lang='lat' dir='ltr'><strong>Vatis</strong></span> <span class='ocrx_word' id='word_1_66' title='bbox 1422 1822 1435 1870; x_wconf 89' lang='lat'>;</span> 
     </span>
     <span class='ocr_line' id='line_1_13' title="bbox 317 1893 1494 1966; baseline 0.002 -14"><span class='ocrx_word' id='word_1_67' title='bbox 317 1895 388 1954; x_wconf 83' lang='lat' dir='ltr'><strong>Et</strong></span> <span class='ocrx_word' id='word_1_68' title='bbox 416 1895 610 1955; x_wconf 89' lang='lat' dir='ltr'><strong>subeat</strong></span> <span class='ocrx_word' id='word_1_69' title='bbox 639 1894 823 1955; x_wconf 84' lang='lat' dir='ltr'>faciles</span> <span class='ocrx_word' id='word_1_70' title='bbox 853 1893 1063 1956; x_wconf 89' lang='lat' dir='ltr'><strong>nobilis</strong></span> <span class='ocrx_word' id='word_1_71' title='bbox 1090 1895 1283 1954; x_wconf 89' lang='lat' dir='ltr'><strong>umbra</strong></span> <span class='ocrx_word' id='word_1_72' title='bbox 1316 1893 1457 1954; x_wconf 89' lang='lat' dir='ltr'><strong>lares</strong></span> <span class='ocrx_word' id='word_1_73' title='bbox 1478 1941 1494 1966; x_wconf 82' lang='lat'><strong>‚</strong></span> 
     </span>
     <span class='ocr_line' id='line_1_14' title="bbox 235 1989 1620 2067; baseline 0.001 -19"><span class='ocrx_word' id='word_1_74' title='bbox 235 1990 403 2067; x_wconf 80' lang='lat' dir='ltr'><strong>Quae,</strong></span> <span class='ocrx_word' id='word_1_75' title='bbox 435 2013 644 2050; x_wconf 88' lang='lat' dir='ltr'><strong>memor</strong></span> <span class='ocrx_word' id='word_1_76' title='bbox 670 1991 953 2050; x_wconf 81' lang='lat' dir='ltr'><strong>immeritae</strong></span> <span class='ocrx_word' id='word_1_77' title='bbox 983 1990 1212 2050; x_wconf 87' lang='lat' dir='ltr'><strong>violenti</strong></span> <span class='ocrx_word' id='word_1_78' title='bbox 1243 1989 1471 2051; x_wconf 80' lang='lat' dir='ltr'><strong>Caesaris</strong></span> <span class='ocrx_word' id='word_1_79' title='bbox 1501 1990 1620 2061; x_wconf 80' lang='lat' dir='ltr'><strong>irae,</strong></span> 
     </span>
     <span class='ocr_line' id='line_1_15' title="bbox 319 2085 2022 2169; baseline -0.001 -26"><span class='ocrx_word' id='word_1_80' title='bbox 319 2087 565 2169; x_wconf 87' lang='lat' dir='ltr'><strong>Hospitii</strong></span> <span class='ocrx_word' id='word_1_81' title='bbox 595 2101 714 2147; x_wconf 81' lang='lat' dir='ltr'><strong>toto</strong></span> <span class='ocrx_word' id='word_1_82' title='bbox 750 2087 944 2168; x_wconf 87' lang='lat' dir='ltr'><strong>quaerit</strong></span> <span class='ocrx_word' id='word_1_83' title='bbox 977 2086 1035 2145; x_wconf 90' lang='lat' dir='ltr'><strong>in</strong></span> <span class='ocrx_word' id='word_1_84' title='bbox 1066 2087 1200 2146; x_wconf 89' lang='lat' dir='ltr'><strong>orbe</strong></span> <span class='ocrx_word' id='word_1_85' title='bbox 1233 2085 1438 2145; x_wconf 86' lang='lat' dir='ltr'><strong>locum.</strong></span> <span class='ocrx_word' id='word_1_86' title='bbox 1974 2114 2022 2141; x_wconf 77' lang='grc' dir='ltr'><strong>ιο</strong></span> 
     </span>
     <span class='ocr_line' id='line_1_16' title="bbox 238 2181 1569 2263; baseline 0 -23"><span class='ocrx_word' id='word_1_87' title='bbox 238 2181 441 2241; x_wconf 81' lang='lat' dir='ltr'><strong>Tendit</strong></span> <span class='ocrx_word' id='word_1_88' title='bbox 467 2182 534 2242; x_wconf 87' lang='lat' dir='ltr'><strong>ab</strong></span> <span class='ocrx_word' id='word_1_89' title='bbox 565 2181 796 2241; x_wconf 86' lang='lat' dir='ltr'><strong>Euxinis</strong></span> <span class='ocrx_word' id='word_1_90' title='bbox 825 2183 977 2241; x_wconf 85' lang='lat' dir='ltr'><strong>Naso</strong></span> <span class='ocrx_word' id='word_1_91' title='bbox 1014 2182 1116 2241; x_wconf 87' lang='lat' dir='ltr'><strong>tibi</strong></span> <span class='ocrx_word' id='word_1_92' title='bbox 1144 2181 1373 2240; x_wconf 86' lang='lat' dir='ltr'><strong>brachia</strong></span> <span class='ocrx_word' id='word_1_93' title='bbox 1400 2181 1537 2263; x_wconf 86' lang='lat' dir='ltr'><strong>ripis</strong></span> <span class='ocrx_word' id='word_1_94' title='bbox 1556 2227 1569 2252; x_wconf 89' lang='lat'>‚</span> 
     </span>
     <span class='ocr_line' id='line_1_17' title="bbox 321 2277 1537 2361; baseline -0.002 -24"><span class='ocrx_word' id='word_1_95' title='bbox 321 2281 395 2338; x_wconf 82' lang='lat' dir='ltr'><strong>Et</strong></span> <span class='ocrx_word' id='word_1_96' title='bbox 420 2278 666 2361; x_wconf 87' lang='lat' dir='ltr'><strong>placidos</strong></span> <span class='ocrx_word' id='word_1_97' title='bbox 695 2292 895 2361; x_wconf 87' lang='lat' dir='ltr'><strong>portus</strong></span> <span class='ocrx_word' id='word_1_98' title='bbox 925 2277 1356 2360; x_wconf 87' lang='lat' dir='ltr'><strong>confugiumque</strong></span> <span class='ocrx_word' id='word_1_99' title='bbox 1381 2277 1537 2359; x_wconf 86' lang='lat' dir='ltr'><strong>petit.</strong></span> 
     </span>
     <span class='ocr_line' id='line_1_18' title="bbox 239 2374 1576 2459; baseline -0.001 -24"><span class='ocrx_word' id='word_1_100' title='bbox 239 2374 484 2455; x_wconf 85' lang='lat' dir='ltr'><strong>Frigoris</strong></span> <span class='ocrx_word' id='word_1_101' title='bbox 509 2375 828 2459; x_wconf 78' lang='lat' dir='ltr'><strong>impatienS,</strong></span> <span class='ocrx_word' id='word_1_102' title='bbox 853 2376 1102 2435; x_wconf 89' lang='lat' dir='ltr'><strong>hirsutus</strong></span> <span class='ocrx_word' id='word_1_103' title='bbox 1130 2374 1199 2435; x_wconf 86' lang='lat' dir='ltr'><strong>ab</strong></span> <span class='ocrx_word' id='word_1_104' title='bbox 1228 2398 1325 2435; x_wconf 87' lang='lat' dir='ltr'><strong>axe</strong></span> <span class='ocrx_word' id='word_1_105' title='bbox 1358 2376 1539 2434; x_wconf 89' lang='lat' dir='ltr'><strong>Boreo</strong></span> <span class='ocrx_word' id='word_1_106' title='bbox 1561 2420 1576 2446; x_wconf 83' lang='lat'>‚</span> 
     </span>
     <span class='ocr_line' id='line_1_19' title="bbox 323 2473 1538 2556; baseline -0.002 -22"><span class='ocrx_word' id='word_1_107' title='bbox 323 2476 401 2534; x_wconf 88' lang='lat' dir='ltr'><strong>Ut</strong></span> <span class='ocrx_word' id='word_1_108' title='bbox 427 2475 612 2535; x_wconf 88' lang='lat' dir='ltr'><strong>foveas</strong></span> <span class='ocrx_word' id='word_1_109' title='bbox 643 2477 849 2536; x_wconf 88' lang='lat' dir='ltr'><strong>Batavo</strong></span> <span class='ocrx_word' id='word_1_110' title='bbox 877 2473 1118 2533; x_wconf 90' lang='lat' dir='ltr'><strong>membra</strong></span> <span class='ocrx_word' id='word_1_111' title='bbox 1149 2487 1340 2556; x_wconf 87' lang='lat' dir='ltr'><strong>tepore</strong></span> <span class='ocrx_word' id='word_1_112' title='bbox 1364 2488 1538 2551; x_wconf 86' lang='lat' dir='ltr'><strong>rogat.</strong></span> 
     </span>
     <span class='ocr_line' id='line_1_20' title="bbox 242 2569 2026 2656; baseline -0.002 -25"><span class='ocrx_word' id='word_1_113' title='bbox 242 2573 345 2643; x_wconf 81' lang='lat' dir='ltr'><strong>Et,</strong></span> <span class='ocrx_word' id='word_1_114' title='bbox 377 2596 539 2654; x_wconf 89' lang='lat' dir='ltr'><strong>quam</strong></span> <span class='ocrx_word' id='word_1_115' title='bbox 568 2596 682 2632; x_wconf 88' lang='lat' dir='ltr'><strong>nou</strong></span> <span class='ocrx_word' id='word_1_116' title='bbox 709 2573 837 2633; x_wconf 89' lang='lat' dir='ltr'><strong>Istri</strong></span> <span class='ocrx_word' id='word_1_117' title='bbox 864 2571 1049 2656; x_wconf 86' lang='lat' dir='ltr'><strong>potuit</strong></span> <span class='ocrx_word' id='word_1_118' title='bbox 1083 2569 1405 2650; x_wconf 84' lang='lat' dir='ltr'><strong>glacialibus</strong></span> <span class='ocrx_word' id='word_1_119' title='bbox 1433 2569 1599 2630; x_wconf 88' lang='lat' dir='ltr'><strong>undis</strong></span> <span class='ocrx_word' id='word_1_120' title='bbox 1617 2616 1632 2642; x_wconf 87' lang='lat'>‚</span> <span class='ocrx_word' id='word_1_121' title='bbox 1979 2583 2026 2624; x_wconf 77' lang='lat'><strong>15</strong></span> 
     </span>
     <span class='ocr_line' id='line_1_21' title="bbox 324 2665 1468 2752; baseline -0.003 -24"><span class='ocrx_word' id='word_1_122' title='bbox 324 2670 676 2730; x_wconf 85' lang='lat' dir='ltr'><strong>Heemstedio</strong></span> <span class='ocrx_word' id='word_1_123' title='bbox 707 2683 889 2752; x_wconf 85' lang='lat' dir='ltr'><strong>sperat</strong></span> <span class='ocrx_word' id='word_1_124' title='bbox 915 2668 1065 2727; x_wconf 85' lang='lat' dir='ltr'><strong>fonte</strong></span> <span class='ocrx_word' id='word_1_125' title='bbox 1094 2666 1270 2727; x_wconf 88' lang='lat' dir='ltr'><strong>levare</strong></span> <span class='ocrx_word' id='word_1_126' title='bbox 1302 2665 1468 2726; x_wconf 87' lang='lat' dir='ltr'><strong>sitim.</strong></span> 
     </span>
     <span class='ocr_line' id='line_1_22' title="bbox 245 2761 1605 2834; baseline -0.004 -8"><span class='ocrx_word' id='word_1_127' title='bbox 245 2766 304 2826; x_wconf 91' lang='lat' dir='ltr'><strong>Si</strong></span> <span class='ocrx_word' id='word_1_128' title='bbox 332 2765 461 2826; x_wconf 86' lang='lat' dir='ltr'><strong>lieet</strong></span> <span class='ocrx_word' id='word_1_129' title='bbox 486 2767 586 2826; x_wconf 87' lang='lat' dir='ltr'><strong>has</strong></span> <span class='ocrx_word' id='word_1_130' title='bbox 613 2765 794 2826; x_wconf 89' lang='lat' dir='ltr'><strong>Musis</strong></span> <span class='ocrx_word' id='word_1_131' title='bbox 828 2789 1005 2826; x_wconf 89' lang='lat' dir='ltr'><strong>sacras</strong></span> <span class='ocrx_word' id='word_1_132' title='bbox 1037 2763 1309 2824; x_wconf 89' lang='lat' dir='ltr'><strong>celebrare</strong></span> <span class='ocrx_word' id='word_1_133' title='bbox 1336 2761 1605 2834; x_wconf 87' lang='lat' dir='ltr'><strong>latebras,</strong></span> 
     </span>
     <span class='ocr_line' id='line_1_23' title="bbox 324 2858 1458 2944; baseline -0.004 -22"><span class='ocrx_word' id='word_1_134' title='bbox 324 2861 595 2922; x_wconf 87' lang='lat' dir='ltr'><strong>Exsilium</strong></span> <span class='ocrx_word' id='word_1_135' title='bbox 627 2885 908 2944; x_wconf 88' lang='lat' dir='ltr'><strong>nunquam</strong></span> <span class='ocrx_word' id='word_1_136' title='bbox 936 2860 1124 2919; x_wconf 89' lang='lat' dir='ltr'><strong>mitius</strong></span> <span class='ocrx_word' id='word_1_137' title='bbox 1152 2858 1245 2919; x_wconf 89' lang='lat' dir='ltr'><strong>ille</strong></span> <span class='ocrx_word' id='word_1_138' title='bbox 1277 2873 1458 2941; x_wconf 82' lang='lat' dir='ltr'><strong>petat3</strong></span> 
     </span>
     <span class='ocr_line' id='line_1_24' title="bbox 247 2954 1690 3037; baseline -0.006 -19"><span class='ocrx_word' id='word_1_139' title='bbox 247 2962 357 3018; x_wconf 85' lang='lat' dir='ltr'><strong>Nec</strong></span> <span class='ocrx_word' id='word_1_140' title='bbox 388 2959 648 3037; x_wconf 87' lang='lat' dir='ltr'><strong>gravibus</strong></span> <span class='ocrx_word' id='word_1_141' title='bbox 675 2957 870 3018; x_wconf 91' lang='lat' dir='ltr'><strong>molles</strong></span> <span class='ocrx_word' id='word_1_142' title='bbox 894 2955 1149 3017; x_wconf 88' lang='lat' dir='ltr'><strong>incendat</strong></span> <span class='ocrx_word' id='word_1_143' title='bbox 1180 2954 1470 3037; x_wconf 90' lang='lat' dir='ltr'><strong>questibus</strong></span> <span class='ocrx_word' id='word_1_144' title='bbox 1495 2973 1655 3011; x_wconf 85' lang='lat' dir='ltr'><strong>auras</strong></span> <span class='ocrx_word' id='word_1_145' title='bbox 1675 2996 1690 3022; x_wconf 84' lang='lat'>‚</span> 
     </span>
     <span class='ocr_line' id='line_1_25' title="bbox 328 3048 2030 3139; baseline -0.009 -22"><span class='ocrx_word' id='word_1_146' title='bbox 328 3059 446 3117; x_wconf 90' lang='lat' dir='ltr'><strong>Aut</strong></span> <span class='ocrx_word' id='word_1_147' title='bbox 472 3056 630 3117; x_wconf 87' lang='lat' dir='ltr'><strong>Latio</strong></span> <span class='ocrx_word' id='word_1_148' title='bbox 658 3056 844 3139; x_wconf 86' lang='lat' dir='ltr'><strong>cupiat</strong></span> <span class='ocrx_word' id='word_1_149' title='bbox 872 3077 1064 3115; x_wconf 87' lang='lat' dir='ltr'><strong>rursus</strong></span> <span class='ocrx_word' id='word_1_150' title='bbox 1082 3100 1097 3125; x_wconf 88' lang='lat'>‚</span> <span class='ocrx_word' id='word_1_151' title='bbox 1129 3066 1182 3111; x_wconf 88' lang='lat' dir='ltr'><strong>et</strong></span> <span class='ocrx_word' id='word_1_152' title='bbox 1207 3050 1346 3110; x_wconf 90' lang='lat' dir='ltr'><strong>urbe</strong></span> <span class='ocrx_word' id='word_1_153' title='bbox 1376 3048 1501 3108; x_wconf 87' lang='lat' dir='ltr'><strong>frui.</strong></span> <span class='ocrx_word' id='word_1_154' title='bbox 1977 3075 2030 3102; x_wconf 87' lang='lat'><strong>20</strong></span> 
     </span>
     <span class='ocr_line' id='line_1_26' title="bbox 250 3145 1566 3230; baseline -0.004 -18"><span class='ocrx_word' id='word_1_155' title='bbox 250 3154 365 3212; x_wconf 89' lang='lat' dir='ltr'><strong>Has</strong></span> <span class='ocrx_word' id='word_1_156' title='bbox 394 3152 607 3212; x_wconf 85' lang='lat' dir='ltr'><strong>habitet</strong></span> <span class='ocrx_word' id='word_1_157' title='bbox 629 3151 815 3223; x_wconf 84' lang='lat' dir='ltr'><strong>sedes;</strong></span> <span class='ocrx_word' id='word_1_158' title='bbox 846 3150 1053 3211; x_wconf 86' lang='lat' dir='ltr'><strong>rabidae</strong></span> <span class='ocrx_word' id='word_1_159' title='bbox 1077 3149 1186 3230; x_wconf 90' lang='lat' dir='ltr'><strong>jam</strong></span> <span class='ocrx_word' id='word_1_160' title='bbox 1216 3146 1444 3207; x_wconf 85' lang='lat' dir='ltr'><strong>Caesaris</strong></span> <span class='ocrx_word' id='word_1_161' title='bbox 1473 3145 1566 3207; x_wconf 80' lang='lat' dir='ltr'><strong>irae</strong></span> 
     </span>
     <span class='ocr_line' id='line_1_27' title="bbox 330 3246 1290 3326; baseline -0.006 -18"><span class='ocrx_word' id='word_1_162' title='bbox 330 3248 601 3308; x_wconf 88' lang='lat' dir='ltr'><strong>Fulminei</strong></span> <span class='ocrx_word' id='word_1_163' title='bbox 634 3264 812 3326; x_wconf 87' lang='lat' dir='ltr'><strong>grates</strong></span> <span class='ocrx_word' id='word_1_164' title='bbox 841 3246 1121 3307; x_wconf 87' lang='lat' dir='ltr'><strong>officiosus</strong></span> <span class='ocrx_word' id='word_1_165' title='bbox 1149 3258 1290 3322; x_wconf 88' lang='lat' dir='ltr'><strong>agat.</strong></span> 
     </span>
     <span class='ocr_line' id='line_1_28' title="bbox 249 3337 1642 3425; baseline -0.009 -21"><span class='ocrx_word' id='word_1_166' title='bbox 249 3342 452 3404; x_wconf 87' lang='lat' dir='ltr'><strong>Tristia</strong></span> <span class='ocrx_word' id='word_1_167' title='bbox 478 3366 579 3403; x_wconf 89' lang='lat' dir='ltr'><strong>nec</strong></span> <span class='ocrx_word' id='word_1_168' title='bbox 606 3343 795 3425; x_wconf 86' lang='lat' dir='ltr'><strong>patriae</strong></span> <span class='ocrx_word' id='word_1_169' title='bbox 828 3357 912 3402; x_wconf 86' lang='lat' dir='ltr'><strong>tot</strong></span> <span class='ocrx_word' id='word_1_170' title='bbox 940 3341 1178 3402; x_wconf 87' lang='lat' dir='ltr'><strong>carmina</strong></span> <span class='ocrx_word' id='word_1_171' title='bbox 1208 3337 1403 3398; x_wconf 88' lang='lat' dir='ltr'><strong>fundat</strong></span> <span class='ocrx_word' id='word_1_172' title='bbox 1428 3357 1611 3394; x_wconf 90' lang='lat' dir='ltr'><strong>amore</strong></span> <span class='ocrx_word' id='word_1_173' title='bbox 1629 3380 1642 3405; x_wconf 91' lang='lat'>,</span> 
     </span>
     <span class='ocr_line' id='line_1_29' title="bbox 330 3435 1734 3501; baseline -0.01 0"><span class='ocrx_word' id='word_1_174' title='bbox 330 3444 514 3501; x_wconf 86' lang='lat' dir='ltr'><strong>Laetus</strong></span> <span class='ocrx_word' id='word_1_175' title='bbox 542 3455 598 3500; x_wconf 87' lang='lat' dir='ltr'><strong>at</strong></span> <span class='ocrx_word' id='word_1_176' title='bbox 628 3439 1040 3500; x_wconf 88' lang='lat' dir='ltr'><strong>Heemstedium</strong></span> <span class='ocrx_word' id='word_1_177' title='bbox 1070 3435 1229 3497; x_wconf 89' lang='lat' dir='ltr'><strong>tollat</strong></span> <span class='ocrx_word' id='word_1_178' title='bbox 1255 3435 1325 3495; x_wconf 87' lang='lat' dir='ltr'><strong>ad</strong></span> <span class='ocrx_word' id='word_1_179' title='bbox 1352 3447 1497 3494; x_wconf 89' lang='lat' dir='ltr'><strong>astra</strong></span> <span class='ocrx_word' id='word_1_180' title='bbox 1524 3452 1734 3490; x_wconf 86' lang='lat' dir='ltr'><strong>nemus.</strong></span> 
     </span>
    </p>
   </div>
  </div>
 </body>
</html>
