2280 3776
437 328 875 385 TRISTIUM
923 328 1090 382 LIB.
1142 330 1258 384 IV.
1305 330 1545 384 ELEG.
1590 332 1714 383 III.
1844 332 1939 382 165

755 580 1148 652 ELEGIA
1215 582 1372 651 III.

742 844 1387 902 ARGUMENTUM.

180 983 429 1040 Utramque
441 983 603 1028 Ursam
616 992 817 1041 precatur
832 993 959 1041 poeta
974 1016 986 1039 ,
1006 993 1055 1028 ut
1077 984 1326 1028 Romanam
1348 983 1501 1026 urbem
1525 998 1573 1025 ae
1592 997 1772 1024 uxorem
1795 979 1947 1037 adspi-

239 1055 379 1106 ciant;
397 1054 561 1111 sibique
587 1055 784 1099 referant
803 1088 814 1109 ,
839 1055 949 1099 sitne
981 1071 1031 1098 ea
1053 1056 1196 1099 mariti
1218 1071 1414 1108 memor,
1442 1071 1494 1098 an
1520 1070 1623 1098 non.
1660 1051 1950 1097 Postmodum

234 1124 422 1180 seipsum
444 1126 584 1180 arguit
599 1158 610 1180 ,
645 1125 762 1181 quod
781 1125 950 1169 dubitet
972 1125 1025 1169 de
1046 1126 1188 1170 uxoris
1208 1126 1293 1170 fide
1308 1159 1321 1179 ,
1345 1142 1367 1169 a
1388 1142 1471 1181 qua
1497 1141 1541 1168 se
1566 1140 1637 1167 am
1648 1124 1709 1166 ari
1737 1121 1947 1177 intelligat

233 1200 329 1234 tum
351 1208 448 1234 eam
467 1191 644 1247 laudat,
671 1192 874 1249 doletque
899 1192 1014 1249 quod
1047 1208 1122 1236 sua
1153 1209 1279 1237 causa
1305 1192 1350 1235 in
1380 1191 1561 1236 adsiduo
1590 1191 1709 1234 luctu
1729 1198 1952 1233 versetur:

234 1258 414 1302 demum
435 1259 634 1304 hortatur
649 1292 661 1315 ‚
682 1269 732 1304 ut
751 1261 796 1303 in
818 1259 904 1304 fide
926 1270 1193 1318 permaneat.

180 1385 467 1471 MAGNA
496 1411 786 1495 minorque
811 1412 965 1484 ferae,
994 1435 1225 1495 quarum
1253 1410 1401 1489 regis
1433 1409 1597 1471 altera
1627 1410 1848 1480 Graias,

261 1505 449 1567 Altera
477 1507 761 1581 Sidonim,
792 1523 1023 1592 utraque
1051 1509 1189 1570 sicca
1211 1556 1225 1581 ‚
1249 1523 1420 1579 rates3

185 1600 387 1661 Omnia
416 1625 586 1684 quum
617 1627 830 1664 summo
854 1603 1048 1686 positae
1076 1602 1304 1663 videatis
1331 1603 1388 1661 in
1418 1624 1541 1675 axe,

264 1696 339 1755 Et
364 1696 528 1757 maris
559 1698 813 1759 occiduas
840 1722 955 1759 non
986 1698 1231 1758 subeatis
1258 1721 1457 1781 aquas;

185 1793 599 1877 AEtheriamque
629 1795 743 1856 suis
770 1796 994 1875 cingens
1021 1794 1364 1879 amplexibus
1393 1816 1598 1865 arcem,
1925 1808 1950 1849 s

266 1889 463 1949 Vester
491 1889 560 1949 ab
592 1889 794 1950 intacta
826 1887 1062 1950 circulus
1093 1903 1266 1950 exstet
1294 1890 1503 1960 humo;

185 1981 467 2070 Adspicite
495 1983 616 2058 illa,
648 2009 867 2070 precor,
898 2010 1017 2070 quae
1045 2010 1158 2046 non
1182 1986 1324 2047 bene
1352 1983 1551 2045 moenia
1576 1980 1855 2066 quondam

241 2159 243 2162 .
267 2081 484 2143 Dicitur
511 2082 710 2145 Iliades
739 2083 1074 2145 transiluisse
1105 2084 1345 2143 Remus:

182 2177 356 2260 Inque
381 2202 554 2239 meam
583 2179 789 2242 nitidos
819 2180 1093 2240 dominam
1123 2166 1421 2240 convertite
1450 2176 1661 2250 vultuS‚

267 2274 459 2358 Sitque
485 2299 694 2337 memor
722 2277 900 2336 nostri
926 2299 1098 2337 necne
1115 2323 1132 2347 ,
1159 2276 1355 2336 referte
1382 2274 1534 2334 mihi.
1907 2302 1959 2330 ιο

190 2371 322 2446 Heu
342 2371 511 2432 mihi!
545 2396 640 2432 cur
657 2420 672 2445 ,
695 2373 927 2434 nimium
959 2396 1077 2455 quae
1105 2387 1235 2431 sunt
1260 2370 1573 2441 manifesta,
1603 2369 1870 2452 requiro?

272 2466 388 2526 Cur
410 2466 561 2527 labat
586 2467 844 2545 ambiguo
872 2491 995 2550 spes
1022 2468 1158 2527 mihi
1185 2467 1345 2527 mista
1372 2469 1564 2528 metu?

251 2628 286 2653 1.
322 2611 486 2666 Magna
511 2613 728 2666 minorque.
751 2609 867 2653 Ursa
889 2608 1037 2652 minor

195 2678 413 2735 Cynosura
427 2676 610 2727 dicitur;
632 2675 775 2731 major
786 2707 798 2729 ‚
821 2677 981 2717 Helice.
995 2674 1035 2717 A

196 2742 474 2786 Pboenicibus
486 2741 772 2798 'potissimum
805 2739 1037 2799 Cynosura

194 2807 312 2851 inter
320 2807 612 2865 navigandum
626 2807 933 2850 observabatur
949 2824 958 2850 :
975 2806 1038 2850 Si-

197 2870 283 2914 don
305 2872 462 2929 quippe
474 2872 521 2915 in
537 2872 784 2916 Phoenicia:
804 2872 947 2926 maior
960 2887 1038 2914 au-

199 2938 291 2978 tem
309 2951 332 2978 a
357 2935 531 2981 Graecis.
560 2938 610 2980 P.
631 2961 685 2970 —
710 2939 891 2992 Utraque
908 2940 1038 2979 sicca.

202 2999 370 3042 Neutra
383 3002 619 3056 occumbit,
640 3017 721 3045 nec
740 3001 784 3044 iu
806 3000 1039 3045 Oceanum

201 3062 436 3107 descendit.
455 3065 585 3108 Mna.

257 3129 296 3169 5.
313 3130 617 3185 AEthert‘amque
634 3145 782 3172 arcem.
799 3129 957 3172 Polum
975 3145 1041 3172 ar-

203 3192 363 3235 cticum
390 3193 497 3248 :qui
527 3192 708 3236 circulus
737 3202 800 3235 est
832 3193 1041 3237 brevissi-

205 3273 302 3300 mus
322 3289 333 3311 ‚
376 3257 428 3300 ab
473 3257 597 3301 Ursis
630 3256 904 3312 nominatus,
947 3274 1042 3313 quae

204 3329 307 3364 sunt
335 3330 446 3364 astra
467 3321 606 3364 vicina
633 3322 733 3378 polo
758 3323 1043 3378 septemtrio—

208 3386 319 3440 nali,
341 3395 470 3443 atque
491 3386 590 3430 ideo
604 3396 831 3443 nequeunt
849 3387 1044 3432 occiden—

209 3451 265 3495 do
282 3460 443 3496 terram
469 3454 734 3509 contingere.
754 3456 805 3499 P.

1172 2611 1209 2652 8.
1229 2612 1399 2653 Iliades.
1420 2610 1509 2656 Iliae
1528 2610 1653 2654 filius.
1677 2612 1959 2654 Transilihse.

1126 2679 1406 2720 Transiluine
1442 2676 1588 2732 scripti
1626 2676 1826 2726 meliores
1857 2692 1868 2719 z
1901 2675 1960 2717 ita

1118 2742 1279 2785 Noster
1296 2741 1466 2797 passim.
1487 2742 1652 2785 Hnms.

1160 2824 1198 2866 9.
1209 2809 1259 2848 In
1265 2823 1398 2850 meam
1408 2810 1629 2850 dominam.
1645 2808 1696 2850 In
1708 2822 1853 2849 meam
1862 2824 1963 2852 uxo·

1119 2888 1228 2914 rem.
1247 2875 1418 2917 Nitidos
1438 2876 1588 2917 vultus.
1607 2874 1795 2929 Propter
1807 2872 1963 2916 stella-

1120 2952 1221 2979 rum
1245 2929 1434 2980 nitorem
1451 2971 1463 2990 ,
1486 2954 1572 2994 quo
1593 2938 1698 2980 nihil
1717 2938 1909 2980 nitidius.

1181 3019 1197 3045 1
1210 3020 1243 3044 1.
1273 3003 1369 3044 Heu
1399 3004 1528 3047 mihi!
1551 3020 1627 3046 cur
1651 3005 1812 3046 timui?
1846 3004 1931 3045 Cur
1947 3036 1960 3056 ,

1121 3072 1292 3111 nimium
1306 3085 1394 3123 qua·
1407 3078 1507 3111 sunt
1517 3069 1759 3123 mang‘festa,
1773 3073 1931 3124 requiro
1939 3069 1966 3112 ?

1121 3134 1273 3190 primae
1293 3134 1504 3177 editiones
1517 3143 1561 3176 et
1589 3144 1773 3190 quatuor
1790 3133 1935 3191 scripti
1952 3154 1966 3189 ;

1122 3199 1235 3241 bene
1253 3216 1264 3251 ;
1280 3199 1361 3241 nisi
1373 3198 1510 3241 mavis
1530 3202 1671 3242 timide
1690 3215 1704 3241 t
1716 3215 1819 3242 nam
1834 3202 1963 3257 prim.

1125 3263 1265 3307 Vatic.
1279 3272 1322 3306 et
1333 3263 1461 3319 prim.
1477 3263 1567 3307 Pal.
1579 3268 1746 3307 timeam
1754 3279 1771 3318 ,·
1790 3265 1880 3308 duo
1894 3267 1965 3310 alit

1123 3333 1259 3372 tt'meo.
1285 3329 1451 3371 HEINS.

1185 3410 1246 3435 12.
1277 3395 1362 3436 Cur
1384 3394 1506 3434 labat
1529 3395 1724 3447 ambiguo
1750 3409 1845 3448 spes
1875 3411 1968 3437 mea

1126 3461 1251 3502 mista
1278 3466 1385 3502 metu
1398 3459 1423 3501 ?
1453 3459 1569 3500 Mihi
1589 3462 1716 3502 mista
1753 3467 1966 3514 quatuor;
