2280 3776
428 303 886 361 TRISTIUM
924 304 1091 360 LIB.
1138 306 1273 361 111.
1320 307 1568 363 ELEG.
1625 311 1736 364 1V.

1867 315 1963 365 115

284 422 530 505 Corpore
547 468 561 494 ‚
595 422 705 483 sint
729 419 912 481 animo
944 436 1140 482 cuncta
1167 421 1397 483 videnda
1424 446 1564 484 meo.

202 520 349 581 Ante
379 519 567 581 oculos
596 533 777 580 errant
808 518 1036 592 domus,
1061 519 1223 593 urbs,
1253 536 1306 581 et
1331 521 1503 583 forma
1532 520 1808 596 locorum3

286 615 702 699 succeduntque
732 614 847 676 suis
880 613 1095 693 singula
1122 615 1259 677 facta
1288 615 1424 677 locis
1448 642 1461 677 τ

210 711 474 792 Conjugis
502 725 626 772 ante
659 709 848 772 oculos
868 756 883 783 ‚
910 710 1054 772 sicut
1079 713 1361 796 praesentis
1378 760 1392 786 ‚
1421 714 1602 794 imago
1632 729 1739 786 est;

288 805 389 867 Illa
417 829 567 867 meos
595 829 749 867 casus
778 805 1054 885 ingravat,
1087 806 1180 870 illa
1207 807 1363 869 levat.
1921 830 1977 872 oo

210 903 466 980 Ingravat
482 900 613 974 hoc,
636 900 787 985 quod
802 901 958 964 abest
974 927 987 975 ;
1002 901 1144 963 levat
1153 903 1260 964 hoc
1274 953 1288 978 ‚
1306 904 1457 988 quod
1474 919 1694 989 praestat
1708 929 1942 967 amorem
1962 954 1975 979 ,

288 998 727 1083 Impositumque
756 998 864 1059 sibi
890 998 1046 1061 firma
1076 1014 1264 1061 tuetur
1292 1024 1449 1062 onus·

211 1095 330 1170 Vos
361 1118 613 1178 quoque,
644 1093 966 1177 pectoribus
996 1096 1201 1156 nostris
1230 1096 1470 1168 haeretis,
1502 1096 1690 1169 amici,

288 1192 485 1253 Dicere
515 1214 656 1275 quos
685 1191 850 1273 cupio
884 1191 1110 1252 nomine
1138 1214 1409 1276 quemque
1439 1214 1576 1252 suo:

215 1288 320 1350 Sed
348 1288 516 1350 timor
545 1286 788 1348 officium
813 1302 1007 1347 cautus
1038 1289 1367 1370 compescit3
1401 1304 1455 1349 et
1481 1287 1634 1372 ipsos
1931 1307 1987 1350 05

297 1388 363 1446 ln
388 1398 583 1445 nostro
612 1383 747 1468 poni
777 1381 1012 1444 carmine
1041 1382 1191 1444 nolle
1219 1399 1377 1467 puto.

219 1483 372 1543 Ante
400 1479 667 1543 volebatis
684 1526 699 1554 ‚
731 1479 982 1563 gratique
1011 1494 1124 1540 erat
1154 1480 1325 1540 instar
1354 1478 1613 1553 honoris,

300 1575 569 1637 Versibus
597 1575 657 1635 in
685 1574 888 1636 nostris
917 1573 1144 1635 nomina
1171 1588 1349 1634 vestra
1377 1573 1502 1653 legi.

225 1671 398 1752 Quod
425 1669 684 1755 quoniam
710 1685 794 1733 est
820 1694 1047 1754 anceps,
1077 1671 1222 1732 intra
1242 1694 1360 1732 mea
1382 1686 1606 1755 pectora
1637 1696 1909 1758 quemque

304 1767 625 1850 Adloquar‚
655 1781 710 1827 et
736 1765 873 1827 nulli
904 1789 1065 1829 causa
1096 1766 1311 1828 timoris
1342 1789 1451 1827 ern.

1939 1800 1993 1843 70

222 1869 337 1928 Nec
361 1888 514 1926 meus
542 1864 743 1926 indicio
775 1863 1047 1925 latitantes
1071 1886 1260 1925 versus
1286 1864 1491 1925 amicos

302 1960 630 2032 Protrahet;
662 1959 871 2021 occulte
897 1961 943 2021 si
973 1961 1096 2043 quis
1126 1960 1356 2033 amavit,
1386 1976 1545 2022 amet.

212 2060 372 2150 ¹Scite
398 2074 577 2121 tamen
594 2106 610 2132 ‚
644 2057 890 2145 quamvis
919 2050 1103 2137 longa'⁸
1114 2059 1336 2137 regione
1360 2074 1603 2121 remotus

306 2155 502 2218 Absim
521 2203 535 2229 ‚
559 2178 660 2216 vos
685 2155 866 2215 animo
897 2178 1114 2238 semper
1142 2155 1325 2217 adesse
1353 2178 1509 2226 meo;

286 2319 350 2374 57.
363 2317 478 2362 Ante
490 2321 633 2362 oculos
645 2325 755 2362 errat
761 2320 907 2362 domus
917 2352 927 2370 ,
947 2321 1045 2361 urbs
1056 2351 1068 2370 ‚

234 2388 276 2425 et
292 2381 437 2436 forma
467 2384 661 2426 Iocorum.
700 2382 884 2427 Numeri
921 2382 1075 2425 durio-

234 2462 304 2494 res
317 2446 416 2489 satis
433 2455 624 2503 arguunt
641 2455 816 2490 versum
830 2461 920 2490 esse
933 2462 1072 2490 men-

237 2509 394 2553 dosum
411 2525 422 2553 z
439 2519 580 2553 errant
601 2509 648 2552 in
674 2509 821 2554 multis
850 2519 1074 2561 veter-unu

237 2590 352 2618 unus
363 2577 535 2628 aderam
554 2573 659 2618 alius
668 2577 817 2627 hen-n
842 2573 1079 2618 Medonia-

238 2655 349 2691 nus3
373 2657 394 2677 «
423 2639 542 2683 Ante
569 2639 714 2683 oculos
743 2639 843 2682 urbs
872 2655 921 2682 ac
943 2639 1080 2683 haeret

236 2703 416 2748 fortuna
439 2702 656 2757 locorum;
682 2722 704 2743 »
734 2704 1080 2760 Hamburgensis

239 2767 355 2812 inter
372 2769 652 2812 vetustiores:
669 2786 690 2806 «
706 2769 824 2812 Ante
839 2769 984 2811 oculos
999 2768 1081 2811 do-

242 2849 338 2878 mus
356 2834 474 2878 urbis
494 2843 587 2878 erat
605 2843 651 2876 et
667 2835 812 2876 forma
831 2833 1042 2876 locorum.
1057 2851 1079 2871 »
1106 2842 1109 2843 ’

243 2899 358 2944 Puto
387 2898 665 2944 scribendum
693 2914 703 2942 :
736 2916 758 2936 «
782 2898 900 2942 Ante
937 2898 1082 2942 oculos

241 2965 446 3023 urbisque
470 2966 627 3010 domus
654 2975 698 3009 et
723 2965 865 3008 forma
885 2964 1083 3008 locorum

243 3039 320 3074 est.
334 3049 356 3070 »
369 3030 607 3087 Sequentia
618 3031 884 3075 confirmant
899 3042 908 3070 :
922 3048 945 3068 «
967 3028 1084 3072 Con·

243 3095 355 3153 jugis
374 3103 474 3138 ante
489 3096 634 3138 oculos
647 3128 659 3149 ,
680 3105 887 3152 tanquam
903 3110 1085 3152 proesen-
1110 3096 1114 3100 ’

246 3160 299 3204 tis
316 3192 328 3214 ,
349 3159 493 3216 imago
511 3168 586 3203 est.
603 3177 625 3197 ›-
642 3159 718 3203 Ait
737 3159 892 3204 domos
906 3161 1026 3204 urbis
1042 3170 1086 3205 et

249 3222 446 3267 locorum
466 3222 655 3266 formam
675 3223 808 3267 oculis
825 3225 911 3267 suis
927 3225 1086 3268 obver-
1106 3255 1109 3258 -

247 3289 345 3332 sari.
364 3289 484 3332 Stare
502 3297 548 3332 et
563 3304 655 3332 esse
672 3298 773 3332 ante
788 3291 931 3332 oculos
947 3290 1090 3332 usita-

250 3362 349 3396 tum
369 3353 540 3397 Nostro.
554 3353 684 3396 Pont.
707 3353 751 3396 ΙΙ
767 3384 779 3406 ,
797 3352 916 3409 Eleg.
939 3367 964 3393 x
977 3385 989 3406 ,
1006 3354 1089 3407 44:

255 3435 274 3453 «
296 3417 410 3462 Ante
430 3427 526 3463 tuos
545 3417 689 3463 oculos
706 3450 718 3473 ,
737 3425 785 3460 ut
805 3415 938 3472 modo
949 3417 1062 3461 visus
1078 3450 1090 3473 ‚

1135 2302 1243 2362 ¹ero.
1260 2337 1282 2356 »ι
1295 2318 1355 2362 H.
1369 2340 1423 2350 —
1437 2317 1589 2373 Quem
1609 2315 1777 2361 edimus
1795 2334 1969 2364 versum
1980 2353 1992 2374 ‚

1154 2382 1202 2424 in
1224 2381 1433 2425 ambobus
1457 2382 1603 2439 Regiis
1628 2383 1799 2440 legitur.

1209 2447 1276 2489 61.
1302 2447 1435 2488 levat
1460 2447 1559 2490 hoec.
1588 2448 1685 2490 Hoc
1706 2464 1808 2491 cum
1832 2450 1999 2507 scriptis

1155 2510 1407 2567 potioribus.
1427 2510 1490 2553 H.

1162 2604 1166 2607 -
1203 2575 1277 2629 ⁴64.
1309 2577 1463 2619 Dicere
1483 2591 1588 2632 quos
1612 2579 1748 2631 cupio.
1771 2576 1894 2620 Malo
1914 2594 1998 2622 cu-

1150 2643 1283 2693 piam.
1302 2638 1363 2681 H.

1213 2703 1280 2746 65.
1319 2702 1529 2760 Officium.
1559 2704 1613 2747 In
1645 2704 1906 2760 quibusdam
1935 2716 2001 2752 est

1159 2768 1318 2825 offic-175
1353 2767 1399 2811 in
1431 2769 1521 2813 aliis
1544 2768 1678 2814 etiam
1697 2778 1872 2826 cautos‚·
1903 2787 2002 2828 quae

1161 2832 1370 2889 jungebat
1397 2832 1503 2876 olim
1535 2833 1768 2887 Heinsius,
1801 2844 1845 2878 et
1870 2837 2010 2893 officii

1161 2906 1310 2943 cautos
1327 2897 1410 2955 legi
1430 2915 1552 2957 posse
1572 2901 1763 2956 putabat.
1785 2899 1877 2944 Sed
1897 2910 2004 2945 tunc

1163 2963 1340 3010 mallem
1360 2962 1494 3022 officii
1506 2972 1673 3008 cautum
1692 2971 1934 3020 compescit,
1960 2966 2006 3009 id

1153 3035 1248 3077 -est,
1272 3043 1343 3070 me
1367 3036 1490 3071 caute
1507 3037 1553 3071 et
1566 3027 1807 3084 prudenter
1826 3029 2006 3072 officio-

1165 3108 1280 3146 sum,
1293 3108 1350 3135 ne
1364 3108 1546 3136 noceam
1561 3093 1709 3136 officio
1718 3109 1833 3137 meo.
1845 3094 2006 3138 Bunm.

1219 3157 1285 3212 67.
1323 3159 1523 3213 Gnatique
1551 3166 1645 3200 erat
1670 3162 1810 3200 instar
1837 3164 2006 3202 ωπον-ὑ.

1169 3223 1352 3264 Honoris
1371 3222 1484 3282 bene
1505 3238 1617 3265 unus
1640 3222 1890 3267 Vaticanus.
1913 3224 1973 3267 H.

1226 3288 1288 3342 73.
1305 3288 1415 3330 Scite
1437 3295 1588 3331 tamen.
1610 3288 1756 3331 Etiam
1776 3288 1857 3333 hoc
1877 3289 2008 3332 disti-

1169 3352 1282 3396 chon
1305 3353 1555 3410 importune
1573 3354 1643 3399 hic
1662 3355 1835 3399 videtur
1863 3356 2009 3399 incul-

1169 3427 1329 3462 catum.
1350 3419 1409 3462 H.
