2280 3776
273 305 378 359 262

753 306 816 358 P.
863 296 1160 360 OVIDII
1209 296 1579 361 NASONIS

273 423 378 494 At,
410 435 572 503 puto,
609 443 777 501 quum
803 419 1044 500 requies,
1072 421 1447 505 medicinaque
1471 421 1694 505 publica
1725 442 1864 482 curae

357 517 592 575 Somnus
617 513 798 586 adest,
831 513 1008 574 solitis
1035 539 1144 576 nox
1170 519 1316 577 venit
1343 520 1478 579 orba
1504 517 1689 580 malis:

275 613 495 673 Somnia
525 634 610 669 me
639 625 843 671 terrent
872 626 1028 677 veros
1061 613 1328 674 imitantia
1356 638 1546 687 casus;
1982 630 2037 685 45

358 711 433 767 Et
458 706 684 785 vigilant
717 731 907 769 sensus
933 709 991 769 in
1019 733 1136 770 mea
1164 710 1355 771 damna
1386 710 1507 770 mei.

275 809 392 867 Aut
424 830 523 883 ego
552 805 872 866 Sarmaticas
898 806 1084 866 videor
1110 806 1277 867 vitare
1306 807 1562 882 sagittas3

356 904 472 962 Aut
502 902 625 961 dare
657 903 895 983 captivas
924 902 991 962 ad
1021 903 1133 962 fera
1160 902 1337 962 vincla
1363 925 1554 964 manus
1579 928 1592 962 ε

275 1001 414 1068 Aut,
445 999 543 1058 ubi
572 999 811 1081 decipior
837 998 1078 1058 melioris
1103 998 1338 1076 imagine
1366 997 1574 1069 somni,

355 1094 621 1177 Adspicio
650 1094 838 1177 patriae
866 1109 1003 1154 tecta
1029 1094 1214 1155 relicta
1246 1117 1376 1154 meae
1402 1119 1414 1152 :
1986 1111 2040 1151 50

275 1192 350 1252 Et
374 1192 541 1251 modo
570 1191 880 1262 vobiscum,
912 1215 1053 1274 quos
1085 1209 1205 1252 su'm
1232 1205 1543 1262 veneratuS‚
1571 1190 1758 1264 amici,

354 1289 430 1347 Et
460 1287 626 1348 modo
659 1311 781 1347 cum
813 1311 934 1347 cara
962 1289 1225 1369 conjuge,
1257 1287 1429 1348 multa
1459 1287 1678 1370 loquor.
1762 1278 1765 1281 ¹

280 1382 396 1452 Sic,
426 1383 524 1442 ubi
555 1397 805 1464 percepta
835 1397 917 1442 est
942 1383 1123 1443 brevis
1153 1397 1205 1442 et
1235 1407 1351 1443 non
1377 1406 1500 1443 vera
1528 1381 1782 1465 voluptas
1802 1426 1817 1452 ‚

356 1479 522 1559 Pejor
549 1479 616 1537 ab
644 1479 926 1538 admonitu
955 1479 1018 1538 fit
1047 1494 1222 1540 statu-s
1253 1480 1355 1538 iste
1379 1478 1532 1538 boni.

278 1574 400 1634 Sive
430 1574 544 1633 dies
576 1574 744 1652 igitur
772 1589 936 1656 caput
962 1574 1068 1634 hoc
1095 1573 1404 1634 miserabile
1431 1574 1602 1633 cernit
1622 1618 1637 1644 ,
1984 1587 2037 1629 55

357 1671 479 1730 Sive
504 1672 750 1754 pruinosi
778 1672 958 1731 noctis
987 1685 1228 1749 aguntur
1253 1670 1381 1754 equi
1408 1695 1420 1743 ;

279 1767 367 1827 Sic
392 1791 510 1827 mea
538 1768 816 1850 perpetuis
843 1758 1133 1852 liquefiunt
1161 1755 1384 1851 pectora
1413 1766 1589 1839 curiS‚

275 1944 354 1984 pus
372 1929 616 1985 Porrigitur
631 1963 642 1983 ‚
667 1939 894 1987 rostroque
916 1931 1118 1981 immanis

273 1992 420 2035 vultur
438 1994 609 2037 obunco
623 1995 874 2038 Immortale
890 1996 1012 2051 jecur
1025 2005 1120 2039 tun-

277 2057 385 2101 dens
403 2090 414 2112 ,
443 2058 733 2116 foecundaque
755 2061 892 2116 poenis
914 2060 1116 2114 Viscera,

275 2121 545 2177 rimaturque
571 2123 733 2179 epulis,
759 2124 1008 2179 habitatque
1033 2125 1119 2166 'sub

277 2187 363 2230 alto
382 2188 563 2231 Pectore
581 2203 592 2231 t
614 2204 697 2231 nec
715 2188 835 2231 fibris
854 2189 1027 2244 requies
1046 2188 1121 2231 da'-

278 2260 350 2295 tur
368 2251 451 2294 ulta
471 2253 644 2295 renatis.
658 2271 678 2290 »

317 2319 382 2372 43.
393 2318 862 2374 Μσᾶιὶὴιαᾳιιεμιιᾶῐιϊα
870 2335 987 2362 curoe.
999 2317 1120 2362 Som-

277 2398 360 2424 nus
379 2384 498 2425 enim
516 2383 624 2426 solet
644 2399 734 2426 esse
755 2381 1122 2427 curarum'medi-

276 2448 385 2491 cina.
405 2447 537 2490 Unde
552 2448 633 2492 Iris
648 2481 660 2502 ‚
677 2448 789 2503 apud
810 2447 940 2492 Ovid.
962 2449 1032 2491 lib.
1055 2448 1120 2491 XI

279 2513 577 2569 Metamorph.
592 2515 651 2556 ita
663 2514 857 2570 {oquitur
870 2530 880 2556 ε
895 2533 914 2550 «
928 2514 1095 2558 Somne
1105 2548 1117 2569 ,

278 2579 398 2635 quies
423 2594 571 2620 rerum
595 2611 606 2631 ‚
641 2578 921 2633 placidissime
953 2579 1118 2622 Somne

278 2643 476 2684 Deorum
502 2659 512 2692 ;
544 2642 631 2684 Pax
656 2642 791 2684 animi
815 2674 827 2694 ,
862 2658 994 2697 quem
1018 2658 1121 2686 cura

266 2707 389 2763 ‘sugit
406 2739 417 2760 ,
441 2707 513 2763 qui
538 2722 719 2762 corpora
738 2706 858 2749 duris
881 2707 1007 2750 Fessa
1029 2707 1121 2750 mi-

279 2773 466 2817 nisteriis
476 2773 654 2826 mulces,
668 2789 926 2829 reparasque
939 2773 1086 2817 laburi.
1098 2792 1120 2812 »

332 2840 396 2892 45.
415 2834 637 2879 Imitantt'a
655 2853 776 2879 veros
801 2853 938 2882 casus.
956 2838 1121 2893 Quum

279 2903 480 2947 sintsalsa
493 2936 505 2956 ,
520 2902 725 2946 videntur
743 2912 891 2946 tamen
904 2919 1004 2946 vera
1017 2918 1120 2946 esse.

334 2969 399 3022 46.
415 2970 475 3010 Et
485 2972 664 3022 vigilant
674 2983 832 3011 sensus.
849 2968 907 3010 Et
920 2968 1006 3010 mei
1020 2983 1122 3010 sen-

278 3050 348 3077 sus
362 3066 373 3087 ,
394 3034 558 3089 inquit,
582 3033 759 3088 vigilant
771 3065 781 3085 ,
798 3031 1056 3076 somniando
1071 3047 1120 3074 ea

281 3116 376 3156 quae
397 3101 501 3142 mihi
525 3100 738 3142 damnum
756 3098 974 3142 adferunt.

335 3166 400 3217 48.
425 3167 622 3219 Captivas
637 3163 790 3215 infera
808 3168 949 3206 vincla
961 3178 1119 3221 manus.

284 3228 460 3281 Adsem
473 3232 614 3270 vincla
625 3229 768 3284 scripti
785 3244 891 3271 max.
913 3242 965 3270 ex
984 3233 1118 3284 parte.

335 3295 400 3350 49.
417 3293 601 3345 Imagine
617 3297 762 3335 somni.
781 3293 810 3334 J
813 3291 1122 3334 ucundioribus

281 3355 459 3403 somniis
473 3387 484 3406 ‚
507 3356 661 3411 quibus
683 3355 906 3398 interdum
924 3354 1119 3398 deludor.

281 3449 334 3458 -
355 3425 499 3467 Somni
526 3420 630 3464 dixit
660 3436 740 3478 per
769 3420 1015 3478 Synaeresin
1041 3433 1121 3475 pro

1194 1934 1360 1973 somnii.
1375 1930 1442 1973 Ut
1454 1929 1576 1986 Virg.
1599 1929 1746 1984 Eclog.
1768 1930 1789 1972 1
1801 1961 1814 1982 ‚
1836 1945 1945 1972 vers.
1962 1928 2038 1971 33:

1198 2011 1275 2038 nec
1294 2011 1396 2036 cura
1406 1997 1558 2049 peculi.
1582 1993 1761 2036 Ludunt
1774 1996 1855 2036 nos
1871 1995 2042 2036 somnia

1195 2063 1244 2104 in
1264 2070 1496 2116 utramque
1517 2061 1698 2116 partem.
1719 2061 1769 2103 P.

1255 2129 1320 2169 5ο.
1360 2129 1489 2169 Tecta
1519 2129 1677 2169 relicta.
1729 2128 1878 2181 Regna
1919 2129 2043 2168 beata

1202 2205 1314 2235 unus
1342 2207 1351 2233 :
1380 2206 1434 2233 an
1468 2190 1633 2233 dictum
1665 2200 1716 2234 ut
1748 2190 1861 2246 apud
1892 2189 2044 2243 virgil.

1201 2253 1290 2306 Ed.
1314 2255 1335 2298 Ι
1352 2287 1363 2308 ,
1389 2270 1448 2297 vs.
1471 2271 1522 2309 70
1545 2269 1554 2296 :
1575 2273 1596 2291 «
1611 2255 1715 2298 Post
1735 2254 1925 2309 aiiquot,
1947 2269 2044 2295 mea

1198 2315 1335 2374 regna
1354 2319 1506 2362 videns
1521 2351 1532 2372 ‚
1556 2319 1750 2362 mirabor
1771 2317 1930 2361 aristas.
1948 2336 1969 2354 υ

1256 2385 1320 2428 53.
1347 2386 1415 2428 Sic
1428 2417 1438 2433 ,
1460 2388 1739 2439 ubipercepta
1762 2391 1828 2425 est
1851 2386 1982 2425 brevis
2006 2390 2049 2425 et

1201 2465 1282 2491 non
1308 2465 1408 2492 vera
1434 2451 1639 2503 voluptas.
1663 2449 1882 2491 Numeros
1905 2448 2046 2490 Naso-

1200 2514 1354 2556 nianos
1369 2513 1440 2556 hic
1457 2530 1548 2556 non
1570 2528 1777 2568 agnosco:
1797 2528 1819 2554 a
1834 2512 2044 2556 Patavino

1201 2579 1384 2622 verbum
1405 2578 1721 2622 substantivum
1747 2578 1905 2620 aberat.
1931 2577 2043 2619 For-

1196 2653 1243 2687 ‘te
1258 2661 1267 2687 ε
1285 2662 1306 2681 κ
1324 2643 1396 2687 Sic
1410 2643 1483 2686 ubi
1495 2644 1583 2699 jam
1597 2651 1797 2699 percepta
1811 2641 1949 2684 brevis
1961 2657 2043 2684 nec

1202 2724 1302 2752 vera
1322 2709 1530 2764 voluptas.
1545 2726 1566 2744 »
1590 2708 1695 2749 Mox
1709 2714 1846 2748 status
1858 2709 1938 2746 iste
1951 2719 2042 2747 non

1199 2778 1272 2817 ille
1287 2774 1432 2830 scripti
1448 2773 1646 2815 meliores
1670 2788 1680 2814 :
1703 2780 1746 2814 et
1762 2780 1907 2827 postea
1923 2776 2044 2825 prui-

1201 2841 1300 2882 nost*
1308 2841 1421 2894 equi,
1446 2852 1535 2879 non
1551 2841 1762 2891 prut'nosae
1775 2840 1909 2878 noctis
1930 2851 1942 2877 :
1965 2835 2044 2878 etsi

1199 2905 1245 2946 in
1265 2902 1498 2946 Amoribus
1517 2900 1831 2943 dixeritnoster
1847 2933 1858 2954 ,
1874 2899 1945 2942 lib.
1968 2900 2011 2943 ΙΙ
2029 2933 2040 2954 ,

1202 2968 1436 3022 Eleg.x1x,
1462 2982 1520 3008 vs.
1538 2982 1586 3007 22
1603 2981 1614 3007 :
1632 2982 1653 3002 «
1675 2965 1823 3019 Longa
1838 2964 2044 3020 pruinosa

1199 3030 1362 3086 frigora
1382 3038 1510 3072 nocte
1530 3027 1631 3084 pati.
1651 3047 1672 3065 ν)
1695 3030 1754 3071 Η.

1256 3097 1321 3148 54.
1335 3095 1406 3137 Ab
1417 3097 1643 3137 admonitu.
1658 3095 1763 3137 Post
1774 3093 2040 3138 recordatio-

1201 3175 1305 3204 nem
1324 3159 1475 3216 patriae
1489 3192 1501 3213 ‚
1527 3159 1766 3202 amicorum
1780 3191 1792 3213 ,
1822 3168 1866 3202 et
1887 3159 2044 3214 co'nju—
2086 3190 2089 3192 -

1201 3227 1260 3281 gis
1276 3258 1286 3278 ,
1310 3239 1405 3280 quae
1419 3231 1624 3279 tanquam
1647 3223 1762 3266 bona
1773 3223 1880 3266 mihi
1895 3232 2042 3279 erepta

1204 3307 1293 3333 esse
1316 3289 1456 3331 doleo.

1255 3357 1320 3397 55.
1343 3357 1480 3409 Capul
1497 3357 1586 3397 boc.
1608 3354 1809 3410 Seipsum
1834 3353 2041 3408 designat.

1256 3423 1278 3463 5
1285 3436 1304 3475 7
1311 3451 1320 3461 .
1329 3420 1562 3474 Liquefiunt
1566 3427 1739 3473 pectora
1748 3422 1870 3461 cut-125.
1882 3416 1952 3461 Sic
1962 3417 2042 3459 Fa-
