2280 3776
294 384 402 462 374

753 387 817 438 P.
874 384 1181 440 OVIDII
1227 384 1612 442 NASONIS

377 501 509 560 Haec
539 515 622 560 est
652 523 754 582 pro
781 499 966 560 miseri
991 499 1136 561 lenta
1168 500 1343 562 salute
1368 502 1487 562 viri.
1535 552 1542 561 .
1911 571 1913 574 ,

297 596 595 678 Quumque
624 619 724 673 ego
753 595 1028 669 deficiam,
1060 621 1159 658 nec
1182 599 1394 681 possim
1426 599 1621 660 ducere
1654 623 1870 661 currum
1889 650 1906 676 ‚

373 695 479 752 Fac
512 709 572 754 tu
603 695 870 755 sustineas
901 695 1081 756 debile
1108 695 1227 756 sola
1250 697 1463 777 jugum.

293 792 384 851 Ad
412 791 682 853 medicum
713 808 932 877 specto,
963 794 1113 854 venis
1138 793 1481 871 fiJgientibus
1508 818 1650 875 aeger
1671 821 1689 857 τ

377 886 587 949 Ultima
615 913 743 971 pars
771 890 963 951 animae
995 891 1127 950 dum
1154 891 1291 950 mihi
1321 907 1523 964 restat,
1550 893 1694 955 ades,
2016 921 2071 967 7⁰

300 984 578 1067 Quodque
610 1011 712 1064 ego
732 1002 1087 1069 praestarem,
1119 988 1165 1049 si
1197 1003 1249 1048 te
1279 989 1452 1068 magis
1481 988 1600 1073 ipse
1626 990 1885 1064 valerem,

373 1082 440 1141 Id
468 1083 638 1157 mihi,
671 1109 842 1167 quum
869 1086 1046 1147 valeas
1075 1086 1308 1159 fortius,
1341 1088 1463 1171 ipsa
1488 1089 1643 1150 refer.

297 1178 486 1256 Exigit
515 1179 621 1240 hoc
650 1181 865 1243 socialis
891 1207 1070 1254 amor,
1100 1183 1390 1268 foedusque
1418 1187 1708 1262 maritum;

378 1276 639 1339 Moribus
669 1279 804 1352 hoc,
832 1281 1063 1362 conjux,
1097 1280 1270 1360 exigis
1296 1280 1417 1364 ipsa
1445 1282 1570 1344 tuiS.

294 1373 415 1432 Hoc
447 1374 634 1435 domui
666 1376 860 1448 debeS,
896 1378 960 1438 de
993 1401 1102 1460 qua
1129 1378 1404 1450 censeris,
1435 1392 1502 1438 ut
1523 1377 1675 1439 illam
2019 1393 2072 1451 75

374 1471 502 1529 Non
531 1473 705 1551 magis
737 1473 969 1545 officiis,
1006 1499 1168 1557 quam
1198 1476 1507 1558 probitate,
1541 1475 1706 1536 colas,

297 1565 510 1627 Cuncta
534 1566 664 1628 licet
693 1570 858 1630 facias
879 1618 893 1642 ‚
920 1570 1028 1630 nisi
1056 1571 1132 1632 sis
1159 1571 1455 1633 laudabilis
1482 1594 1648 1645 uxor,

373 1665 502 1723 Non
533 1666 742 1747 poterit
768 1668 916 1727 credi
945 1667 1156 1730 Marcia
1186 1669 1333 1731 culta
1359 1670 1482 1730 tibi.

292 1761 405 1820 Nec
437 1784 625 1822 sumus
654 1762 903 1841 indigni3
934 1788 1036 1825 nec
1059 1812 1074 1838 ‚
1105 1766 1152 1825 si
1179 1767 1262 1826 vis
1290 1790 1415 1826 vera
1439 1766 1630 1836 fateri,
1972 1846 1974 1848 v

378 1855 627 1918 Debetur
655 1859 864 1919 meritis
895 1861 1068 1938 gratia
1098 1861 1248 1922 nulla
1273 1863 1425 1923 meis.
2021 1877 2075 1918 8ο

296 1950 570 2012 Redditur
598 1952 691 2013 illa
722 1955 941 2036 quidem
974 1957 1167 2034 grandi
1195 1981 1319 2017 cum
1344 1959 1556 2017 foenore
1581 1957 1776 2030 nobiS,

377 2048 491 2108 Nec
519 2063 572 2107 te
589 2096 603 2120 ‚
636 2050 682 2109 si
714 2052 896 2135 cupiat
918 2051 1112 2113 laedere
1134 2102 1149 2126 ‚
1180 2052 1324 2114 livor
1348 2053 1537 2114 habet.

297 2144 406 2204 Sed
435 2160 615 2206 tamen
639 2148 746 2208 hoc
774 2149 932 2210 factis
961 2150 1195 2231 adjunge
1223 2151 1508 2235 prioribus
1535 2176 1711 2212 unum
1728 2199 1744 2224 ‚

296 2298 386 2325 uno
399 2283 615 2327 Vaticano
634 2301 644 2328 ε
665 2302 688 2322 «
711 2285 884 2342 Quare,
898 2295 946 2330 tu
959 2296 1114 2344 praesta
1130 2320 1143 2344 ,

299 2365 357 2391 ne
375 2347 487 2392 livor
506 2349 650 2394 dicere
670 2351 815 2408 possit.
833 2370 855 2390 »
876 2351 935 2395 Η.

336 2414 402 2470 67.
420 2417 630 2472 Quumque
638 2433 714 2471 ego
726 2419 927 2473 deficiam.
937 2417 995 2462 Et
1007 2432 1145 2474 quum

297 2477 405 2521 mihi
422 2478 534 2523 vires
556 2479 711 2524 desint.
724 2505 780 2514 -
790 2484 879 2526 Nec
883 2488 1046 2538 possim
1064 2487 1145 2526 du-

298 2559 389 2587 cere
411 2560 583 2589 currum.
605 2545 837 2602 Tanquam
859 2548 1034 2605 auriga;
1060 2547 1146 2592 hoc

300 2616 365 2650 est
378 2639 389 2661 ,
405 2624 488 2651 nec
502 2608 660 2664 possim
674 2611 804 2655 rebus
819 2612 926 2655 meis
941 2628 1121 2669 praeesse
1133 2645 1146 2668 ,

303 2672 403 2729 quia
424 2672 477 2716 ab
499 2674 604 2717 urbe
626 2675 791 2718 absum.

352 2738 420 2781 68.
441 2739 594 2781 Debile
600 2739 766 2795 jugum.
796 2741 886 2786 Res
918 2758 1037 2786 meas
1058 2741 1147 2786 de-

300 2802 407 2846 biles
427 2811 470 2845 et
491 2803 697 2847 adflictas.

352 2868 421 2928 69.
437 2871 516 2911 Ad
522 2873 723 2914 medicum
733 2882 890 2928 specto.
902 2874 973 2917 Ad
991 2883 1033 2918 te
1046 2891 1148 2919 con·

298 2931 417 2989 fugio
444 2965 455 2986 ,
491 2942 702 2991 tanquam
734 2939 883 2994 aegroti
915 2938 969 2982 ad
1004 2939 1148 2983 medi-

300 3014 469 3042 cum.—
477 3001 885 3058 Venisfuge'entibus.
899 3004 1146 3049 Deficiente

298 3064 451 3120 spiritu
478 3075 526 3110 et
553 3068 777 3124 sanguine.
813 3070 917 3126 Qua
943 3069 1146 3113 similitu-

300 3129 401 3174 dine
434 3129 538 3175 dicit
569 3148 726 3187 parum
760 3134 857 3178 vitae
895 3135 975 3178 sibi
1006 3151 1146 3191 supe-

302 3210 429 3238 resse.
452 3197 582 3241 Mna.

358 3275 378 3315 7
386 3262 421 3301 5.
434 3262 527 3303 Hoc
538 3266 683 3308 domui
692 3269 825 3311 debes.
835 3266 1029 3311 Familiae
1043 3275 1144 3320 tuae,

305 3338 400 3378 quae
429 3339 529 3380 erga
550 3343 649 3371 suos
673 3330 867 3374 officiosa
887 3341 952 3375 est
968 3365 979 3386 ,
1010 3331 1145 3374 fidem

303 3389 432 3431 debes
455 3390 751 3437 imitari.-l)e
769 3412 851 3452 qua
869 3402 1060 3440 censet-125.
1076 3397 1146 3441 Ad

300 3469 427 3507 quam
445 3456 632 3511 pertines
646 3490 657 3511 ,
674 3458 726 3503 de
742 3475 825 3514 qua
842 3462 1084 3504 numeraris
1100 3461 1145 3503 in

301 3533 445 3562 rensu.
479 3519 767 3579 Unaquaeque
796 3525 918 3568 enim
948 3525 1142 3582 familia,

1228 2299 1272 2334 et
1295 2299 1412 2334 totus
1432 2288 1617 2346 populus
1645 2287 1914 2332 censebatur.
1943 2286 2075 2330 Mum.

1283 2356 1346 2414 76.
1367 2356 1460 2401 Non
1478 2359 1616 2397 minus
1635 2353 1805 2411 officiis.
1826 2354 1922 2396 Non
1941 2356 2076 2408 magIs

1226 2420 1422 2478 plerique
1440 2428 1610 2464 veteres
1632 2437 1643 2471 ;
1674 2418 1792 2476 quod
1818 2434 1974 2461 verum
1998 2426 2076 2461 est.

1226 2486 1441 2531 H.-Non
1455 2482 1870 2541 minusoffic1'12c.Pro
1889 2500 1942 2527 eo
1957 2481 2075 2540 quod

1226 2560 1291 2595 est
1312 2567 1324 2595 t
1344 2567 1435 2594 nou
1456 2550 1598 2594 solum
1618 2551 1752 2607 proba
1769 2583 1781 2604 ‚
1811 2549 1888 2593 sed
1904 2557 1948 2592 et
1969 2547 2078 2590 offi-

1227 2616 1342 2661 ciosa
1362 2633 1463 2675 erga
1483 2633 1555 2659 me
1576 2632 1668 2660 esse
1686 2615 1832 2658 debes.
1846 2613 2022 2656 Mlcn..

1283 2701 1304 2740 7
1312 2701 1347 2741 7.
1362 2686 1552 2726 Mltientc
1563 2684 1793 2725 laudabilis
1804 2696 1922 2723 uxor.
1935 2678 2076 2722 Paulo

1229 2748 1378 2793 durius
1395 2748 1491 2793 hoc.
1507 2748 1655 2792 Scribe
1672 2750 1833 2789 mkisis
1845 2747 2075 2787 laudabilis

1227 2824 1272 2859 et
1292 2816 1460 2858 Marcia
1485 2829 1586 2856 mox
1613 2828 1694 2869 pro
1714 2812 1875 2853 Martia
1895 2824 1911 2862 ;
1944 2819 2074 2866 atque

1226 2879 1287 2921 ita
1308 2876 1645 2921 Arondelianus.
1668 2875 1837 2917 Hzms.

1285 2944 1348 2998 78.
1370 2945 1464 2985 Non
1477 2944 1633 2996 poterit
1646 2941 1764 2983 credi
1777 2941 1945 2983 Marcia
1962 2943 2076 2983 culta

1225 3013 1313 3053 tibi.
1330 3009 1496 3052 Marcia
1510 3008 1597 3051 filia
1611 3007 1695 3051 fuit
1710 3006 1897 3063 Philippi
1913 3040 1926 3061 ‚
1942 3022 2075 3064 quam

1229 3073 1342 3118 Cato
1375 3074 1589 3130 posterior
1620 3089 1802 3116 uxorem
1831 3072 1952 3115 duxit
1979 3079 2076 3128 post

1228 3138 1467 3182 divortium
1484 3138 1659 3182 Attilioe.
1685 3137 1797 3181 Eam
1822 3136 1980 3181 deinde
2003 3136 2074 3179 ille

1229 3204 1290 3261 Q.
1325 3205 1567 3249 Hortensio
1603 3203 1814 3248 concessit
1850 3220 1860 3246 :
1896 3202 1950 3246 de
1989 3217 2075 3258 qua

1225 3270 1363 3313 multa
1389 3270 1605 3314 Lucanus.
1627 3271 1758 3312 Hanc
1777 3269 1910 3326 igitur
1933 3275 1981 3310 ut
1999 3282 2074 3309 ca-

1225 3335 1455 3378 stissimam
1501 3344 1752 3378 matronam
1793 3333 1926 3376 coluit
1964 3347 2074 3374 uxor

1228 3398 1391 3442 Ovidii.
1424 3400 1551 3442 Men.
2008 3460 2018 3469 ·

1282 3464 1346 3507 82.
1387 3465 1545 3506 Rumor
1579 3465 1717 3505 habet.
1755 3464 1884 3508 Livor
1914 3468 2071 3505 rectius

1226 3522 1354 3572 ‘inulti
1373 3537 1552 3573 veteres.
1575 3528 1740 3572 Hzms:
