2280 3776
305 266 410 340 372

754 266 816 318 P.
873 264 1179 319 OVIDII
1236 262 1616 323 NASONIS

303 382 460 443 Velle
490 406 613 442 reor
641 381 847 441 multos
873 404 885 439 ε
918 380 1042 462 quis
1073 380 1215 440 enim
1242 381 1378 441 mihi
1408 397 1517 443 tam
1548 384 1622 444 sit
1648 384 1904 468 iniquuS,

383 481 559 562 Optet
588 493 650 537 ut
676 475 926 536 exsilium
955 500 1086 559 pace
1115 501 1294 538 carere
1325 480 1544 538 meum?

302 581 529 640 Pectore
556 591 607 635 te
638 590 785 647 tot0,
819 576 1135 657 cunctisque
1163 576 1480 637 incumbere
1512 577 1724 650 nerviS,

380 678 456 734 Et
481 673 583 733 niti
610 696 711 756 pro
742 695 827 732 me
855 664 1024 732 nocte*
1052 671 1247 754 dieque
1276 672 1443 732 (lecet.
1880 657 1887 662 .
2016 694 2070 749 40

299 774 484 852 thue
504 771 692 852 juvent
720 767 838 841 alii,
870 783 929 828 tu
961 767 1128 827 debes
1155 767 1367 827 vincere
1393 767 1597 829 amicos
1615 814 1630 842 ,

376 868 563 938 Uxor,
583 881 652 944 ‚et
681 866 750 925 ad
779 880 962 948 partes
995 863 1170 947 prima
1201 864 1382 923 venire
1406 879 1543 947 tuas.
1589 856 1592 857 ⁷

294 966 500 1041 Magna
533 962 634 1022 tibi
663 962 917 1044 imposita
942 975 1025 1021 est
1051 960 1256 1020 nostris
1286 952 1524 1042 persona
1548 960 1787 1022 libellis:

379 1058 645 1139 Conjugis
674 1056 981 1139 exemplum
1010 1056 1206 1117 diceris
1237 1080 1352 1116 esse
1381 1055 1560 1116 bonae.

293 1158 450 1216 Hanc
482 1178 606 1215 cave
637 1154 965 1232 degeneres:
992 1167 1056 1213 ut
1084 1153 1196 1213 sint
1225 1153 1499 1235 praeconia
1527 1168 1719 1250 nostra
2017 1174 2070 1228 45

370 1255 515 1313 Vera
541 1251 680 1324 fide,
709 1250 863 1334 famae
894 1274 1006 1332 quo
1035 1249 1237 1310 tuearis
1267 1273 1426 1333 opus.

287 1352 367 1409 Ut
392 1348 577 1409 nihil
564 1372 681 1431 lpse
712 1372 932 1430 querar,
967 1347 1135 1407 tacito
1164 1370 1249 1406 me
1276 1346 1415 1407 fama
1448 1342 1739 1430 queretur,

369 1447 511 1526 Quae
536 1445 728 1517 debet,
760 1444 1007 1505 fueritxni
1038 1443 1143 1503 tibi
1173 1467 1302 1503 cura
1331 1442 1454 1504 mei.

287 1599 376 1646 tet,
397 1599 446 1634 ut
468 1599 601 1634 noctu
623 1588 818 1645 invigiles
839 1587 942 1645 quid
967 1588 1037 1632 die
1057 1604 1138 1645 pro

287 1673 359 1699 me
378 1654 631 1699 faciendum
653 1654 718 1696 sit.

341 1725 407 1779 37.
431 1724 544 1764 Velle
562 1737 653 1764 reor
668 1722 820 1762 multos
832 1722 913 1775 qui.
931 1719 1138 1762 Arbitror

288 1787 448 1831 multos
467 1785 644 1842 quidem
664 1799 753 1827 esse
772 1816 784 1838 ,
809 1784 907 1840 qui,
928 1784 963 1826 si
985 1784 1137 1827 volun-

288 1861 375 1896 tate
397 1860 598 1908 possent,
621 1852 766 1893 autffia
783 1849 871 1892 sola
884 1848 1135 1903 sufficeret,

287 1934 361 1961 me
380 1918 531 1972 juvare
550 1915 712 1958 vellent
730 1931 740 1967 ;
757 1913 832 1957 sed
850 1929 938 1955 non
956 1914 1055 1957 satis
1073 1922 1137 1957 est

286 1980 430 2024 velle:
454 1994 610 2022 verum
636 1986 812 2036 oportet
839 1986 932 2020 toto
962 1986 1135 2033 pectore

287 2047 335 2089 in
347 2046 460 2088 hanc
473 2060 570 2087 rem
584 2055 625 2087 te
643 2042 922 2085 incumbere:
939 2057 1137 2084 omnem-

289 2127 374 2167 que
397 2124 577 2166 operam
608 2123 655 2150 ac
680 2104 952 2182 diligentiam
980 2105 1138 2150 adver·-

288 2186 407 2229 tere,
429 2184 508 2218 etc.
528 2174 702 2216 M1cY1..
1025 2189 1029 2194 ·

351 2243 416 2285 38.
460 2243 606 2283 Carere
634 2254 757 2293 pace.
801 2237 965 2281 Carere
1001 2236 1136 2279 animi

287 2305 596 2362 tranquillitate
623 2319 674 2345 ex
704 2302 769 2345 his
786 2301 900 2347 curis
920 2334 933 2356 ,
965 2301 1017 2343 in'
1037 2301 1137 2357 qui-

286 2374 367 2415 bus
385 2369 562 2414 adsidue
584 2366 747 2411 versor.

341 2439 408 2493 43.
429 2437 594 2492 Magna
610 2451 805 2491 persona.
831 2433 971 2490 Quasi
994 2432 1106 2476 dicat
1121 2466 1133 2488 ,

290 2514 503 2560 magnum
524 2516 704 2543 nomen.

351 2570 417 2623 45.
453 2569 542 2612 Nec
569 2580 670 2608 cave
704 2566 935 2619 degeneres.
975 2562 1136 2619 Scripti

290 2633 490 2676 meliores
515 2637 767 2673 constanter
797 2630 922 2671 Hanc
942 2644 1042 2671 cave
1067 2630 1137 2671 de-

285 2686 484 2752 generem
515 2693 632 2750 quod
654 2707 810 2735 verum
831 2701 896 2735 est
914 2709 924 2744 ;
948 2691 1134 2734 Metam.

264 2786 271 2797 s
289 2762 405 2814 Vll,
428 2777 487 2803 vs.
509 2760 586 2813 542
606 2774 616 2801 :
637 2776 658 2795 «
683 2757 800 2800 Acer
817 2772 954 2813 equus
981 2771 1135 2812 quon-

289 2827 389 2884 dam
404 2860 416 2881 ,
440 2841 694 2883 magnaque
711 2824 757 2866 in
779 2824 955 2880 pulvere
976 2823 1132 2878 samae,

290 2894 543 2952 Degenerat
563 2893 725 2949 palmas
747 2925 759 2946 ,
781 2909 803 2928 »
828 2891 887 2934 sic
911 2898 954 2934 et
979 2891 1036 2934 ibi
1060 2907 1136 2933 ve-

239 2973 241 2975 ·
288 2958 459 3004 terrimi
488 2957 656 3003 codices
679 2975 689 3009 ;
726 2955 913 3010 Statius,
941 2955 1012 2998 lib.
1031 2955 1102 3000 III
1120 2987 1132 3009 ,

291 3025 409 3084 Sylv.
431 3023 485 3065 de
500 3022 691 3066 Hercule
715 3019 979 3064 Surrentino
993 3053 1004 3074 ,
1034 3020 1135 3062 160:
1165 3060 1170 3066 ,

291 3110 313 3129 «ι
334 3092 449 3135 Nam
468 3089 580 3145 capit
594 3122 606 3140 .
629 3097 674 3132 et
689 3097 863 3131 tantum
887 3103 977 3130 non
1000 3086 1134 3142 dege-

289 3156 458 3198 nerabit
492 3153 722 3197 honorem.
749 3172 772 3192 »
801 3152 952 3210 Virgil.
976 3152 1133 3206 Georg.

291 3219 335 3264 Il
353 3253 364 3272 ,
389 3224 464 3278 59,
488 3235 737 3274 quanquam
757 3217 886 3261 dubie
910 3234 958 3260 :«
974 3217 1133 3260 Poma-

291 3299 375 3339 que
396 3283 663 3338 degenerant
690 3298 836 3326 succos
858 3282 987 3324 oblita
1010 3281 1131 3338 prio-

291 3362 372 3388 res.
392 3364 412 3384 »
434 3345 676 3387 Columella
693 3378 704 3399 ,
727 3346 797 3387 lib.
812 3347 901 3389 Vll
915 3377 926 3399 ,
948 3360 1036 3401 cap.
1057 3361 1104 3389 12
1119 3377 1129 3397 ,

296 3413 343 3456 V
334 3426 449 3463 enus,
461 3414 506 3452 si
514 3414 664 3452 teneris
678 3413 927 3460 conceditur,
948 3414 1083 3462 carpit
1093 3418 1135 3451 et

1220 1603 1367 1643 corpus
1379 1595 1423 1630 et
1434 1589 1821 1642 v1'res,an1'mosque
1839 1589 2067 1642 degenerat.

1222 1655 1488 1708 Degenerare
1524 1667 1669 1695 nomen
1711 1651 1983 1709 Capitolinus
2020 1654 2066 1696 in

1220 1716 1372 1774 Opilio
1393 1717 1624 1770 Macrino,
1647 1717 1720 1760 ubi
1735 1733 1965 1774 perperam
1980 1718 2068 1783 Sa)-

1219 1782 1381 1825 masius
1403 1782 2068 1838 degen1‘are,Animadversio-

1215 1863 1323 1890 num
1345 1863 1438 1903 pag.
1465 1864 1564 1905 1703
1596 1846 1781 1901 Statius,
1810 1847 1950 1892 Theb.
1980 1849 2064 1903 lv,

1215 1915 1326 1957 vers.
1364 1916 1440 1969 148
1477 1929 1487 1957 ι
1522 1932 1544 1951 ι(
1576 1912 1874 1970 famamque
1861 1914 2066 1958 immanis

1217 1978 1381 2021 alumni
1417 1977 1670 2035 Degener-at
1697 1995 1708 2030 ;
1748 1996 1769 2015 »
1810 1978 1871 2022 ita
1909 1995 2066 2023 censeo

1217 2041 1495 2085 scribendum
1513 2041 1735 2099 :famaque
1750 2057 1870 2086 nunc
1882 2043 2067 2087 circum-

1216 2107 1373 2151 fertur.
1397 2105 1578 2149 Monuit
1592 2106 1682 2162 jam
1701 2106 1753 2149 de
1770 2107 1981 2164 scriptura
2000 2125 2068 2152 co-

1217 2172 1368 2216 dicum
1403 2171 1727 2216 Ovidianorum
1764 2173 2067 2230 Zinzerlingus

1218 2237 1434 2280 Promuls.
1453 2235 1604 2279 Critic.
1619 2252 1710 2294 cap.
1730 2237 1790 2279 13.
1808 2234 1927 2280 H.-'-
1942 2237 2008 2281 Ita
2022 2247 2067 2281 et

1218 2301 1333 2358 apud
1358 2300 1720 2356 Quintilianum,
1751 2299 1824 2343 lib.
1844 2302 1964 2356 XII,
1989 2318 2063 2355 10,

1217 2383 1267 2410 ex
1282 2365 1432 2409 MSS.
1452 2364 1607 2421 «Quae
1622 2365 1740 2407 velut
1758 2373 1848 2408 sata
1865 2334 2065 2422 quaedani

1216 2432 1368 2477 caelum
1391 2440 1640 2487 terramque
1664 2431 1991 2487 degenerant.»

1271 2498 1334 2552 46.
1348 2499 1488 2539 Famoe
1501 2513 1617 2552 opus.
1633 2496 1791 2544 Malim
1807 2514 1943 2540 onus:
1955 2513 2062 2554 prae-

1215 2561 1389 2605 cedenti
1404 2578 1529 2605 versu
1543 2594 1555 2616 ,
1572 2570 1620 2604 ut
1629 2566 1718 2604 sint
1731 2562 1888 2606 rectius
1908 2562 2063 2606 vetusti

1215 2626 1404 2681 codices,
1429 2642 1559 2683 quam
1573 2634 1618 2669 el
1629 2629 1727 2670 sint.
1754 2627 1814 2669 H.

1270 2694 1335 2748 47.
1355 2694 1504 2735 Tacito
1523 2706 1588 2733 me
1591 2690 1722 2745 fama
1741 2699 1936 2747 queretur,
1962 2693 2061 2745 Qua

1215 2759 1345 2801 debet.
1378 2758 1504 2801 Juste
1527 2758 1645 2800 enim
1674 2757 1921 2800 incusamus
1943 2773 2058 2799 uxo-

1215 2840 1310 2867 rem
1326 2857 1338 2878 ,
1363 2839 1500 2880 quum
1523 2823 1575 2866 ab
1597 2838 1646 2865 ea
1667 2822 1956 2879 conspicimus
1971 2839 2062 2867 ma-

1214 2890 1351 2932 ritum
1371 2889 1525 2932 deseri.

1269 2956 1334 3008 48.
1357 2956 1500 2996 Fuerit
1511 2958 1562 2996 ni
1573 2956 1761 2996 tibicura
1775 2956 1866 2995 mei.
1883 2952 1940 2996 Ni
1954 2952 2063 2996 mihi

1215 3019 1415 3074 opitulari
1447 3020 1677 3066 curaveris.
1713 3020 1844 3063 MER.
1870 3043 1924 3052 —
1962 3022 2062 3074 Quoe

1214 3087 1354 3135 debet,
1372 3084 1512 3139 suen?
1526 3091 1577 3128 ni
1589 3090 1672 3128 tibi
1686 3102 1787 3129 cura
1803 3091 1896 3129 mei.
1912 3087 1983 3130 Tu
2003 3087 2062 3130 sic

1214 3159 1415 3192 construe
1440 3167 1449 3193 ε
1471 3151 1536 3194 Ut
1564 3167 1645 3208 ego
1677 3160 1841 3196 taceam
1866 3185 1877 3206 ,
1911 3161 2060 3209 tamen

1212 3213 1329 3257 fama
1352 3224 1562 3270 queretur
1575 3224 1618 3258 et
1638 3215 1842 3272 loquetur
1856 3215 1909 3259 de
1931 3225 1973 3258 te
1994 3215 2059 3258 ni-

1213 3278 1247 3320 si
1269 3278 1464 3321 tibicura
1484 3297 1556 3334 ea,
1591 3296 1689 3337 quae
1717 3281 1866 3335 debet,
1896 3280 1948 3322 de
1983 3295 2055 3322 me

1213 3342 1375 3394 fuerit;
1399 3353 1448 3387 ut
1467 3340 1665 3400 comma,
1685 3344 1801 3400 Quae
1822 3344 1950 3387 debet
1964 3377 1975 3396 ,
2001 3343 2055 3386 ad

1212 3409 1439 3463 sequentia
1456 3410 1687 3454 referatur.
1708 3411 1784 3461 Est
1802 3410 1920 3452 enim
1945 3412 2054 3470 ὑπέρ·
