2280 3776
15 0 37 25 ἶ

23 290 26 294 -
14 275 15 279 Α
15 188 37 218 έ
15 64 37 181 *er-*-

487 410 490 415 .
547 356 985 414 TRISTIUM
1028 356 1184 410 LIB.
1228 354 1302 409 v.
1346 354 1588 411 ELEG.
1630 356 1804 411 xlv.
1945 357 2051 433 247

376 472 450 532 Et
474 471 614 533 nihil
641 471 821 533 officio
841 485 1015 555 nupta
1038 470 1188 553 quod
1219 470 1405 531 obstet
1431 470 1626 531 habet:

297 570 484 648 Quum
515 572 664 631 Deus
692 569 961 642 intonuit,
990 593 1102 629 non
1130 590 1186 629 se
1213 568 1515 629 subducere
1540 568 1756 640 nimbo,

377 665 442 725 ld
471 665 685 726 demum
716 666 918 749 pietas,
950 665 1004 725 id
1030 664 1247 726 socialis
1274 688 1442 725 amor.

295 762 438 822 Rara
467 762 686 845 quidem
719 764 923 834 virtus,
956 786 1117 845 quam
1143 786 1255 822 non
1282 760 1497 822 fortuna
1528 760 1829 839 gubernet3

375 856 515 934 Quae
543 872 756 917 maneat
785 856 998 927 stabili,
1028 880 1197 939 quum
1224 854 1366 935 sugit
1393 854 1515 927 illa,
1545 855 1681 937 pede
1705 879 1719 915 ε
1999 870 2055 911 3ο

296 952 354 1012 Si
379 976 486 1035 qua
518 968 694 1015 tamen
726 955 887 1038 pretii
919 954 1025 1016 sibi
1053 978 1256 1015 merces
1285 955 1405 1038 ipsa
1432 953 1615 1037 petiti,

373 1047 546 1129 Inque
575 1072 767 1130 parum
796 1048 932 1109 laetis
960 1048 1126 1109 ardua
1154 1048 1322 1109 rebus
1353 1048 1532 1119 adest3

294 1142 372 1202 Ut
400 1157 614 1227 tempus
642 1168 923 1218 numeres,
952 1169 1052 1228 per
1078 1144 1271 1206 saecula
1299 1144 1450 1205 nulla
1480 1159 1717 1215 tacetur,

371 1239 448 1297 Et
472 1236 590 1298 loca
616 1240 913 1311 mirantur,
944 1264 1050 1323 qua
1078 1255 1230 1323 patet
1254 1240 1405 1301 orbis
1435 1241 1551 1301 iter.

292 1332 582 1416 Adspicis,
614 1350 677 1395 ut
702 1334 867 1412 longo
900 1350 1109 1397 maneat
1138 1336 1427 1397 laudabilis
1457 1361 1602 1408 aev0‚
2005 1350 2058 1391 3⁵

373 1431 591 1494 Nomen
618 1432 1031 1506 inexstinctum,
1065 1433 1379 1519 Penelopaea
1406 1434 1541 1495 fides
1565 1436 1590 1495 ?

294 1569 526 1615 Feminam
544 1580 589 1615 et
607 1586 787 1615 uxorem
809 1586 819 1615 :
837 1570 914 1615 sed
934 1571 1069 1615 virtus
1089 1571 1134 1615 in

294 1633 439 1679 arduis
460 1636 666 1680 cernitur.

349 1715 414 1757 ²9·
437 1701 663 1743 Gubernat.
692 1701 902 1742 Gubernet
916 1715 1015 1742 cum
1039 1716 1136 1743 me-

293 1762 483 1808 lioribus.
508 1765 634 1808 H.-
651 1767 783 1819 Quam
806 1774 884 1810 etc.
910 1765 1047 1821 Quasi
1068 1766 1137 1809 di-

292 1829 491 1873 catzrari
519 1838 621 1873 sunt
639 1862 650 1883 ‚
682 1830 755 1886 qui
784 1845 873 1872 non
899 1838 1137 1886 sequantur

290 1891 518 1936 fortunam
534 1893 674 1950 potius
691 1909 820 1950 quam
837 1893 1053 1937 virtutem.
1072 1894 1137 1940 Ex

293 1973 382 2014 quo
400 1958 594 2016 designat
611 1975 699 2003 esse
719 1959 894 2003 difficile
916 1961 1036 2003 uxori
1054 1994 1065 2014 ‚
1090 1961 1135 2003 in

292 2022 379 2067 fide
399 2039 655 2082 permanere
672 2057 682 2077 ‚
697 2033 741 2068 et
755 2024 976 2068 fortunam
993 2025 1137 2069 mariti

293 2086 516 2132 adversam
531 2105 620 2133 non
642 2089 854 2133 deserere.
875 2090 997 2133 Solet
1015 2091 1136 2133 enim
1151 2091 1161 2109 ⁴·

292 2168 375 2199 usu
394 2155 543 2200 venire
560 2188 572 2210 ‚
597 2164 644 2199 ut
673 2172 760 2212 quo
785 2173 828 2199 se
854 2155 1033 2199 fortuna
1049 2190 1060 2211 ,
1083 2172 1138 2199 eo

293 2226 339 2263 et
359 2218 485 2264 favor
503 2219 734 2264 hominum
757 2220 947 2265 inclinet.

347 2282 413 2326 31.
433 2284 480 2327 Sa·
496 2298 579 2339 qua
595 2292 732 2327 tamen
745 2289 876 2336 pretii
889 2288 978 2327 sibi
985 2300 1140 2327 merces

292 2347 388 2400 ipsa
397 2349 532 2401 petiti.
551 2347 622 2391 Nil
641 2347 915 2403 frequentius
936 2348 1014 2391 bac
1035 2364 1139 2390 sen-

292 2411 432 2454 tentia
458 2411 570 2468 apud
594 2413 869 2469 philosophos
889 2431 899 2464 ;
925 2413 1134 2456 Claudia-

294 2491 378 2520 nus
404 2475 457 2520 de
479 2493 594 2522 cons.
622 2479 743 2522 Mau.
764 2479 935 2523 Theod.
958 2496 1065 2522 vers.
1095 2497 1109 2522 1
1129 2496 1139 2522 :

297 2560 319 2581 «
343 2544 442 2599 Ipsa
461 2544 639 2601 quidein
657 2544 792 2588 virtus
806 2545 997 2601 pretium
1009 2544 1102 2587 sibi.
1116 2562 1138 2581 »

296 2607 449 2663 Silius,
474 2610 620 2666 punic.
640 2610 756 2654 XIII
772 2642 784 2664 ,
804 2626 864 2652 vs.
884 2610 986 2654 663:
1006 2628 1025 2646 «
1044 2610 1139 2665 Ipsa

295 2673 475 2729 quidem
495 2674 632 2718 virtus
652 2674 825 2718 sibimet
851 2673 1141 2730 pulcherrima

295 2752 464 2782 merces
477 2755 488 2789 ;
504 2757 526 2776 »
539 2739 657 2796 piget
672 2738 795 2795 plura
808 2746 1009 2781 attexere.
1026 2738 1142 2780 H.—

298 2803 445 2861 Se'qua
462 2810 613 2847 tamen.
643 2802 839 2846 Subaudi
858 2835 870 2857 ,
899 2811 963 2845 est
982 2803 1139 2846 virtus:

295 2866 381 2911 hoc
409 2876 500 2924 est,
532 2868 568 2911 si
594 2868 689 2925 quis
719 2868 860 2911 bonus
891 2867 1141 2922 invenitur,

298 2948 432 2989 quem
465 2950 559 2977 non
594 2935 807 2992 gubernet
831 2934 1007 2977 fortuna
1028 2966 1039 2986 ,
1065 2934 1142 2976 sed

298 2998 434 3043 virtus
444 2999 548 3056 ipsa.
559 2999 603 3055 Q
611 3000 679 3042 uia
691 3000 759 3043 vix
767 2999 984 3056 reperitur
994 2999 1144 3055 aliquis

301 3062 375 3118 qui
395 3064 522 3119 gratis
538 3063 644 3106 velit
660 3080 749 3107 esse
770 3064 940 3120 probus.
951 3087 1004 3095 —
1017 3066 1149 3107 Prctt'i

299 3131 386 3170 sibi
395 3143 548 3171 merces
561 3132 657 3182 ipsa
668 3133 803 3184 petiti.
822 3130 918 3186 Ipsa
930 3130 1067 3172 virtus
1081 3138 1145 3172 est

300 3191 492 3248 pretium
511 3193 577 3237 sui
596 3192 741 3236 meriti
763 3209 774 3235 τ
794 3194 894 3249 quia
918 3193 986 3235 vir
1005 3195 1145 3237 bonus

301 3271 394 3299 non
410 3255 582 3298 ducitur
594 3256 772 3300 fortuna
785 3289 797 3310 ,
815 3273 898 3300 nec
912 3257 1026 3300 aliud
1041 3273 1146 3314 prae-

302 3319 444 3362 mium
460 3319 616 3375 quaerit
630 3352 641 3374 ,
665 3335 796 3375 quam
812 3320 1032 3364 virtutem.
1049 3322 1147 3363 Vir-

303 3392 373 3426 tus
398 3384 519 3426 enim
544 3400 623 3439 per
649 3401 692 3428 se
719 3384 951 3440 adpetitur.
974 3385 1146 3441 Quibus

305 3447 445 3490 verbis
477 3447 658 3490 denotat
682 3481 693 3502 ,
728 3447 939 3504 optimam
965 3465 1146 3494 uxorem

307 3527 397 3555 non
417 3511 576 3558 debere
595 3512 741 3558 mariti
756 3511 979 3557 fortunam
999 3514 1144 3571 sequi,

1217 1572 1291 1617 sed
1313 1589 1487 1630 semper
1506 1579 1755 1617 constanter
1777 1571 1821 1614 in
1847 1569 1932 1613 fide
1955 1585 2059 1627 per-

1216 1637 1362 1681 sistere
1380 1671 1391 1691 ‚
1423 1638 1553 1681 etiam
1576 1638 1618 1680 in
1643 1637 1770 1680 rebus
1793 1633 1989 1678 adversis.
2005 1657 2060 1666 —

1216 1703 1264 1745 Si
1284 1718 1364 1758 qua
1395 1710 1543 1745 tamen.
1580 1693 1684 1747 (ism
1715 1705 1755 1745 τὲ
1782 1703 1963 1759 cupa-qipa
1990 1701 2065 1741 ι’κιῖ

1218 1773 1284 1810 καί
1306 1770 1347 1811 τὲ
1369 1770 1532 1817 thuein
1564 1767 1746 1823 Epic-tet.
1774 1766 1901 1808 Hanc
1929 1764 2058 1806 etiam

1218 1832 1329 1888 apud
1353 1832 1548 1875 Tullium
1570 1833 1722 1889 saepius
1745 1830 1938 1874 invenies
1957 1843 2061 1871 sen-

1219 1896 1399 1939 tentiam
1419 1928 1431 1948 ‚
1456 1895 1531 1938 sed
1557 1895 1787 1952 grandiore
1819 1893 1950 1936 verbo
1977 1907 2060 1934 ex-

1217 1962 1399 2019 positam
1422 1961 1475 2004 ad
1506 1961 1641 2004 tinem
1672 1960 1925 2004 Miloniano
1950 1975 2059 2002 ora-

1219 2026 1346 2070 tionis
1361 2060 1372 2080 ,
1388 2026 1459 2069 ubi
1478 2045 1496 2062 u
1514 2027 1650 2071 sortes
1665 2036 1709 2071 et
1722 2026 1935 2084 sapientes
1949 2025 2063 2067 viros

1218 2091 1407 2135 nontam
1420 2092 1596 2149 praemia
1605 2092 1725 2148 sequi
1734 2091 1871 2134 solere
1879 2098 1993 2132 recte
2002 2088 2064 2132 fa·

1217 2166 1387 2199 cnorum
1402 2189 1414 2209 ,
1435 2172 1564 2212 quam
1582 2157 1669 2213 ipsa
1684 2164 1799 2199 recte
1811 2154 1922 2198 sacta
1934 2162 2015 2197 etc.
2036 2171 2059 2190 ι·

1218 2221 1289 2264 Sic
1310 2230 1353 2264 et
1373 2222 1491 2264 inter
1513 2230 1726 2264 nostrates
1749 2253 1762 2273 ,
1797 2219 1910 2263 haud
1943 2217 2060 2261 indi-

1218 2301 1328 2341 gnus
1342 2284 1411 2329 ille
1427 2286 1574 2342 magni
1592 2286 1758 2328 Racinii
1774 2284 1886 2328 filius
1897 2316 1909 2338 ,
1932 2284 2062 2326 virtu-

1218 2345 1307 2394 tem
1331 2353 1495 2408 poetice
1517 2351 1773 2407 adloquens:

1219 2428 1265 2459 L-
1283 2424 1422 2458 riches'se
1437 2453 1447 2468 ‚
1468 2429 1490 2459 il
1504 2436 1551 2459 est
1568 2429 1635 2459 vni
1654 2453 1664 2468 ,
1686 2429 1717 2459 ln
1731 2427 1859 2458 fortune
1872 2434 1903 2457 te
1917 2427 2004 2465 su'223

1218 2483 1306 2514 Mais
1323 2484 1352 2512 ln
1368 2484 1444 2524 paix
1455 2483 1692 2524 t’accompngne
1708 2507 1717 2521 ,
1731 2489 1763 2513 et.
1775 2481 1808 2513 ἰδ’
1819 2482 1918 2522 gioire
1931 2488 1961 2510 te
1975 2481 2060 2511 suit:

1218 2548 1260 2578 132
1276 2548 1410 2589 perdant
1422 2555 1494 2579 tout.
1507 2560 1590 2590 pour
1606 2548 1652 2580 toi
1667 2571 1677 2586 ‚
1695 2547 1862 2579 Pineum-ux
1879 2546 1992 2577 monet
2005 2544 2062 2586 qni

1319 2609 1427 2639 t’aime
1442 2633 1453 2649 ‚

1218 2671 1297 2702 suns
1310 2669 1400 2701 biens
1410 2693 1421 2708 ‚
1435 2679 1508 2700 san}
1520 2669 1659 2710 dignite's
1672 2693 1682 2707 ,
1693 2680 1725 2699 se
1741 2670 1823 2699 suffit
1840 2669 1858 2698 εὶ
1874 2668 2056 2700 tut-meme.

1608 2736 1660 2765 LA
1675 2735 1858 2766 quorow
1871 2757 1880 2771 ,
1899 2733 1993 2764 ebant
2011 2735 2041 2764 1.

1273 2803 1339 2846 33.
1356 2803 1581 2857 Uttempus
1600 2817 1797 2844 numeres.
1813 2800 1899 2843 Hic
1914 2800 2061 2843 denuo

1220 2875 1407 2921 nugator
1438 2866 1588 2922 aliquis
1623 2865 1888 2910 Ovidianam
1920 2865 2065 2907 induit

1220 2946 1451 2985 personam
1484 2946 1494 2972 :
1525 2930 1571 2972 in
1605 2938 1879 2985 pentametro
1913 2937 2061 2971 tamen

1220 3010 1301 3050 pro
1319 3004 1362 3037 et
1383 2998 1479 3037 loca
1506 2998 1717 3045 mirantur,
1747 3002 1852 3048 puto
1874 2993 2065 3035 scriben-

1222 3060 1329 3103 dum
1348 3063 1443 3103 loca
1460 3065 1642 3103 rimatur.
1664 3060 1724 3101 H.

1277 3125 1342 3166 35.
1362 3126 1518 3167 Teneat
1531 3127 1762 3167 laudabilis
1777 3140 1873 3166 evo.
1890 3124 2067 3165 Maneat

1222 3205 1335 3231 unus
1359 3189 1596 3232 Vaticanus
1617 3206 1627 3238 ;
1661 3197 1710 3230 ut
1740 3187 1794 3229 sit
1826 3187 2063 3243 adpositio,

1224 3252 1357 3308 qualis
1370 3251 1483 3307 apud
1494 3251 1724 3308 Virgilium
1736 3283 1748 3304 ,
1763 3251 1945 3304 tib.V11,
1959 3253 2006 3305 4¹
2021 3267 2060 3293 ιι

1225 3336 1247 3354 «
1261 3317 1378 3359 locus
1393 3315 1538 3358 Ardea
1552 3315 1773 3371 quondam
1786 3315 1940 3358 Dictus
1954 3317 2040 3358 avis
2053 3348 2065 3366 ,

1224 3391 1267 3424 et:
1286 3397 1405 3423 nunc
1425 3396 1633 3436 magnum
1652 3390 1802 3423 manet
1820 3380 1967 3423 Ardea
1988 3395 2068 3423 no-

1225 3465 1343 3491 men.
1362 3466 1383 3485 >¹
1400 3447 1509 3489 Mox
1527 3447 1761 3490 Vossianus
1780 3479 1791 3500 ‚
1807 3457 1853 3489 ut
1866 3448 2072 3488 Hectoris.

1282 3514 1348 3557 36.
1378 3515 1625 3568 Penelopea
1633 3515 1760 3568 fides.
1788 3511 1860 3555 Sic
1878 3510 1975 3553 alibi
1997 3525 2079 3551 no-
