2280 3776
474 261 924 322 TRISTIUM
963 263 1125 320 LIB.
1169 265 1283 322 IV.
1326 263 1571 321 ELEG.
1616 268 1665 322 1.

1851 272 1951 348 157

193 383 313 455 sic,
346 382 391 443 si
426 406 614 467 quem,
644 383 889 444 nondum
918 399 1200 467 portarum
1233 407 1359 468 sepe
1388 398 1701 467 receptum,

274 478 550 540 Barbarus
579 478 638 538 in
668 476 872 560 campis
900 477 1142 560 repperit
1172 478 1375 551 hostis²
1403 478 1549 556 agit:

195 574 309 636 Aut
337 573 587 657 sequitur
616 588 840 657 captuS‚
871 574 1223 657 conjectaque
1255 573 1467 636 vincula
1497 573 1640 637 collo

278 670 528 754 Accipit,
558 685 651 731 aut
683 668 792 731 telo
826 670 973 731 virus
1004 671 1240 731 habente
1271 671 1432 730 cadit.

199 770 306 854 Hic
335 793 439 848 ego
470 768 716 830 sollicitae
741 769 890 850 jaceo
920 793 1096 829 novus
1125 768 1302 829 incola
1332 769 1513 843 sedis;
1914 784 1969 832 85

283 867 409 926 Heu
439 865 666 927 nimium
696 864 794 924 fati
824 879 1067 947 tempora
1098 862 1260 943 longa
1286 866 1425 926 mei!

199 966 274 1024 Et
302 978 509 1034 tamen,
539 962 605 1022 ad
637 984 892 1022 numeros
923 963 1255 1045 antiquaque
1283 985 1431 1022 sacra
1459 963 1655 1023 reverti

282 1060 527 1121 Sustinet
556 1059 610 1119 in
645 1059 809 1119 tantis
837 1058 1055 1140 hospita
1084 1059 1248 1118 Musa
1275 1057 1430 1118 malis
1454 1082 1466 1118 :

200 1155 306 1215 Sed
325 1202 339 1227 ‚
362 1178 539 1238 neque
557 1156 642 1214 cui
667 1155 886 1215 recitem
913 1153 1199 1235 quisquam
1219 1167 1302 1212 est
1321 1177 1438 1213 mea
1457 1153 1691 1213 carmina
1711 1176 1724 1225 ;
1751 1176 1850 1215 nec
1871 1155 1968 1237 qui

277 1253 525 1314 Auribus
554 1251 782 1334 accipiat
806 1251 969 1310 verba
999 1250 1186 1308 Latina
1220 1248 1350 1308 suis.
1912 1282 1969 1327 9⁰

198 1349 326 1432 Ipse
358 1346 518 1419 mihi,
551 1345 682 1429 quid
712 1346 854 1406 enim
883 1344 1115 1404 faciam?
1145 1342 1463 1425 scriboque‚
1494 1341 1760 1425 legoque3

168 1444 170 1446 ’
281 1445 533 1527 Tutaque
559 1442 766 1524 judicio
793 1441 947 1502 litera
978 1454 1163 1500 nostra
1193 1464 1293 1500 suo
1324 1454 1422 1498 est.

205 1539 359 1622 Saepe
392 1555 572 1601 tamen
599 1538 738 1611 dixi,
770 1538 858 1598 cui
885 1561 1031 1598 nunc
1060 1536 1174 1596 haec
1202 1558 1330 1595 cura
1360 1534 1619 1595 laborat?

203 1707 406 1761 trahitque
431 1704 582 1762 primae
615 1703 827 1749 editiones
855 1711 898 1747 et
926 1719 1046 1761 proe-

204 1769 434 1813 stantiores
463 1769 608 1828 scripti
640 1785 799 1827 magno
831 1784 1044 1820 numero;

208 1833 326 1891 quod
350 1835 510 1878 mutari
530 1850 618 1878 non
640 1835 800 1878 debuit.
823 1837 883 1878 H.

258 1900 325 1943 81.
343 1899 559 1942 Portarum
580 1902 678 1943 sede
698 1906 911 1954 receptum.
935 1901 1047 1942 Po»-

203 1970 337 2007 tarum
349 1980 446 2020 sepe
463 1980 542 2021 pro
555 1964 719 2008 diversa
738 1964 922 2008 lectione
939 1964 1049 2007 Rot-

203 2029 435 2087 tendorph.
449 2030 610 2074 Moret.
625 2031 803 2074 Barber.
814 2038 856 2074 et
868 2029 1049 2073 Medon.

204 2095 365 2153 optime
386 2111 396 2138 τ
415 2112 551 2152 sepem
564 2112 642 2154 pro
660 2105 773 2152 septo
786 2096 1047 2140 dixit.Varro

205 2167 322 2204 certe
338 2192 349 2214 ,
372 2159 441 2204 lib.
464 2161 485 2204 I
507 2160 560 2204 de
579 2162 643 2204 Re
664 2161 837 2206 Rustica
852 2194 864 2215 ‚
886 2177 1044 2215 sepem.

205 2231 363 2278 septum
376 2232 420 2268 et
430 2229 694 2282 sepimentum
709 2241 860 2282 parum
875 2225 990 2267 inter
1003 2240 1047 2267 se

207 2285 389 2331 differre
413 2289 602 2333 ostendit
626 2306 635 2333 :
659 2307 680 2326 «
709 2287 794 2332 Cui
819 2289 1049 2344 sepimen-

208 2357 306 2392 tum
320 2361 383 2395 est
396 2384 407 2406 ,
422 2353 538 2409 quod
554 2353 745 2410 virgultis
757 2354 864 2397 solet
882 2352 1021 2395 obseri
1034 2385 1047 2406 ,

211 2430 332 2472 sepes
353 2432 403 2458 ex
423 2417 575 2474 agresti
599 2418 727 2474 tigno·
749 2435 769 2455 υ
795 2419 852 2460 Η.

266 2481 332 2523 82.
356 2482 502 2523 Hostis
521 2483 655 2523 habet.
681 2484 788 2537 Agit
807 2481 931 2537 longe
954 2480 1050 2523 ele—

212 2544 382 2600 gantius
402 2546 526 2588 multi
553 2562 602 2588 ex
631 2545 815 2601 antiquis
837 2563 846 2595 ς
879 2545 960 2587 hoc
989 2554 1053 2587 est

213 2609 330 2666 quod
351 2627 478 2667 supra
499 2610 686 2663 dixerat,
705 2609 870 2665 fertque
894 2612 1052 2653 trabit-

212 2688 289 2728 que
311 2690 323 2716 .·
342 2691 462 2728 agere
482 2684 525 2717 et
540 2675 654 2730 serre
670 2674 926 2730 frequenter
945 2689 1054 2716 con—

211 2736 403 2794 jungunt
424 2738 610 2781 historici
629 2755 639 2781 ε
665 2738 775 2795 apud
799 2753 905 2793 quos
922 2738 1053 2780 etiam

213 2801 391 2844 obvium
401 2807 708 2858 agereproedam
720 2836 728 2849 .
742 2819 861 2857 agere
870 2807 1054 2856 captivos

214 2867 630 2922 etsimitiass'ristN,
645 2868 763 2921 ELx,
782 2883 848 2926 19:
864 2888 881 2902 a
897 2870 1053 2922 Quum

215 2932 396 2977 minime
411 2937 558 2979 credas
572 2968 583 2988 ‚
598 2944 646 2978 ut
660 2936 761 2988 avis,
778 2934 1054 2977 densissimus

216 2995 351 3040 hostis
368 2998 549 3043 Advolat
565 3033 576 3053 ,
600 3010 641 3043 et
655 2999 845 3056 praedam
859 3000 926 3041 vix
940 3000 1052 3042 bene

217 3060 329 3103 visus
339 3063 424 3116 agit
436 3079 446 3112 ς
460 3081 480 3101 »
492 3064 672 3118 Seneca,
686 3065 1053 3119 Medea,Act.lll,

219 3139 270 3166 ex
280 3125 444 3180 optimo
455 3127 546 3169 cod.
557 3127 756 3170 Mediceo
769 3144 779 3170 :
792 3146 813 3165 «
829 3129 891 3171 Ex
903 3129 1055 3185 opibus

219 3188 300 3230 iuis
314 3221 325 3242 ,
351 3205 454 3244 quas
471 3191 617 3246 procul
631 3201 770 3248 raptas
783 3194 953 3252 Scythae
971 3195 1056 3238 Us-

221 3267 304 3306 que
320 3269 342 3294 a
355 3255 534 3309 perustis
546 3255 681 3298 lndiae
691 3257 856 3312 populis
871 3266 1018 3314 agunt;
1031 3276 1054 3295 υ

222 3318 380 3372 vulgati
393 3327 550 3371 petunt.
567 3321 624 3363 H.

278 3383 343 3435 84.
368 3385 467 3425 Telo
481 3388 595 3428 virus
611 3388 784 3430 habente
792 3391 911 3442 perd.
935 3391 1062 3434 Cadit

1126 1701 1307 1745 Junian.
1324 1710 1367 1746 et
1383 1718 1462 1758 pro
1478 1701 1644 1745 diversa
1663 1702 1846 1747 lectione
1864 1704 1971 1751 Got—

1128 1766 1270 1823 tor-ph.
1293 1776 1337 1810 et
1358 1766 1678 1824 Rottendorpb.
1703 1768 1865 1812 Fastor.
1884 1770 1909 1808 N
1927 1772 1973 1826 Ι,

1127 1831 1309 1888 νε.“77ο;
1325 1850 1345 1868 «
1372 1831 1428 1874 Et
1446 1832 1599 1875 cecidit
1618 1832 1709 1876 telis
1726 1834 1975 1880 Hasdrubal

1127 1896 1215 1953 ipse
1234 1895 1333 1939 suis.
1354 1915 1373 1933 »
1399 1896 1458 1938 H.

1181 1962 1248 2004 85.
1270 1961 1479 2004 Sollt‘ct'oe.
1497 1961 1548 2005 In
1566 1960 1836 2006 Francorum.
1851 1972 1945 2007 erat
1958 1997 1974 2020 ,

1128 2024 1369 2068 Sarmau'cae
1378 2028 1507 2080 jaceo
1522 2042 1650 2069 novus
1668 2031 1806 2070 incola
1816 2034 1975 2084 genulfi·

1129 2105 1265 2145 unus,
1281 2094 1422 2133 incola
1435 2095 1562 2133 caedts
1576 2123 1588 2140 ,
1605 2101 1820 2148 corrupte.
1832 2092 1977 2139 Fran-

1128 2156 1218 2199 cius
1244 2156 1499 2211 conjiciebat
1530 2165 1645 2201 vetus
1671 2162 1811 2200 incola
1838 2163 1977 2212 sedi-s,

1130 2229 1177 2262 ut
1199 2221 1297 2263 alibi
1318 2237 1365 2263 se
1383 2238 1464 2263 non
1486 2238 1631 2265 novam
1653 2227 1835 2267 incolam
1855 2234 1979 2269 vocat

1130 2286 1256 2328 initio
1274 2287 1440 2329 Pontic.
1464 2287 1552 2329 Sed
1568 2288 1662 2343 pius
1678 2291 1884 2346 temporis
1901 2292 1980 2334 ab-

1130 2353 1263 2405 ierat,
1290 2369 1425 2408 quum
1447 2353 1516 2395 iiia
1539 2354 1744 2396 scriberet
1766 2387 1777 2408 ,
1810 2365 1853 2399 et
1874 2356 1977 2401 inde

1130 2416 1340 2473 probatur
1372 2417 1454 2472 legi
1486 2417 1645 2460 debere
1683 2435 1812 2461 novus
1828 2453 1838 2465 .
1878 2422 1979 2476 quia

1130 2482 1188 2523 ibi
1211 2480 1313 2524 dicit
1334 2482 1421 2537 jam
1439 2498 1484 2524 se
1501 2498 1591 2524 non
1613 2499 1777 2525 novum
1799 2501 1888 2528 esse
1908 2486 1980 2528 in-

1131 2546 1268 2590 colam
1283 2580 1295 2600 ,
1320 2556 1366 2590 ut
1382 2556 1480 2590 ante
1495 2565 1539 2591 se
1556 2558 1795 2593 vocaverat.
1815 2550 1978 2594 Bunm.

1187 2611 1251 2655 86.
1274 2616 1376 2655 Fati
1385 2623 1567 2668 tempora
1576 2618 1690 2658 lenta
1711 2616 1813 2659 mei!
1830 2619 1979 2673 Longa

1132 2676 1275 2732 scripti
1298 2678 1506 2733 plerique.

1188 2758 1214 2799 9
1224 2759 1235 2783 ι
1245 2773 1255 2783 .
1265 2744 1361 2797 Ipse
1373 2746 1488 2790 nubi,
1506 2747 1724 2798 quidenim
1739 2753 1819 2787 etr.
1842 2744 1981 2800 Quod

1133 2804 1230 2861 lego
1250 2822 1296 2848 ar.
1318 2822 1555 2863 compono,
1576 2825 1676 2850 meo
1697 2809 1858 2865 judicio
1879 2826 1980 2852 exa-

1135 2871 1394 2913 minandum
1426 2875 1645 2928 permitto.
1684 2873 1827 2916 Careo
1862 2876 1982 2916 enim

1136 2934 1304 2988 amicis,
1325 2951 1534 2991 quorum.
1563 2953 1699 2993 quum
1730 2938 1882 2980 Romae
1907 2956 1984 2980 es·-

1135 3015 1225 3042 sem
1239 3032 1251 3053 ,
1277 3002 1322 3042 in
1341 3002 1448 3044 meis
1470 3003 1735 3045 carminibus
1759 3005 1985 3059 corrigen-

1137 3064 1224 3117 dis,
1247 3065 1408 3120 judicio
1431 3067 1493 3109 uti
1511 3069 1660 3110 solitus
1676 3084 1787 3110 sum.
1808 3068 1862 3111 C.

1189 3132 1256 3188 93.
1293 3134 1375 3174 Cui
1397 3149 1510 3175 nunc
1542 3136 1629 3175 hec
1659 3150 1760 3175 cura
1787 3138 1987 3180 laborat?

1137 3197 1237 3237 Mea
1264 3213 1365 3238 cura
1393 3199 1599 3253 quinque.
1634 3198 1749 3240 Puto
1775 3215 1827 3241 ea
1854 3217 1978 3251 cura,

1137 3262 1229 3314 vel,
1255 3261 1368 3316 quod
1391 3262 1539 3303 maiim
1562 3279 1572 3305 ι
1595 3280 1617 3299 «
1636 3264 1707 3306 cui
1722 3280 1864 3318 nunc,
1885 3282 1986 3308 mea

1138 3325 1267 3368 Musa
1281 3357 1292 3378 ,
1318 3326 1517 3369 laboras?
1536 3328 1665 3370 Anne
1683 3346 1732 3371 ea
1746 3330 1987 3373 sauroma-

1137 3399 1192 3434 tae
1210 3391 1365 3447 scripta
1381 3390 1592 3449 Getaeque
1609 3393 1787 3451 legent?
1808 3413 1829 3434 ι»
1854 3397 1914 3438 Η.
