2268 3848
313 275 374 326 18
761 274 824 326 P.
877 273 1178 329 OVIDII
1231 276 1611 333 NASONIS

303 390 461 449 Ferte
479 434 494 460 ‚
529 386 662 470 quid
688 387 779 448 hic
809 387 948 448 facio
975 390 998 448 Ρ
1027 389 1206 472 rapidi
1234 409 1352 452 me⁴a
1380 393 1602 455 carbasa
1623 394 1772 455 venti
1795 420 1809 455 τ

382 485 659 546 Ausonios
687 485 822 545 fines
855 509 952 546 cur
977 510 1096 547 mea
1127 487 1243 549 vela
1265 489 1455 551 vident
1477 493 1502 551 ?

301 581 494 643 Noluit
521 582 625 640 hoc
660 582 840 641 Caesar
864 605 877 640 ε
909 581 1071 663 quid,
1103 582 1263 666 'quem
1293 583 1448 663 fugat
1476 585 1592 659 ille,
1624 588 1864 649 tenetis?

378 676 663 758 Adspiciat
690 675 874 738 vultus
902 678 1134 737 Pontica
1162 693 1303 739 terra
1335 703 1504 742 meos.
1932 759 1934 762 .

299 775 375 833 Et
399 774 586 854 jubet,
623 787 676 832 et
699 773 875 832 merui
906 798 919 834 ε
945 796 1073 846 nec,
1108 799 1228 856 quae
1253 775 1592 840 damnaverit
1618 778 1738 854 ille,
2021 798 2077 856 95

382 869 623 928 Crimina
654 867 870 928 defendi
899 868 1046 929 fasve
1073 870 1294 952 piumve
1323 886 1481 953 puto.

296 963 356 1023 Si
388 979 565 1023 tamen
594 978 713 1023 acta
739 964 890 1023 Deos
919 987 1203 1046 nunquam
1229 964 1481 1025 mortalia
1506 964 1732 1039 fallunt,

375 1061 426 1120 A
456 1059 615 1144 culpa
645 1059 854 1119 facinus
880 1059 1032 1120 scitis
1061 1059 1254 1120 abesse
1284 1084 1418 1120 mea.

292 1158 469 1216 Immo
489 1155 596 1227 ita3
625 1179 724 1215 vos
751 1154 902 1215 scitis
921 1202 934 1227 ‚
968 1155 1015 1215 si
1044 1179 1129 1216 me
1157 1178 1311 1215 meus
1342 1154 1574 1216 abstulit
1603 1179 1787 1229 error,

377 1251 665 1333 Stultaque
695 1274 848 1310 mens
870 1251 1036 1312 nobis
1055 1297 1070 1323 ‚
1100 1275 1215 1310 non
1247 1249 1504 1312 scelerata
1533 1250 1641 1311 fuit
1666 1275 1679 1323 ;

1996 1286 2009 1312 1
2019 1285 2071 1317 00

295 1348 622 1429 Quamlibet
652 1371 681 1408 e
709 1347 982 1422 minimis,
1011 1347 1201 1408 domui
1231 1348 1278 1408 si
1306 1348 1538 1422 favimus
1564 1348 1646 1410 illi
1669 1373 1683 1423 ;

372 1446 431 1506 Si
460 1446 592 1507 satis
613 1446 857 1525 Augusti
886 1446 1112 1530 publica
1135 1447 1287 1528 jussa
1317 1445 1490 1519 mihi3
1562 1488 1569 1490 -

284 1586 343 1630 lio
365 1602 375 1628 ε
397 1595 444 1629 tu
466 1585 578 1628 mala
596 1593 745 1628 nostra
764 1600 925 1642 gravas.
950 1603 972 1623 »
989 1584 1136 1642 Auget

285 1651 419 1695 exsilii
445 1666 619 1707 poenam
644 1650 787 1706 locus,
809 1652 856 1694 in
878 1667 1011 1707 quem
1038 1667 1138 1694 sum

289 1717 519 1773 relegatus.
540 1716 710 1760 H131Ns.

338 1797 406 1839 91.
425 1783 544 1823 Ferte
555 1784 700 1836 rapidi
714 1797 807 1824 mea
821 1797 993 1836 corpora
1011 1784 1137 1824 venti.

242 1882 248 1889 .
288 1846 379 1889 Diu
399 1856 463 1890 est
478 1845 593 1903 quod
610 1849 792 1890 carbasa
806 1847 973 1903 conjeci
985 1846 1138 1904 legen-

288 1913 394 1956 dum
409 1945 420 1967 ‚
439 1927 577 1968 quum
593 1927 689 1955 eam
703 1912 810 1954 mihi
828 1920 974 1968 postea
993 1911 1136 1955 lectio-

286 1993 390 2020 nem
442 1975 720 2020 confirmavit
774 1975 1134 2032 Gotto¹·phianus.

284 2040 633 2099 Hamburgensis
663 2057 819 2084 cornua
843 2056 857 2095 ‚·
886 2041 1018 2084 etiam
1042 2056 1133 2084 non

281 2110 393 2153 male
419 2126 428 2152 :
449 2118 499 2152 ut
518 2109 619 2151 mali
637 2124 802 2152 cornua
819 2107 1055 2165 intelligat,
1079 2106 1134 2150 de

288 2176 442 2232 quibus
454 2169 566 2218 Met'.
581 2174 647 2218 XI
661 2208 673 2227 ,
686 2189 747 2217 vs.
762 2173 843 2230 476
859 2190 869 2216 :
893 2191 913 2211 «
931 2172 1136 2217 Cornua-

287 2257 370 2297 que
391 2241 438 2282 in
458 2255 631 2283 summa
647 2238 759 2282 locat
779 2238 946 2281 arbore.
964 2255 986 2275 »
1017 2237 1078 2281 H.

339 2322 406 2364 92.
442 2306 659 2347 Ausonios
677 2305 804 2359 fines.
837 2301 974 2345 Italiae
1009 2302 1132 2346 fines.

284 2370 342 2412 Vi
375 2370 495 2412 enim
525 2367 791 2424 tempestatis
825 2366 1134 2411 referebantur

285 2435 331 2477 in
353 2434 522 2478 Italiam
546 2432 696 2476 relicto
721 2432 854 2489 priori
877 2447 1020 2475 cursu.

321 2516 389 2559 99.
397 2502 526 2543 Immo
535 2505 596 2541 ila
603 2503 778 2548 sis-citis,
789 2503 829 2542 si
838 2513 903 2540 me
913 2513 1025 2541 meus
1033 2501 1133 2541 abs-

280 2571 378 2611 tulit
389 2582 510 2609 error.
526 2565 713 2609 Plurimi
734 2582 810 2607 vos
825 2569 958 2607 scias.
980 2564 1132 2609 Posset

281 2641 325 2676 et
343 2633 426 2691 legi
450 2635 517 2675 Di
534 2635 666 2675 scz'ttlr.
691 2631 986 2675 Medonianus
1001 2665 1013 2685 ,
1037 2650 1132 2675 ma-

280 2701 348 2740 lus
366 2697 502 2751 error,-
520 2695 667 2740 similis
692 2695 913 2738 diversitas
928 2728 940 2748 ,
963 2695 1033 2738 lib.
1052 2697 1096 2739 11
1115 2728 1127 2750 ‚

284 2779 322 2805 v.
347 2778 449 2820 109:
475 2780 496 2799 «
518 2762 595 2805 Illa
615 2777 806 2817 namque
828 2761 924 2815 die,
948 2775 1031 2816 qua
1055 2778 1128 2804 me

282 2827 420 2870 malus
455 2826 628 2870 abstulit
661 2842 796 2869 error.
828 2844 850 2864 »
887 2826 973 2868 Alii
1006 2827 1127 2869 enim

280 2908 419 2947 meus‚·
437 2891 513 2935 sed
526 2891 649 2948 Virg.
662 2891 753 2934 Ecl.
769 2891 881 2934 VIII
900 2924 912 2944 ‚
935 2893 983 2945 41
1001 2907 1043 2934 :«
1063 2892 1128 2935 Ut

280 2957 392 3010 vidi,
413 2966 462 2999 ut
482 2956 618 3013 perii,
641 2965 688 2998 ut
703 2972 773 2998 me
794 2956 934 2999 malus
955 2955 1130 3000 abstulit

281 3038 418 3065 error.
440 3040 460 3058 »
476 3021 632 3064 Met.X
649 3053 660 3073 ,
675 3021 754 3075 342
770 3053 782 3074 ,
800 3036 850 3062 ex
867 3020 1054 3076 antiquis
1072 3019 1128 3062 li·-

278 3086 367 3129 bris
388 3101 398 3128 z
422 3103 442 3122 «
471 3085 653 3128 Retinet
667 3085 804 3127 malus
823 3100 947 3127 error
972 3100 1128 3127 aman-

279 3161 384 3196 tem.
395 3168 417 3187 »
434 3151 603 3194 Arond.
624 3166 737 3194 meus
750 3154 914 3205 impulit
922 3167 1042 3193 error.
1063 3149 1125 3194 H.

338 3232 429 3258 101.
459 3220 585 3270 Quod
609 3220 709 3261 licet
731 3232 754 3259 e
782 3221 978 3259 mininulr.
1009 3216 1124 3272 Lege

281 3284 520 3337 Quamlibet
528 3299 627 3325 cum
640 3282 778 3325 tribus
793 3283 958 3339 scriptis
969 3316 980 3336 ,
1002 3291 1048 3325 et
1057 3282 1126 3324 vi-

276 3346 331 3389 de
343 3362 438 3403 quae
459 3353 661 3389 notamus
675 3347 728 3389 ad
742 3342 916 3402 Ep.V1·‚
934 3349 1029 3401 140,
1040 3346 1122 3388 vol.

278 3413 424 3457 [nost.
446 3413 547 3456 edit.
569 3428 610 3469 p.
634 3413 724 3456 138.
747 3412 858 3458 Tres
885 3413 954 3456 alii
986 3416 1120 3468 Quam

1216 1588 1338 1637 licet,
1371 1585 1564 1642 quinque
1589 1602 1672 1642 qua
1688 1589 1814 1640 Iti-en
1837 1586 1907 1631 alii
1929 1589 2065 1633 aliter.

1278 1667 1294 1692 1
1302 1667 1367 1693 02.
1386 1651 1438 1693 Se·
1453 1655 1564 1694 satis
1576 1653 1621 1694 A
1621 1655 1938 1707 ugustipublica
1934 1654 2070 1708 jussa

1218 1716 1334 1758 mihi.
1357 1715 1497 1759 Locus
1517 1714 1637 1758 haud
1662 1715 1793 1761 dubie
1812 1728 2069 1776 corruptus:

1205 1779 1340 1834 jussa
1349 1783 1628 1837 tuliquatuor
1638 1790 1818 1826 veteres.
1834 1782 2068 1841 Gottorph.

1205 1846 1339 1901 jussa
1349 1851 1458 1900 me1⁰5
1478 1863 1535 1890 an
1547 1848 1738 1904 Augusti
1744 1851 1864 1894 Dei?
1881 1865 2070 1907 quomo-

1217 1911 1276 1954 do
1293 1912 1512 1967 Augustos
1539 1914 1657 1957 Deos
1683 1913 1789 1957 dixit
1806 1915 1937 1958 Pont.
1970 1916 2067 1971 III,

1217 1975 1337 2034 Eleg.
1356 1990 1418 2022 vl.
1442 1977 1646 2021 Politiani
1664 1979 1783 2035 prior
1799 2012 1812 2034 ‚
1833 1983 1928 2023 visa
1941 1984 2067 2035 mihi,-

1213 2040 1517 2099 fragmentum
1539 2044 1779 2088 Boxhornii
1802 2078 1814 2100 ,
1847 2062 1948 2089 cura
1961 2045 2067 2100 suit.
2120 2063 2122 2065 ’

1215 2107 1316 2151 Non
1340 2124 1412 2151 me
1439 2108 1620 2166 expedio
1647 2125 1699 2153 ex
1719 2109 1801 2154 hac
1822 2109 2066 2169 Charybdi.

1215 2171 1392 2229 Opinor
1406 2182 1553 2217 tamen
1567 2173 1756 2218 hocloco
1767 2191 1963 2218 errorem
1974 2193 2066 2220 esse

1215 2238 1499 2280 commissum
1518 2254 1542 2281 a
1561 2237 1744 2282 librariis
1765 2240 2062 2285 oscitantibus:

1212 2310 1262 2345 ut
1274 2318 1360 2345 11113
1374 2304 1535 2362 syllaba
1550 2304 1605 2347 ob
1620 2304 1951 2348 similitudinem
1965 2323 2066 2363 pro-

1212 2366 1339 2409 ximae
1363 2367 1648 2423 praecedentis
1683 2368 1738 2411 sit
1770 2369 1938 2412 omissa.
1975 2371 2064 2414 Pro

1201 2432 1333 2486 jussa
1360 2441 1477 2475 recte
1512 2436 1608 2475 w'sa
1639 2433 1829 2490 optimus
1859 2434 2066 2478 Politiani

1210 2495 1348 2539 codex
1367 2514 1376 2549 3
1395 2495 1554 2539 deinde
1567 2499 1665 2547 tuli,
1684 2513 1764 2553 pro
1777 2500 1899 2549 mihi,
1923 2513 2063 2541 avero

1209 2560 1394 2603 minime
1414 2561 1558 2604 abest:
1573 2561 1788 2618 1301111ῐυ111
1807 2562 1927 2605 enim
1946 2564 2060 2606 anti-

1210 2628 1356 2683 quitus
1383 2631 1566 2677 visalus,
1588 2643 1669 2684 pro
1696 2633 1792 2671 visa
1814 2632 1965 2682 salus,·
1985 2628 2063 2672 sed

1208 2701 1253 2735 εἰ
1275 2709 1353 2747 pro
1369 2697 1480 2735 satis
1499 2692 1808 2749 reponendum
1825 2696 1953 2735 laris:
1975 2711 1995 2730 «
2013 2693 2062 2737 Si

1207 2756 1306 2800 laris
1337 2756 1525 2813 Augusti
1554 2757 1722 2813 publica
1750 2757 1840 2800 visa
1869 2757 1980 2800 salus
2003 2774 2013 2801 ε
2036 2776 2057 2796 υ

1209 2824 1243 2868 si
1274 2825 1318 2867 in
1357 2822 1514 2866 domus
1544 2823 1728 2879 Augusti
1756 2823 1891 2866 salute
1911 2856 1923 2878 ,
1950 2822 2060 2866 mihi

1206 2888 1294 2931 visa
1321 2896 1385 2930 est
1406 2889 1640 2931 consistere
1663 2887 1776 2930 salus
1798 2887 2056 2944 reipublicae.

1207 2955 1375 2998 Hzms.
1395 2976 1449 2986 —·
1469 2955 1574 2997 Haec
1598 2954 1771 2997 Heinsii
1794 2954 2056 2997 Burmanno

1206 3033 1297 3060 non
1331 3017 1524 3074 displicet
1556 3018 1810 3074 conjectura
1827 3036 1837 3070 ;
1870 3018 1946 3061 sed
1975 3034 2056 3075 pro

1203 3086 1310 3126 laris
1326 3084 1489 3139 legeret
1507 3100 1517 3127 :
1539 3103 1560 3122 «
1577 3085 1623 3128 Si
1636 3085 1770 3141 patris
1782 3085 1966 3142 Augusti
1982 3102 2058 3142 pu·

1203 3149 1311 3192 blica
1333 3151 1420 3193 visa
1440 3149 1554 3194 salus
1569 3168 1603 3188 ⁴»
1625 3167 1636 3202 ;
1658 3153 1802 3192 Patris
1823 3151 1943 3194 enim
1970 3166 2055 3193 no·-

1202 3230 1306 3257 men
1331 3215 1527 3271 Augusto
1537 3214 1655 3271 quasi
1667 3215 1895 3271 proprium
1911 3214 2053 3258 :idem

1202 3296 1308 3323 vero
1322 3280 1425 3323 dicit
1436 3313 1447 3334 ,
1470 3280 1586 3337 quod
1604 3280 1663 3323 illi
1678 3280 1923 3324 adulatores
1936 3279 2051 3336 apud

1203 3346 1316 3388 Hor.
1327 3345 1453 3401 1,Ep.
1468 3360 1561 3398 xvt,
1578 3363 1625 3402 27
1642 3361 1652 3388 ε
1666 3363 1685 3382 ¹<
1693 3344 1733 3388 T
1736 3361 1818 3388 ene
1830 3345 1965 3401 magis
1976 3343 2053 3387 sal·

1200 3427 1306 3459 vum
1320 3412 1501 3469 populus
1522 3412 1639 3467 velit,
1654 3427 1708 3455 an
1725 3410 1933 3469 populum
1950 3419 2011 3455 tu.
2026 3426 2048 3449 »
