2280 3776
453 315 567 372 EX
607 314 903 370 PONTO
942 313 1101 368 LIB.
1145 313 1234 367 11.
1279 310 1553 368 EPIST.
1598 315 1669 371 V.

1843 316 1949 393 337

186 433 436 506 Candor,
464 434 523 493 in
550 433 657 493 hoc
685 453 797 492 aevo
822 454 906 491 res
932 430 1290 491 intermortua
1319 454 1503 515 paene,
1927 450 1953 491 5

268 530 488 611 Exigit,
518 544 583 591 ut
608 528 799 590 faciam
831 525 957 588 talia
987 542 1141 598 vota,
1176 543 1320 589 tuus,

189 628 331 688 Nam
358 625 553 687 fuerim
585 623 830 707 quamvis
855 622 1072 683 modico
1104 622 1207 683 tibi
1236 624 1491 701 cognitus
1516 646 1653 697 usu,

270 723 485 784 Diceris
514 719 718 787 exsiliis
748 720 1077 799 ingemuisse
1110 719 1244 780 meis
1270 744 1282 780 :

193 818 478 901 Missaque
507 816 578 877 ab
610 831 851 877 extremo
881 815 1086 894 legeres
1117 839 1286 899 quum
1312 817 1550 876 carmina
1575 816 1790 890 Pont0‚

193 944 196 947 ·
273 914 374 977 llla
405 929 533 975 tuus
562 914 701 996 juvit
731 912 1146 997 qualiacumque
1167 914 1346 986 savor;
1917 944 1966 974 ιο

195 1014 531 1099 Optastique
559 1013 779 1073 brevem
807 1011 938 1073 salvi
967 1011 1102 1072 mihi
1133 1011 1360 1072 Caesaris
1388 1011 1525 1072 iram
1550 1036 1564 1084 ;

276 1110 447 1192 Quod
482 1124 658 1169 tamen
693 1109 903 1191 optari,
938 1108 981 1168 si
1013 1107 1183 1180 sciat,
1212 1107 1331 1190 ipse
1359 1107 1518 1167 sinat.

194 1205 458 1267 Moribus
488 1205 593 1266 ista
623 1204 733 1266 tuis
764 1220 872 1265 tam
899 1204 1052 1264 mitia
1079 1218 1207 1263 vota
1238 1203 1470 1264 dedisti:

275 1301 391 1360 Nec
419 1301 601 1361 minus
633 1300 838 1359 idcirco
871 1313 1003 1359 sunt
1031 1321 1091 1358 ea
1118 1313 1271 1378 grata
1296 1298 1448 1358 mihi.

198 1395 446 1481 Quoque
475 1395 651 1471 magis
676 1418 921 1455 moveare
954 1394 1143 1467 maliS‚
1178 1394 1520 1468 doctissime,
1556 1395 1788 1468 nostris»,
1928 1415 1976 1457 15

285 1489 564 1554 Credibile
594 1504 679 1550 est
707 1489 823 1549 fieri
854 1492 1176 1551 conditione
1204 1491 1330 1551 loci.

199 1589 308 1650 Vix
337 1588 440 1649 hac
466 1586 710 1647 invenias
741 1599 949 1657 totum,
982 1584 1119 1643 mihi
1149 1584 1334 1656 crede,
1365 1608 1464 1667 per
1492 1588 1684 1647 orbem

282 1686 424 1765 Quae
454 1683 636 1743 minus
666 1682 920 1759 Augusta
944 1703 1076 1762 pace
1104 1679 1343 1752 fruatur,
1377 1681 1622 1742 humum.

202 1783 291 1844 Tu
323 1797 505 1842 tamen
531 1779 623 1839 hic
655 1792 894 1838 structos
922 1777 1065 1836 inter
1093 1775 1205 1837 fera
1234 1775 1420 1859 praelia
1446 1801 1633 1839 versus

284 1879 361 1938 Et
386 1876 524 1955 legis
543 1922 559 1950 ‚
587 1888 644 1936 et
673 1873 844 1934 lectos
873 1895 966 1933 ore
992 1873 1203 1934 favente
1226 1871 1469 1955 prubas;
1929 1909 1983 1939 20

255 2018 296 2062 6.
324 2018 447 2062 Vota.
476 2014 612 2060 Verba
641 2011 762 2057 Leid.
793 2022 836 2056 et
867 2012 1051 2056 Putean-

260 2099 297 2141 7.
318 2084 389 2127 Ab
413 2082 578 2126 mode‘w
600 2094 692 2123 usn.
713 2078 754 2122 A
781 2092 912 2135 parva
936 2093 1051 2122 con-

201 2148 447 2196 suetudine.

256 2230 298 2275 9.
320 2215 489 2257 Euxino
516 2212 666 2255 Ponto.
693 2210 893 2252 Extremo
922 2206 1052 2252 Polit.

207 2278 413 2333 Combii,
441 2285 486 2321 et
512 2275 638 2319 multi
663 2274 733 2318 alii
762 2290 773 2318 ε
803 2282 899 2317 tum
925 2272 1052 2329 paulo

206 2350 316 2387 ante·
328 2357 409 2398 pro
416 2341 597 2396 junctus
619 2341 674 2382 ab
694 2353 796 2392 usu,
821 2336 910 2380 duo
929 2345 1052 2380 vete-

207 2424 277 2453 res
299 2411 491 2463 cognitus
509 2420 598 2448 usu.
619 2405 787 2447 Hssms.

268 2489 285 2515 1
296 2488 329 2514 1.
342 2471 619 2526 Brevemfieri
627 2469 734 2510 mihi
745 2467 924 2510 Cesaris
938 2469 1058 2507 iram.

210 2536 521 2580 Salamas-aris
538 2532 710 2576 Sarrav.
729 2529 913 2587 Argent.
930 2528 1058 2584 prim.

211 2599 374 2644 Medic.
393 2598 550 2655 aliique
568 2597 811 2653 complures
828 2613 838 2647 ;
859 2595 918 2639 sic
930 2608 1060 2649 supra

211 2666 344 2711 Pont.
363 2664 434 2707 lib.
449 2664 511 2717 11,
528 2663 596 2706 El.
611 2676 684 2715 111,
699 2677 758 2704 vs.
775 2662 849 2712 78:
865 2677 887 2697 «ι
902 2659 969 2702 Ut
983 2657 1061 2701 tibi

212 2731 283 2786 sit,
296 2731 412 2775 salvo
428 2729 618 2782 Caesare,
631 2726 743 2770 salva
757 2741 929 2783 parens,
944 2732 1062 2767 »tres

214 2794 286 2839 alii
297 2797 417 2839 salvo
429 2795 536 2837 mibi
546 2807 648 2835 cum
660 2789 985 2838 Twisdeniano.
1001 2788 1062 2831 H.

273 2861 337 2903 13.
366 2861 470 2903 Tuae’s
498 2860 691 2901 moribus.
719 2857 829 2899 Tuae
854 2854 1064 2911 benigni-

223 2923 303 2968 tati
320 2942 331 2977 ;
353 2921 607 2979 hujusmodi
628 2922 749 2964 enim
767 2928 867 2963 vota
884 2926 1066 2962 manant

218 3003 244 3033 a
263 2987 463 3046 benignis
482 2987 690 3032 moribus.

277 3057 339 3097 15.
357 3055 627 3098 Docttsssime.
655 3052 812 3095 Malim
844 3053 1067 3094 mitissime

217 3133 319 3163 cum
331 3117 578 3174 fragmento
586 3116 800 3161 Vaticano
811 3134 822 3169 ;
827 3117 1069 3171 justissma‘

223 3182 435 3228 Arondel.
458 3182 624 3225 Hssms.

280 3263 344 3304 ¹7·
381 3247 465 3290 Vix
482 3247 564 3287 hac
582 3248 770 3287 inoem'as
786 3250 916 3287 totum
929 3277 941 3296 ‚
967 3244 1077 3287 mike·

222 3314 355 3356 crede.
387 3309 628 3366 Augustam
661 3323 812 3364 pacem
843 3323 936 3351 non
968 3316 1069 3351 tan-

226 3382 321 3418 tum
334 3406 346 3429 ‚
368 3388 463 3430 quae
482 3373 533 3415 ab
553 3373 749 3428 Augusto
768 3380 889 3428 parta
907 3372 984 3427 sit,
1001 3387 1070 3416 ac-

229 3441 342 3498 cipio
354 3473 368 3498 ,
387 3448 435 3483 ut
454 3439 627 3483 Merula
639 3471 651 3495 ,
672 3439 747 3484 sed
763 3447 808 3484 et
823 3453 988 3483 sacram
1003 3454 1072 3484 ve-

393 3523 541 3585 VJJ.

1132 2009 1458 2068 nerabilemque
1482 2027 1492 2055 z
1516 2011 1697 2069 perinde
1725 2022 1775 2057 ut
1803 2028 1983 2074 augusta

1132 2076 1318 2134 templa,
1342 2085 1521 2135 augusta
1538 2078 1651 2132 loca,
1670 2079 1852 2126 dicimus
1866 2116 1878 2136 ,
1900 2082 1984 2129 hoc

1132 2151 1222 2198 est,
1246 2158 1386 2197 sacra,
1409 2151 1453 2187 et
1465 2145 1744 2190 veneratione
1760 2147 1902 2205 digna.
1915 2150 1983 2194 M.

1194 2210 1254 2252 18.
1275 2209 1572 2265 Pacesmatur
1591 2213 1752 2254 humus.
1780 2213 1983 2259 Concin-

1134 2274 1233 2317 nius
1249 2276 1414 2315 humum
1435 2281 1604 2317 veteres
1622 2275 1774 2320 decem
1798 2287 1842 2322 et
1859 2279 1981 2339 Gry—

1135 2338 1226 2395 phii
1250 2337 1394 2382 editio.
1418 2339 1583 2383 Han-s.

1195 2419 1259 2462 ¹9·
1286 2405 1351 2447 Tu
1367 2412 1507 2446 tamen
1520 2406 1591 2447 bic
1601 2411 1779 2461 scriptos
1792 2419 1871 2454 etc.
1885 2414 1986 2457 Huc

1137 2477 1324 2514 structos.
1337 2470 1508 2514 Sarrav.
1526 2470 1553 2513 d
1558 2487 1615 2514 uo
1628 2477 1880 2530 astruam,-
1898 2487 1985 2523 tres

1139 2537 1217 2578 hos
1247 2542 1427 2578 structos
1443 2549 1459 2587 ‚·
1507 2535 1660 2592 reliqui
1701 2554 1852 2584 omnes
1893 2542 1986 2588 sere

1139 2601 1210 2642 hic
1229 2607 1421 2642 structos.
1439 2598 1588 2643 Scribe
1613 2604 1685 2645 hic
1703 2606 1863 2648 ductos.
1889 2609 1988 2650 Du-

1140 2678 1231 2707 cere
1244 2672 1287 2706 et
1297 2666 1496 2706 deducere
1501 2665 1685 2709 verbum
1700 2679 1851 2712 nostro
1866 2670 1991 2714 sami·

1140 2727 1245 2771 liare
1261 2745 1273 2779 3
1291 2727 1423 2771 Trist.
1441 2729 1503 2783 V,
1526 2728 1592 2772 El·
1611 2743 1629 2772 Ι
1644 2763 1657 2784 ,
1680 2749 1737 2775 VS.
1761 2750 1807 2789 71
1828 2750 1871 2777 ξε(
1890 2735 1990 2791 Ipsa

1143 2810 1226 2837 nec
1245 2793 1436 2836 emendo
1450 2826 1462 2847 ,
1486 2796 1562 2840 sed
1579 2806 1628 2840 ut
1645 2797 1715 2842 hic
1727 2799 1914 2845 deducta
1926 2801 1990 2846 le-

1144 2857 1433 2914 gantueron
1449 2869 1551 2903 sunt
1569 2860 1638 2904 illa
1649 2878 1730 2906 suo
1742 2863 1994 2910 barbariora

1144 2922 1240 2965 loco
1255 2939 1266 2974 ;
1282 2940 1305 2960 »
1320 2936 1448 2979 supra
1460 2955 1472 2978 ,
1493 2924 1625 2968 Trist.
1639 2926 1710 2970 lib.
1727 2928 1797 2973 III
1809 2962 1821 2983 ‚
1846 2931 1911 2974 El.
1926 2946 1993 2988 lv,

1145 3002 1206 3029 vs.
1221 2986 1271 3029 31
1292 3002 1303 3028 :
1323 3004 1345 3024 ct
1369 2987 1508 3043 Inque
1527 2998 1593 3032 tot
1610 2991 1798 3037 adversis
1814 3011 1995 3040 carmen

1147 3052 1376 3095 mirabitur
1402 3053 1542 3097 ullum
1569 3055 1744 3100 Ducere
1773 3058 1999 3116 languenti

1147 3132 1219 3159 me
1238 3116 1423 3172 potuisse
1443 3134 1578 3162 manu
1595 3138 1606 3173 3
1624 3139 1647 3158 »
1660 3130 1704 3164 et
1719 3122 1851 3167 Trist.
1865 3124 1936 3168 lib.
1951 3128 1972 3171 1
1984 3160 1997 3181 ,

1151 3182 1274 3238 Eleg.
1295 3195 1369 3233 xl,
1388 3199 1447 3226 vs.
1471 3199 1517 3239 17
1539 3199 1550 3227 :
1567 3202 1589 3222 κ
1606 3185 1730 3242 Saepe
1750 3189 1880 3232 maris
1900 3207 1997 3246 pars

1150 3244 1267 3288 intus
1278 3255 1370 3288 erat
1384 3278 1395 3300 ,
1408 3254 1557 3290 tamen
1569 3247 1659 3304 ipse
1673 3253 1880 3296 trementi
1893 3253 1999 3297 Car·

1149 3308 1272 3352 mina
1303 3309 1515 3354 ducebam
1541 3312 1868 3372 qualiacumque
1894 3335 2000 3362 τηε-

1151 3390 1213 3417 nu
1226 3390 1238 3426 ;
1253 3392 1274 3412 »
1294 3375 1425 3418 Pont.
1444 3377 1528 3431 IV,
1551 3377 1619 3421 El.
1638 3392 1674 3422 11
1689 3412 1702 3434 ,
1726 3383 1802 3435 24:
1822 3400 1844 3419 «
1861 3382 2000 3427 Duci-

1153 3448 1225 3483 tur
1245 3448 1288 3485 et
1306 3439 1447 3498 digitis
1466 3442 1589 3488 litera
1610 3461 1707 3489 rara
1727 3446 1860 3502 meis;
1881 3467 1902 3489 υ
1923 3453 1999 3492 de·

1679 3550 1746 3590 22.
