2268 3848
181 334 251 409 76

647 335 712 389 P.
763 334 1057 394 OVIDII
1111 331 1500 393 NASONIS

257 449 379 511 Stat
404 450 594 512 Venus
621 451 788 513 ultori
811 455 1000 533 juncta
1030 453 1149 514 viro
1176 468 1302 515 ante
1328 454 1496 515 fores.

178 546 343 608 Isidis
372 547 484 608 aede
513 549 707 609 sedens
725 596 739 622 ,
771 573 870 610 cur
896 549 1040 611 hanc
1071 550 1351 625 Saturnia,
1385 565 1618 635 quaeret,

260 646 452 723 Egerit
477 645 638 706 Ionio
665 646 1054 729 Bosporioque
1082 647 1236 708 mari.

179 741 247 801 In
276 743 486 802 Venere
514 741 810 815 Anchises,
844 742 904 802 in
934 745 1093 804 Luna
1121 743 1370 805 Latmius
1396 744 1594 816 heros,

261 838 328 896 ln
361 837 557 897 Cerere
584 836 799 909 Iasion‚
833 837 929 920 qui
954 838 1254 909 referatur,
1285 837 1404 898 erit.

1882 856 1966 898 300

182 932 384 993 Omnia
414 957 695 1017 perversas
723 949 963 1016 possunt
991 957 1340 1017 corrumpere
1366 949 1601 1007 mentes;

261 1028 423 1088 Stant
449 1043 630 1088 tamen
657 1027 753 1088 illa
781 1029 897 1089 suis
928 1029 1112 1090 omnia
1141 1043 1261 1090 tuta
1286 1028 1440 1090 locis.

180 1124 257 1184 At
285 1124 479 1207 procul
513 1125 582 1185 ab
614 1125 817 1210 scripta
845 1125 980 1187 solis
1008 1125 1390 1187 meretricibus
1418 1126 1555 1186 Arte

263 1221 570 1283 Submovet
597 1223 863 1301 ingenuas
891 1224 1092 1307 pagina
1122 1224 1301 1307 prima
1328 1246 1520 1283 nurus,

184 1318 564 1402 Quaecumque
595 1318 885 1402 irrumpit,
919 1343 1031 1402 quo
1060 1344 1177 1380 non
1209 1319 1342 1381 sinit
1369 1320 1448 1379 ire
1479 1317 1761 1391 sacerdos,

180 1473 235 1500 eo
251 1457 436 1515 insignia
457 1457 786 1514 triumphorum
801 1456 1034 1500 inferrent.

179 1522 369 1566 MRR.·-—
377 1523 470 1565 Tua
483 1525 667 1566 numina.
686 1521 840 1578 Quem
856 1528 903 1563 tu
923 1535 1038 1577 prae-

181 1588 305 1646 cipue
325 1589 441 1632 colis.
458 1590 605 1634 PONT-

237 1653 331 1711 296.
360 1654 456 1696 Stat
474 1656 613 1698 Vanus
635 1657 774 1698 ultori.
806 1652 946 1710 Quasi
967 1652 1038 1695 di·-

182 1727 252 1762 cat
272 1751 285 1773 ,
319 1719 532 1763 succurrit
571 1718 837 1763 adulterium
878 1717 1036 1762 Martis

180 1800 281 1826 cum
294 1786 486 1828 Venere.
503 1785 717 1842 Intelligit
733 1793 880 1828 autem
896 1782 1036 1827 aedem

183 1849 374 1892 Veneris
407 1848 626 1906 genitricis
657 1850 855 1908 junctam
879 1848 1037 1892 Martis

182 1914 595 1971 templa—hama
607 1919 696 1958 vim
712 1929 726 1966 ,⁸
749 1914 949 1958 duriores
959 1930 1038 1958 nu-

184 1979 323 2031 meri;
358 1996 504 2037 neque
537 1990 653 2025 recte
685 1981 879 2025 Veneris
904 1985 1038 2023 virum

184 2048 357 2090 ultorem
381 2046 579 2091 Martem
609 2047 693 2091 dici
723 2057 830 2105 puto
847 2082 857 2096 ‚
895 2063 1036 2105 quum

183 2117 349 2153 amator
358 2109 494 2154 fuerit
507 2143 519 2165 ,
540 2128 674 2168 quem
687 2116 779 2155 viro
796 2111 912 2155 infra
928 2127 1037 2154 vers.

185 2176 264 2231 372
282 2207 294 2230 ,
321 2176 518 2233 opponit.
533 2177 667 2220 Forte
679 2175 898 2234 scripserit
915 2193 925 2228 ;
944 2177 1043 2219 Stat

191 2243 238 2285 V
229 2257 332 2284 enus
345 2244 480 2285 ultori
477 2243 636 2298 juncta
653 2245 759 2299 quid
771 2250 869 2285 ante
875 2241 1000 2297 sores
1011 2242 1038 2286 ?

186 2306 369 2362 scilicet,
391 2316 544 2364 quaeret
554 2307 658 2364 quid
673 2341 687 2362 ,
709 2307 755 2351 id
781 2316 846 2352 est
862 2340 874 2363 ,
903 2323 1038 2365 quare

186 2373 342 2417 Venus
355 2381 440 2416 stet
454 2381 553 2416 ante
568 2372 709 2427 fores,
729 2373 879 2430 juncta
893 2373 1038 2417 ultori.

242 2438 335 2496 298.
354 2439 504 2493 Egerit
516 2440 636 2481 Ionio
651 2439 936 2496 Bosporioque
945 2455 1040 2481 ma-

185 2506 236 2545 ri.
259 2519 280 2540 «
298 2503 398 2545 Hoc
417 2503 644 2559 quondam
659 2512 858 2548 monstro
883 2503 1038 2547 horri-

182 2567 291 2611 biles
324 2567 515 2612 exercuit
544 2568 629 2612 iras
650 2602 662 2623 ,
697 2568 885 2614 Inachiae
917 2570 1041 2613 Juno

186 2641 354 2689 pestem
368 2632 577 2676 meditata
595 2633 791 2690 juvencae
808 2667 820 2689 ,
845 2653 865 2672 »ι
886 2634 1040 2692 Virgit.

189 2697 291 2751 111,
314 2696 480 2755 Gemg.
501 2701 577 2742 152
592 2714 663 2755 sq.
685 2705 847 2760 Oi'erpov
867 2706 1041 2744 καλοῦσιν

190 2766 300 2808 αὐτ-ὲν
327 2769 366 2810 οἱ
389 2771 525 2809 Νείλου
558 2767 683 2814 πέλας·
713 2764 906 2824 AEschyl.
933 2765 1041 2823 Sup

187 2833 378 2879 Φοινήεντι
407 2833 538 2885 μυωὶτι
559 2837 661 2885 βοῶν
694 2832 847 2905 ἔλατ-ἦρι
871 2840 1041 2876 τυπεῖσα·

192 2890 1039 2955 Coluth.Theban.1-aoe242;1‹2›..focroeze'n

193 2964 232 3002 δε
262 2962 440 3004 ,rideam
476 2959 531 3002 t’oe’
567 2961 687 3022 αλμυρ
692 2963 716 3003 ἆ
739 2967 849 3021 βαῖνε
875 2964 1041 3007 κέλευθοι·

190 3023 360 3068 Moseh.
380 3023 505 3083 Idyll.
527 3037 565 3067 11
581 3056 593 3078 ‚
613 3040 722 3068 vers.
747 3027 812 3080 44.

250 3105 342 3148 399.
362 3091 414 3132 In
443 3092 641 3133 Venerem
668 3090 893 3135 Anchises.
927 3091 1043 3148 Lege

193 3159 237 3197 in
262 3157 418 3197 Venere
431 3169 446 3208 ,·
461 3164 504 3199 et
518 3171 621 3198 mox
634 3159 678 3200 in
694 3158 820 3200 Lana
837 3165 881 3201 et
899 3162 942 3200 in
966 3158 1047 3200 Ce-

194 3236 302 3275 rere,·
320 3223 544 3279 quomodo
562 3224 656 3268 fere
671 3225 839 3282 primus
857 3225 1045 3268 Vatica-

196 3304 282 3332 nus
298 3303 309 3332 z
327 3288 387 3331 sic
408 3287 526 3345 loqui
552 3299 669 3333 amat
695 3292 868 3336 Noster.
900 3293 1045 3334 Iasion

194 3353 329 3397 etiam
357 3368 438 3410 pro
459 3356 601 3398 Iasius
623 3356 838 3412 plerique:
860 3364 1045 3399 utrum-

195 3434 280 3475 que
301 3426 471 3461 rectum
502 3427 566 3462 est
580 3437 591 3470 3
605 3419 715 3464 Met.
739 3421 805 3464 IX
823 3453 835 3474 ‚
857 3422 1050 3475 Querilur

194 3499 413 3528 canescere
432 3487 546 3529 mitis
565 3485 739 3530 Iasiona
763 3487 894 3531 Ceres.
913 3486 974 3530 H.
989 3509 1043 3519 --

1887 1333 1970 1378 305

1119 1459 1172 1500 In
1194 1458 1319 1502 Luna
1344 1459 1537 1501 Latmius
1564 1459 1696 1501 heros.
1720 1455 1971 1516 Endymio-

1119 1539 1225 1567 nem
1244 1523 1466 1580 designat,
1490 1524 1515 1565 a
1529 1521 1701 1567 Latmio
1717 1531 1870 1566 monte
1887 1520 1969 1566 Ca·

1121 1588 1195 1631 riae
1212 1588 1591 1645 cognominatum.

1174 1655 1271 1697 300.
1290 1655 1342 1696 In
1358 1655 1502 1697 Cerere
1512 1654 1657 1696 Iastits
1675 1652 1873 1697 etc.Fuit
1890 1651 1972 1695 Ja-

1117 1717 1204 1762 sius
1220 1751 1231 1771 ,
1256 1717 1310 1761 de
1329 1733 1418 1774 quo
1431 1716 1501 1761 hic
1514 1725 1643 1774 poeta
1660 1715 1862 1775 intelligit
1875 1749 1887 1771 ,
1917 1716 1974 1759 fl-

1117 1781 1200 1827 lius
1213 1784 1243 1827 J
1246 1782 1338 1826 ovis
1349 1792 1394 1826 et
1409 1782 1611 1836 Electrae,
1623 1781 1847 1838 fraterque
1859 1782 1974 1825 Dar·

1119 1848 1221 1892 dani
1236 1857 1282 1893 et
1300 1849 1524 1893 Armoniae
1540 1847 1700 1891 Cadmi
1714 1848 1881 1902 uxoris,
1897 1848 1972 1905 qui

1118 1924 1261 1960 sumta
1282 1931 1416 1960 uxore
1444 1913 1636 1974 Cybele,
1660 1913 1971 1974 Corybantum

1120 1981 1296 2040 genuit,
1320 1998 1346 2026 a
1364 1980 1752 2040 quo'Corybantes
1774 1980 1974 2038 appellati

1117 2056 1234 2092 sunt.
1255 2047 1322 2090 Ex
1333 2047 1363 2090 J
1367 2046 1455 2090 asio
1468 2055 1618 2090 autem
1630 2055 1675 2090 et
1690 2044 1856 2090 Cerere
1874 2046 1974 2090 Plu-

1117 2122 1270 2157 tonem
1286 2121 1442 2156 natum
1457 2111 1617 2156 fabulae
1635 2111 1828 2156 tradunt.
1843 2110 1978 2167 Quin⁴

1119 2177 1167 2221 in
1195 2178 1378 2235 gratiam
1398 2177 1506 2222 Jasii
1532 2185 1728 2230 constat,
1757 2176 1973 2219 frumenti

1120 2242 1291 2299 copiam
1303 2258 1327 2285 a
1343 2240 1510 2286 Cerere
1527 2241 1646 2285 dono
1661 2240 1807 2285 datam
1824 2241 1869 2283 in
1884 2257 1973 2285 nu-

1120 2308 1221 2366 ptiis
1245 2307 1487 2352 Armoniae.
1512 2307 1679 2351 Auctor
1695 2306 1934 2351 Diodorus.

1178 2372 1274 2415 303.
1298 2373 1360 2415 Et
1370 2373 1524 2427 procul
1542 2389 1572 2414 a
1593 2374 1763 2427 scripta.
1786 2371 1851 2414 At
1862 2387 1973 2426 pro-

1123 2440 1198 2480 cul
1203 2439 1258 2479 ab
1273 2440 1433 2492 scripta
1440 2435 1658 2480 meliores.
1670 2436 1760 2479 Pro
1771 2439 1975 2491 ingenuas

1122 2517 1273 2545 manus
1288 2510 1476 2558 quatuor
1491 2509 1662 2545 veteres
1687 2517 1828 2545 nurus.
1842 2501 1902 2544 H.
1922 2526 1976 2534 —

1120 2567 1195 2610 Ab
1206 2570 1364 2622 scripta
1371 2568 1476 2610 Arte
1485 2569 1590 2611 solis
1598 2570 1888 2610 meretricibus.
1905 2566 1975 2609 Ab

1126 2633 1235 2677 Arte
1259 2632 1461 2687 amandi,
1485 2648 1617 2690 quam
1638 2632 1738 2676 solis
1759 2632 1974 2676 meretri—

1125 2700 1245 2745 cibus
1260 2698 1536 2756 scripsimus,
1559 2697 1976 2755 rejectisvirginibus

1126 2775 1172 2811 et
1192 2766 1418 2811 matronis

1181 2831 1278 2875 305.
1305 2832 1576 2885 Quacumque
1594 2831 1779 2883 erumpit.
1810 2829 1976 2870 hrum—-

1117 2901 1190 2953 pit
1205 2931 1216 2948 ‚
1258 2906 1302 2940 et
1318 2913 1399 2953 quo
1416 2910 1496 2953 pro
1516 2911 1598 2951 qua
1612 2902 1728 2938 recte
1746 2893 1873 2936 multi
1891 2909 1977 2936 ve-

1126 2961 1342 3005 tustiores.
1368 2962 1595 3015 [rrumpere
1624 2958 1881 3003 dicebantur
1903 2958 1980 3015 qui

1127 3024 1257 3083 adyta
1272 3039 1362 3066 non
1383 3023 1539 3067 initiati
1562 3023 1780 3067 subibant.
1804 3022 1876 3066 Sic
1903 3022 1978 3065 lib.

1129 3091 1203 3134 Vl
1218 3090 1331 3133 Fast.
1349 3090 1447 3144 453,
1458 3089 1511 3133 de
1530 3088 1714 3132 Metello
1729 3089 1913 3152 Vestam
1927 3103 1979 3130 ex

1126 3155 1333 3200 incendio
1347 3155 1573 3200 auferente
1587 3171 1597 3199 :
1611 3174 1632 3193 «
1648 3154 1791 3209 Dixit,
1805 3164 1849 3198 et
1862 3155 1982 3198 irru-

1128 3221 1191 3280 pit
1222 3239 1231 3264 :
1259 3221 1426 3264 factum
1457 3221 1553 3264 Dea
1573 3229 1695 3278 rapta
1723 3219 1932 3277 probavit.
1955 3237 1978 3256 ²»

1130 3288 1260 3332 Trist.
1279 3290 1349 3343 V,
1377 3288 1498 3345 Eleg.
1532 3302 1576 3342 1,
1601 3289 1652 3345 78
1679 3303 1689 3330 :
1718 3304 1740 3324 «
1767 3287 1882 3343 Quae
1903 3295 1979 3329 ta-

1129 3370 1235 3397 men
1250 3353 1504 3410 irrumpunt
1518 3386 1529 3407 ,
1550 3367 1722 3408 quoque
1745 3358 1978 3403 vetantur,

1131 3427 1249 3462 eunt.
1267 3437 1288 3455 υ
1306 3419 1435 3462 Pont.
1459 3419 1507 3472 Ι,
1533 3417 1599 3460 ΕΙ.
1623 3430 1732 3471 vul,
1757 3417 1807 3459 23
1826 3432 1835 3458 ε
1852 3433 1870 3451 «
1887 3415 1979 3457 Nec

1130 3493 1280 3529 tamen
1294 3482 1515 3542 irrumpo,
1533 3498 1620 3541 quo
1638 3496 1730 3525 non
1750 3481 1846 3524 licet
1863 3479 1938 3523 ire.
1955 3496 1977 3516 »
