<?xml version="1.0" encoding="UTF-8"?>
<!DOCTYPE html PUBLIC "-//W3C//DTD XHTML 1.0 Transitional//EN"
    "http://www.w3.org/TR/xhtml1/DTD/xhtml1-transitional.dtd">
<html xmlns="http://www.w3.org/1999/xhtml" xml:lang="en" lang="en">
 <head>
  <title>
</title>
<meta http-equiv="Content-Type" content="text/html;charset=utf-8" />
  <meta name='ocr-system' content='tesseract 3.04.00' />
  <meta name='ocr-capabilities' content='ocr_page ocr_carea ocr_par ocr_line ocrx_word'/>
</head>
<body>
  <div class='ocr_page' id='page_1' title='image "./quaeextantomniao07oviduoft_0093.png"; bbox 0 0 2268 3848; ppageno 0'>
   <div class='ocr_carea' id='block_1_1' title="bbox 486 285 1134 345">
    <p class='ocr_par' dir='ltr' id='par_1_1' title="bbox 486 285 1134 345">
     <span class='ocr_line' id='line_1_1' title="bbox 486 285 1134 345; baseline -0.008 0"><span class='ocrx_word' id='word_1_1' title='bbox 486 285 931 345; x_wconf 79' lang='lat' dir='ltr'>TRISTIUM</span> <span class='ocrx_word' id='word_1_2' title='bbox 973 286 1134 343; x_wconf 88' lang='lat' dir='ltr'>LIB.</span> 
     </span>
    </p>
   </div>
   <div class='ocr_carea' id='block_1_2' title="bbox 341 400 1419 486">
    <p class='ocr_par' dir='ltr' id='par_1_2' title="bbox 341 400 1419 486">
     <span class='ocr_line' id='line_1_2' title="bbox 341 400 1419 486; baseline 0.002 -24"><span class='ocrx_word' id='word_1_3' title='bbox 341 402 415 462; x_wconf 88' lang='lat' dir='ltr'><strong>Et</strong></span> <span class='ocrx_word' id='word_1_4' title='bbox 440 400 579 463; x_wconf 84' lang='lat' dir='ltr'><strong>falso</strong></span> <span class='ocrx_word' id='word_1_5' title='bbox 608 403 758 464; x_wconf 87' lang='lat' dir='ltr'><strong>movi</strong></span> <span class='ocrx_word' id='word_1_6' title='bbox 786 416 982 486; x_wconf 90' lang='lat' dir='ltr'><strong>pectus</strong></span> <span class='ocrx_word' id='word_1_7' title='bbox 1007 426 1190 464; x_wconf 90' lang='lat' dir='ltr'><strong>amore</strong></span> <span class='ocrx_word' id='word_1_8' title='bbox 1221 427 1419 466; x_wconf 90' lang='lat' dir='ltr'><strong>meum.</strong></span> 
     </span>
    </p>
   </div>
   <div class='ocr_carea' id='block_1_3' title="bbox 1185 287 2047 483">
    <p class='ocr_par' dir='ltr' id='par_1_3' title="bbox 1185 287 2047 483">
     <span class='ocr_line' id='line_1_3' title="bbox 1185 287 2044 369; baseline 0.007 -27"><span class='ocrx_word' id='word_1_9' title='bbox 1185 287 1276 342; x_wconf 93' lang='lat'><strong>11.</strong></span> <span class='ocrx_word' id='word_1_10' title='bbox 1331 287 1454 344; x_wconf 84' lang='lat' dir='ltr'><strong>EL.</strong></span> <span class='ocrx_word' id='word_1_11' title='bbox 1496 288 1796 346; x_wconf 79' lang='lat' dir='ltr'><strong>UNmA.</strong></span> <span class='ocrx_word' id='word_1_12' title='bbox 1975 315 2044 369; x_wconf 82' lang='lat'><strong>79</strong></span> 
     </span>
     <span class='ocr_line' id='line_1_4' title="bbox 1963 426 2047 483; baseline -0.012 -15"><span class='ocrx_word' id='word_1_13' title='bbox 1963 426 2047 483; x_wconf 77' lang='lat'><strong>340</strong></span> 
     </span>
    </p>
   </div>
   <div class='ocr_carea' id='block_1_4' title="bbox 258 499 1875 876">
    <p class='ocr_par' dir='ltr' id='par_1_4' title="bbox 259 499 1827 683">
     <span class='ocr_line' id='line_1_5' title="bbox 259 499 1827 585; baseline 0.003 -25"><span class='ocrx_word' id='word_1_14' title='bbox 259 500 394 561; x_wconf 87' lang='lat' dir='ltr'><strong>Non</strong></span> <span class='ocrx_word' id='word_1_15' title='bbox 425 500 681 585; x_wconf 87' lang='lat' dir='ltr'>equidem</span> <span class='ocrx_word' id='word_1_16' title='bbox 710 499 901 563; x_wconf 83' lang='lat' dir='ltr'><strong>vellem</strong></span> <span class='ocrx_word' id='word_1_17' title='bbox 929 525 941 562; x_wconf 92' lang='lat'><strong>:</strong></span> <span class='ocrx_word' id='word_1_18' title='bbox 970 501 1066 563; x_wconf 89' lang='lat' dir='ltr'><strong>sed</strong></span> <span class='ocrx_word' id='word_1_19' title='bbox 1095 526 1182 563; x_wconf 90' lang='lat' dir='ltr'><strong>me</strong></span> <span class='ocrx_word' id='word_1_20' title='bbox 1212 525 1332 564; x_wconf 87' lang='lat' dir='ltr'><strong>mea</strong></span> <span class='ocrx_word' id='word_1_21' title='bbox 1358 504 1469 565; x_wconf 84' lang='lat' dir='ltr'><strong>fata</strong></span> <span class='ocrx_word' id='word_1_22' title='bbox 1499 502 1827 579; x_wconf 87' lang='lat' dir='ltr'><strong>trahebant,</strong></span> 
     </span>
     <span class='ocr_line' id='line_1_6' title="bbox 337 599 1455 683; baseline 0.004 -24"><span class='ocrx_word' id='word_1_23' title='bbox 337 601 514 683; x_wconf 89' lang='lat' dir='ltr'><strong>Inque</strong></span> <span class='ocrx_word' id='word_1_24' title='bbox 542 623 688 661; x_wconf 89' lang='lat' dir='ltr'><strong>meas</strong></span> <span class='ocrx_word' id='word_1_25' title='bbox 717 623 910 683; x_wconf 89' lang='lat' dir='ltr'><strong>poenas</strong></span> <span class='ocrx_word' id='word_1_26' title='bbox 940 599 1265 681; x_wconf 85' lang='lat' dir='ltr'><strong>ingeniosus</strong></span> <span class='ocrx_word' id='word_1_27' title='bbox 1294 625 1455 663; x_wconf 88' lang='lat' dir='ltr'><strong>eram.</strong></span> 
     </span>
    </p>

    <p class='ocr_par' dir='ltr' id='par_1_5' title="bbox 258 695 1875 876">
     <span class='ocr_line' id='line_1_7' title="bbox 258 695 1875 785; baseline 0.004 -30"><span class='ocrx_word' id='word_1_28' title='bbox 258 696 383 756; x_wconf 87' lang='lat' dir='ltr'><strong>Heu</strong></span> <span class='ocrx_word' id='word_1_29' title='bbox 412 695 583 770; x_wconf 87' lang='lat' dir='ltr'><strong>mihi,</strong></span> <span class='ocrx_word' id='word_1_30' title='bbox 617 697 768 780; x_wconf 93' lang='lat' dir='ltr'><strong>quod</strong></span> <span class='ocrx_word' id='word_1_31' title='bbox 792 697 959 782; x_wconf 83' lang='lat' dir='ltr'><strong>didici</strong></span> <span class='ocrx_word' id='word_1_32' title='bbox 985 697 998 758; x_wconf 68' lang='grc' dir='ltr'>Σ</span> <span class='ocrx_word' id='word_1_33' title='bbox 1029 698 1181 781; x_wconf 90' lang='lat' dir='ltr'><strong>quod</strong></span> <span class='ocrx_word' id='word_1_34' title='bbox 1208 722 1297 760; x_wconf 90' lang='lat' dir='ltr'><strong>me</strong></span> <span class='ocrx_word' id='word_1_35' title='bbox 1328 698 1563 761; x_wconf 89' lang='lat' dir='ltr'><strong>docuere</strong></span> <span class='ocrx_word' id='word_1_36' title='bbox 1592 714 1875 785; x_wconf 89' lang='lat' dir='ltr'><strong>parentes,</strong></span> 
     </span>
     <span class='ocr_line' id='line_1_8' title="bbox 339 791 1572 876; baseline 0.004 -23"><span class='ocrx_word' id='word_1_37' title='bbox 339 791 635 876; x_wconf 90' lang='lat' dir='ltr'><strong>Literaque</strong></span> <span class='ocrx_word' id='word_1_38' title='bbox 668 807 750 854; x_wconf 91' lang='lat' dir='ltr'><strong>est</strong></span> <span class='ocrx_word' id='word_1_39' title='bbox 781 792 973 854; x_wconf 90' lang='lat' dir='ltr'><strong>oculos</strong></span> <span class='ocrx_word' id='word_1_40' title='bbox 1002 793 1117 855; x_wconf 88' lang='lat' dir='ltr'><strong>ulla</strong></span> <span class='ocrx_word' id='word_1_41' title='bbox 1145 810 1358 858; x_wconf 91' lang='lat' dir='ltr'><strong>morata</strong></span> <span class='ocrx_word' id='word_1_42' title='bbox 1386 798 1572 858; x_wconf 86' lang='lat' dir='ltr'><strong>meos!</strong></span> 
     </span>
    </p>
   </div>
   <div class='ocr_carea' id='block_1_5' title="bbox 258 890 1662 969">
    <p class='ocr_par' dir='ltr' id='par_1_6' title="bbox 258 890 1662 969">
     <span class='ocr_line' id='line_1_9' title="bbox 258 890 1662 969; baseline 0.004 -18"><span class='ocrx_word' id='word_1_43' title='bbox 258 891 390 952; x_wconf 88' lang='lat' dir='ltr'><strong>Haec</strong></span> <span class='ocrx_word' id='word_1_44' title='bbox 420 891 525 951; x_wconf 88' lang='lat' dir='ltr'><strong>tibi</strong></span> <span class='ocrx_word' id='word_1_45' title='bbox 554 915 641 952; x_wconf 92' lang='lat' dir='ltr'><strong>me</strong></span> <span class='ocrx_word' id='word_1_46' title='bbox 669 891 907 951; x_wconf 85' lang='lat' dir='ltr'><strong>invisum</strong></span> <span class='ocrx_word' id='word_1_47' title='bbox 935 890 1157 960; x_wconf 87' lang='lat' dir='ltr'><strong>lascivia</strong></span> <span class='ocrx_word' id='word_1_48' title='bbox 1186 893 1348 968; x_wconf 86' lang='lat' dir='ltr'><strong>fecit,</strong></span> <span class='ocrx_word' id='word_1_49' title='bbox 1381 895 1457 955; x_wconf 89' lang='lat' dir='ltr'><strong>ob</strong></span> <span class='ocrx_word' id='word_1_50' title='bbox 1484 910 1627 956; x_wconf 87' lang='lat' dir='ltr'><strong>artes</strong></span> <span class='ocrx_word' id='word_1_51' title='bbox 1646 943 1662 969; x_wconf 88' lang='lat'>‚</span> 
     </span>
    </p>
   </div>
   <div class='ocr_carea' id='block_1_6' title="bbox 1959 911 2042 970">
    <p class='ocr_par' dir='ltr' id='par_1_7' title="bbox 1959 911 2042 970">
     <span class='ocr_line' id='line_1_10' title="bbox 1959 911 2042 970; baseline -0.024 -14"><span class='ocrx_word' id='word_1_52' title='bbox 1959 911 2042 970; x_wconf 74' lang='lat'><strong>³4⁵</strong></span> 
     </span>
    </p>
   </div>
   <div class='ocr_carea' id='block_1_7' title="bbox 253 987 1746 1359">
    <p class='ocr_par' dir='ltr' id='par_1_8' title="bbox 253 987 1746 1359">
     <span class='ocr_line' id='line_1_11' title="bbox 335 987 1553 1070; baseline 0.002 -20"><span class='ocrx_word' id='word_1_53' title='bbox 335 990 495 1070; x_wconf 82' lang='lat' dir='ltr'><strong>Quas</strong></span> <span class='ocrx_word' id='word_1_54' title='bbox 523 1004 675 1052; x_wconf 86' lang='lat' dir='ltr'><strong>ratus</strong></span> <span class='ocrx_word' id='word_1_55' title='bbox 707 1013 764 1050; x_wconf 91' lang='lat' dir='ltr'><strong>es</strong></span> <span class='ocrx_word' id='word_1_56' title='bbox 789 989 991 1051; x_wconf 86' lang='lat' dir='ltr'><strong>vetitos</strong></span> <span class='ocrx_word' id='word_1_57' title='bbox 1021 987 1343 1052; x_wconf 84' lang='lat' dir='ltr'><strong>sollicitasse</strong></span> <span class='ocrx_word' id='word_1_58' title='bbox 1383 1007 1553 1052; x_wconf 88' lang='lat' dir='ltr'><strong>toros.</strong></span> 
     </span>
     <span class='ocr_line' id='line_1_12' title="bbox 254 1085 1746 1171; baseline 0.002 -24"><span class='ocrx_word' id='word_1_59' title='bbox 254 1087 362 1148; x_wconf 89' lang='lat' dir='ltr'><strong>Sed</strong></span> <span class='ocrx_word' id='word_1_60' title='bbox 389 1111 570 1171; x_wconf 88' lang='lat' dir='ltr'><strong>neque</strong></span> <span class='ocrx_word' id='word_1_61' title='bbox 600 1111 686 1148; x_wconf 93' lang='lat' dir='ltr'><strong>me</strong></span> <span class='ocrx_word' id='word_1_62' title='bbox 713 1102 901 1171; x_wconf 83' lang='lat' dir='ltr'><strong>nuptae</strong></span> <span class='ocrx_word' id='word_1_63' title='bbox 933 1085 1247 1148; x_wconf 87' lang='lat' dir='ltr'><strong>didicerunt</strong></span> <span class='ocrx_word' id='word_1_64' title='bbox 1274 1087 1423 1148; x_wconf 85' lang='lat' dir='ltr'><strong>furta</strong></span> <span class='ocrx_word' id='word_1_65' title='bbox 1452 1088 1746 1167; x_wconf 85' lang='lat' dir='ltr'><strong>magistro;</strong></span> 
     </span>
     <span class='ocr_line' id='line_1_13' title="bbox 332 1183 1711 1267; baseline 0.001 -23"><span class='ocrx_word' id='word_1_66' title='bbox 332 1183 613 1267; x_wconf 80' lang='lat' dir='ltr'><strong>Quodque</strong></span> <span class='ocrx_word' id='word_1_67' title='bbox 643 1207 840 1267; x_wconf 89' lang='lat' dir='ltr'><strong>parum</strong></span> <span class='ocrx_word' id='word_1_68' title='bbox 869 1183 1055 1256; x_wconf 86' lang='lat' dir='ltr'><strong>novit,</strong></span> <span class='ocrx_word' id='word_1_69' title='bbox 1088 1207 1252 1244; x_wconf 90' lang='lat' dir='ltr'><strong>nemo</strong></span> <span class='ocrx_word' id='word_1_70' title='bbox 1282 1183 1479 1244; x_wconf 89' lang='lat' dir='ltr'><strong>docere</strong></span> <span class='ocrx_word' id='word_1_71' title='bbox 1508 1198 1711 1267; x_wconf 88' lang='lat' dir='ltr'><strong>potest.</strong></span> 
     </span>
     <span class='ocr_line' id='line_1_14' title="bbox 253 1277 1500 1359; baseline -0.001 -21"><span class='ocrx_word' id='word_1_72' title='bbox 253 1277 345 1339; x_wconf 89' lang='lat' dir='ltr'><strong>Sic</strong></span> <span class='ocrx_word' id='word_1_73' title='bbox 378 1303 481 1359; x_wconf 82' lang='lat' dir='ltr'><strong>ego</strong></span> <span class='ocrx_word' id='word_1_74' title='bbox 513 1280 762 1355; x_wconf 76' lang='lat' dir='ltr'><strong>deliciaS‚</strong></span> <span class='ocrx_word' id='word_1_75' title='bbox 795 1295 849 1342; x_wconf 93' lang='lat' dir='ltr'><strong>et</strong></span> <span class='ocrx_word' id='word_1_76' title='bbox 874 1278 1064 1343; x_wconf 89' lang='lat' dir='ltr'><strong>mollia</strong></span> <span class='ocrx_word' id='word_1_77' title='bbox 1097 1280 1337 1340; x_wconf 89' lang='lat' dir='ltr'><strong>carmina</strong></span> <span class='ocrx_word' id='word_1_78' title='bbox 1365 1278 1500 1352; x_wconf 87' lang='lat' dir='ltr'><strong>feci,</strong></span> 
     </span>
    </p>
   </div>
   <div class='ocr_carea' id='block_1_8' title="bbox 283 1375 1574 1452">
    <p class='ocr_par' dir='ltr' id='par_1_9' title="bbox 283 1375 1574 1452">
     <span class='ocr_line' id='line_1_15' title="bbox 283 1375 1574 1452; baseline 0.002 -16"><span class='ocrx_word' id='word_1_79' title='bbox 283 1446 286 1452; x_wconf 25' lang='lat'>¹</span> <span class='ocrx_word' id='word_1_80' title='bbox 329 1376 626 1438; x_wconf 89' lang='lat' dir='ltr'><strong>Strinxerit</strong></span> <span class='ocrx_word' id='word_1_81' title='bbox 652 1393 717 1439; x_wconf 92' lang='lat' dir='ltr'><strong>ut</strong></span> <span class='ocrx_word' id='word_1_82' title='bbox 743 1401 946 1439; x_wconf 89' lang='lat' dir='ltr'><strong>nomen</strong></span> <span class='ocrx_word' id='word_1_83' title='bbox 978 1375 1163 1438; x_wconf 88' lang='lat' dir='ltr'><strong>fabula</strong></span> <span class='ocrx_word' id='word_1_84' title='bbox 1191 1375 1346 1438; x_wconf 87' lang='lat' dir='ltr'><strong>nulla</strong></span> <span class='ocrx_word' id='word_1_85' title='bbox 1375 1399 1574 1438; x_wconf 89' lang='lat' dir='ltr'><strong>meum.</strong></span> 
     </span>
    </p>
   </div>
   <div class='ocr_carea' id='block_1_9' title="bbox 1959 1399 2041 1443">
    <p class='ocr_par' dir='ltr' id='par_1_10' title="bbox 1959 1399 2041 1443">
     <span class='ocr_line' id='line_1_16' title="bbox 1959 1399 2041 1443; baseline -0.037 0"><span class='ocrx_word' id='word_1_86' title='bbox 1959 1399 2041 1443; x_wconf 78' lang='lat'><strong>350</strong></span> 
     </span>
    </p>
   </div>
   <div class='ocr_carea' id='block_1_10' title="bbox 240 1474 2040 2326">
    <p class='ocr_par' dir='ltr' id='par_1_11' title="bbox 246 1474 1750 1658">
     <span class='ocr_line' id='line_1_17' title="bbox 246 1474 1750 1560; baseline 0.003 -24"><span class='ocrx_word' id='word_1_87' title='bbox 246 1475 360 1537; x_wconf 86' lang='lat' dir='ltr'><strong>Nec</strong></span> <span class='ocrx_word' id='word_1_88' title='bbox 388 1476 681 1560; x_wconf 89' lang='lat' dir='ltr'><strong>quisquam</strong></span> <span class='ocrx_word' id='word_1_89' title='bbox 711 1491 796 1538; x_wconf 91' lang='lat' dir='ltr'><strong>est</strong></span> <span class='ocrx_word' id='word_1_90' title='bbox 827 1477 963 1538; x_wconf 90' lang='lat' dir='ltr'><strong>adeo</strong></span> <span class='ocrx_word' id='word_1_91' title='bbox 994 1476 1174 1537; x_wconf 88' lang='lat' dir='ltr'><strong>media</strong></span> <span class='ocrx_word' id='word_1_92' title='bbox 1206 1475 1273 1537; x_wconf 90' lang='lat' dir='ltr'><strong>de</strong></span> <span class='ocrx_word' id='word_1_93' title='bbox 1301 1474 1462 1559; x_wconf 89' lang='lat' dir='ltr'><strong>plebe</strong></span> <span class='ocrx_word' id='word_1_94' title='bbox 1490 1478 1750 1549; x_wconf 75' lang='lat' dir='ltr'><strong>maritu5‚</strong></span> 
     </span>
     <span class='ocr_line' id='line_1_18' title="bbox 327 1571 1388 1658; baseline 0 -24"><span class='ocrx_word' id='word_1_95' title='bbox 327 1575 408 1634; x_wconf 88' lang='lat' dir='ltr'><strong>Ut</strong></span> <span class='ocrx_word' id='word_1_96' title='bbox 439 1574 644 1635; x_wconf 88' lang='lat' dir='ltr'><strong>dubius</strong></span> <span class='ocrx_word' id='word_1_97' title='bbox 673 1574 809 1635; x_wconf 83' lang='lat' dir='ltr'><strong>vitio</strong></span> <span class='ocrx_word' id='word_1_98' title='bbox 839 1574 912 1636; x_wconf 88' lang='lat' dir='ltr'><strong>sit</strong></span> <span class='ocrx_word' id='word_1_99' title='bbox 942 1587 1100 1658; x_wconf 87' lang='lat' dir='ltr'><strong>pater</strong></span> <span class='ocrx_word' id='word_1_100' title='bbox 1125 1571 1218 1633; x_wconf 83' lang='lat' dir='ltr'><strong>ille</strong></span> <span class='ocrx_word' id='word_1_101' title='bbox 1247 1595 1388 1634; x_wconf 81' lang='lat' dir='ltr'><strong>men.</strong></span> 
     </span>
    </p>

    <p class='ocr_par' dir='ltr' id='par_1_12' title="bbox 249 1670 1629 1853">
     <span class='ocr_line' id='line_1_19' title="bbox 249 1670 1629 1744; baseline 0.001 -14"><span class='ocrx_word' id='word_1_102' title='bbox 249 1670 425 1731; x_wconf 87' lang='lat' dir='ltr'><strong>Crede</strong></span> <span class='ocrx_word' id='word_1_103' title='bbox 449 1670 612 1744; x_wconf 85' lang='lat' dir='ltr'><strong>mihi,</strong></span> <span class='ocrx_word' id='word_1_104' title='bbox 642 1694 823 1732; x_wconf 88' lang='lat' dir='ltr'><strong>mores</strong></span> <span class='ocrx_word' id='word_1_105' title='bbox 853 1670 1064 1731; x_wconf 88' lang='lat' dir='ltr'><strong>distant</strong></span> <span class='ocrx_word' id='word_1_106' title='bbox 1092 1693 1124 1730; x_wconf 88' lang='lat' dir='ltr'><strong>a</strong></span> <span class='ocrx_word' id='word_1_107' title='bbox 1155 1671 1392 1732; x_wconf 85' lang='lat' dir='ltr'><strong>carmine</strong></span> <span class='ocrx_word' id='word_1_108' title='bbox 1422 1672 1629 1742; x_wconf 89' lang='lat' dir='ltr'><strong>nostri;</strong></span> 
     </span>
     <span class='ocr_line' id='line_1_20' title="bbox 328 1766 1577 1853; baseline 0.001 -26"><span class='ocrx_word' id='word_1_109' title='bbox 328 1766 457 1853; x_wconf 84' lang='lat' dir='ltr'><strong>Vita</strong></span> <span class='ocrx_word' id='word_1_110' title='bbox 489 1768 794 1830; x_wconf 87' lang='lat' dir='ltr'><strong>verecunda</strong></span> <span class='ocrx_word' id='word_1_111' title='bbox 825 1784 936 1842; x_wconf 86' lang='lat' dir='ltr'><strong>est,</strong></span> <span class='ocrx_word' id='word_1_112' title='bbox 968 1770 1135 1830; x_wconf 89' lang='lat' dir='ltr'><strong>Musa</strong></span> <span class='ocrx_word' id='word_1_113' title='bbox 1159 1768 1379 1850; x_wconf 88' lang='lat' dir='ltr'><strong>jocosa,</strong></span> <span class='ocrx_word' id='word_1_114' title='bbox 1409 1768 1577 1828; x_wconf 86' lang='lat' dir='ltr'><strong>mihi:</strong></span> 
     </span>
    </p>

    <p class='ocr_par' dir='ltr' id='par_1_13' title="bbox 244 1862 2040 2046">
     <span class='ocr_line' id='line_1_21' title="bbox 244 1862 2040 1949; baseline -0.001 -26"><span class='ocrx_word' id='word_1_115' title='bbox 244 1862 562 1948; x_wconf 81' lang='lat' dir='ltr'><strong>Magnaque</strong></span> <span class='ocrx_word' id='word_1_116' title='bbox 591 1889 718 1949; x_wconf 91' lang='lat' dir='ltr'><strong>pars</strong></span> <span class='ocrx_word' id='word_1_117' title='bbox 749 1888 978 1949; x_wconf 91' lang='lat' dir='ltr'><strong>operum</strong></span> <span class='ocrx_word' id='word_1_118' title='bbox 1008 1864 1242 1927; x_wconf 86' lang='lat' dir='ltr'><strong>mendax</strong></span> <span class='ocrx_word' id='word_1_119' title='bbox 1273 1879 1328 1925; x_wconf 90' lang='lat' dir='ltr'><strong>et</strong></span> <span class='ocrx_word' id='word_1_120' title='bbox 1355 1864 1482 1925; x_wconf 85' lang='lat' dir='ltr'><strong>ficta</strong></span> <span class='ocrx_word' id='word_1_121' title='bbox 1503 1888 1754 1925; x_wconf 87' lang='lat' dir='ltr'><strong>meorum</strong></span> <span class='ocrx_word' id='word_1_122' title='bbox 1957 1885 2040 1926; x_wconf 71' lang='lat'><strong>355</strong></span> 
     </span>
     <span class='ocr_line' id='line_1_22' title="bbox 327 1959 1440 2046; baseline 0.001 -26"><span class='ocrx_word' id='word_1_123' title='bbox 327 1959 465 2022; x_wconf 89' lang='lat' dir='ltr'><strong>Plus</strong></span> <span class='ocrx_word' id='word_1_124' title='bbox 496 1960 605 2022; x_wconf 89' lang='lat' dir='ltr'><strong>sibi</strong></span> <span class='ocrx_word' id='word_1_125' title='bbox 634 1961 885 2045; x_wconf 88' lang='lat' dir='ltr'><strong>permisit</strong></span> <span class='ocrx_word' id='word_1_126' title='bbox 913 1962 1286 2046; x_wconf 86' lang='lat' dir='ltr'><strong>compositore</strong></span> <span class='ocrx_word' id='word_1_127' title='bbox 1319 1984 1440 2021; x_wconf 65' lang='grc' dir='ltr'>δυο.</span> 
     </span>
    </p>

    <p class='ocr_par' dir='ltr' id='par_1_14' title="bbox 242 2055 1883 2238">
     <span class='ocr_line' id='line_1_23' title="bbox 242 2055 1883 2141; baseline -0.001 -22"><span class='ocrx_word' id='word_1_128' title='bbox 242 2058 358 2119; x_wconf 89' lang='lat' dir='ltr'><strong>Nec</strong></span> <span class='ocrx_word' id='word_1_129' title='bbox 384 2055 528 2118; x_wconf 88' lang='lat' dir='ltr'><strong>liber</strong></span> <span class='ocrx_word' id='word_1_130' title='bbox 559 2057 826 2119; x_wconf 88' lang='lat' dir='ltr'><strong>indicium</strong></span> <span class='ocrx_word' id='word_1_131' title='bbox 855 2072 939 2118; x_wconf 91' lang='lat' dir='ltr'><strong>est</strong></span> <span class='ocrx_word' id='word_1_132' title='bbox 968 2057 1168 2134; x_wconf 85' lang='lat' dir='ltr'><strong>animi,</strong></span> <span class='ocrx_word' id='word_1_133' title='bbox 1199 2057 1296 2118; x_wconf 87' lang='lat' dir='ltr'><strong>sed</strong></span> <span class='ocrx_word' id='word_1_134' title='bbox 1322 2058 1560 2119; x_wconf 88' lang='lat' dir='ltr'><strong>honesta</strong></span> <span class='ocrx_word' id='word_1_135' title='bbox 1589 2055 1848 2141; x_wconf 80' lang='lat' dir='ltr'><strong>voluptas</strong></span> <span class='ocrx_word' id='word_1_136' title='bbox 1869 2103 1883 2127; x_wconf 86' lang='lat'>‚</span> 
     </span>
     <span class='ocr_line' id='line_1_24' title="bbox 322 2153 1544 2238; baseline -0.001 -23"><span class='ocrx_word' id='word_1_137' title='bbox 322 2153 570 2217; x_wconf 87' lang='lat' dir='ltr'><strong>Plurima</strong></span> <span class='ocrx_word' id='word_1_138' title='bbox 596 2155 904 2218; x_wconf 88' lang='lat' dir='ltr'><strong>mulcendis</strong></span> <span class='ocrx_word' id='word_1_139' title='bbox 933 2156 1164 2218; x_wconf 89' lang='lat' dir='ltr'><strong>auribus</strong></span> <span class='ocrx_word' id='word_1_140' title='bbox 1194 2168 1323 2238; x_wconf 90' lang='lat' dir='ltr'><strong>apta</strong></span> <span class='ocrx_word' id='word_1_141' title='bbox 1348 2154 1544 2215; x_wconf 86' lang='lat' dir='ltr'><strong>ferens.</strong></span> 
     </span>
    </p>

    <p class='ocr_par' dir='ltr' id='par_1_15' title="bbox 240 2249 1634 2326">
     <span class='ocr_line' id='line_1_25' title="bbox 240 2249 1634 2326; baseline -0.001 -16"><span class='ocrx_word' id='word_1_142' title='bbox 240 2249 444 2313; x_wconf 88' lang='lat' dir='ltr'><strong>Accius</strong></span> <span class='ocrx_word' id='word_1_143' title='bbox 474 2267 617 2314; x_wconf 88' lang='lat' dir='ltr'><strong>esset</strong></span> <span class='ocrx_word' id='word_1_144' title='bbox 645 2267 837 2326; x_wconf 89' lang='lat' dir='ltr'><strong>atrox;</strong></span> <span class='ocrx_word' id='word_1_145' title='bbox 867 2253 1096 2314; x_wconf 87' lang='lat' dir='ltr'><strong>conviva</strong></span> <span class='ocrx_word' id='word_1_146' title='bbox 1125 2252 1424 2312; x_wconf 90' lang='lat' dir='ltr'><strong>Terentius</strong></span> <span class='ocrx_word' id='word_1_147' title='bbox 1454 2264 1597 2311; x_wconf 89' lang='lat' dir='ltr'><strong>esset</strong></span> <span class='ocrx_word' id='word_1_148' title='bbox 1622 2274 1634 2321; x_wconf 89' lang='grc'><strong>;</strong></span> 
     </span>
    </p>
   </div>
   <div class='ocr_carea' id='block_1_11' title="bbox 227 2391 1101 2704">
    <p class='ocr_par' dir='ltr' id='par_1_16' title="bbox 227 2391 1101 2704">
     <span class='ocr_line' id='line_1_26' title="bbox 241 2391 1093 2451; baseline 0.005 -18"><span class='ocrx_word' id='word_1_149' title='bbox 241 2398 286 2433; x_wconf 87' lang='lat' dir='ltr'><strong>et</strong></span> <span class='ocrx_word' id='word_1_150' title='bbox 306 2391 552 2451; x_wconf 66' lang='lat' dir='ltr'><strong>Hamburg,</strong></span> <span class='ocrx_word' id='word_1_151' title='bbox 571 2402 616 2437; x_wconf 79' lang='lat' dir='ltr'><strong>et</strong></span> <span class='ocrx_word' id='word_1_152' title='bbox 634 2393 821 2438; x_wconf 86' lang='lat' dir='ltr'><strong>Putean.</strong></span> <span class='ocrx_word' id='word_1_153' title='bbox 837 2397 1065 2438; x_wconf 83' lang='lat' dir='ltr'><strong>derecitare</strong></span> <span class='ocrx_word' id='word_1_154' title='bbox 1079 2409 1093 2437; x_wconf 90' lang='grc'><strong>.·</strong></span> 
     </span>
     <span class='ocr_line' id='line_1_27' title="bbox 241 2458 1094 2515; baseline 0.001 -16"><span class='ocrx_word' id='word_1_155' title='bbox 241 2471 297 2499; x_wconf 88' lang='lat' dir='ltr'><strong>an</strong></span> <span class='ocrx_word' id='word_1_156' title='bbox 311 2472 390 2513; x_wconf 90' lang='lat' dir='ltr'><strong>pro</strong></span> <span class='ocrx_word' id='word_1_157' title='bbox 405 2460 632 2514; x_wconf 75' lang='lat' dir='ltr'><strong>depretiare</strong></span> <span class='ocrx_word' id='word_1_158' title='bbox 643 2460 669 2504; x_wconf 84' lang='lat'><em>?</em></span> <span class='ocrx_word' id='word_1_159' title='bbox 685 2474 773 2515; x_wconf 91' lang='lat' dir='ltr'><strong>quo</strong></span> <span class='ocrx_word' id='word_1_160' title='bbox 785 2459 919 2502; x_wconf 85' lang='lat' dir='ltr'><strong>verbo</strong></span> <span class='ocrx_word' id='word_1_161' title='bbox 933 2458 1094 2501; x_wconf 81' lang='lat' dir='ltr'><strong>Paulus</strong></span> 
     </span>
     <span class='ocr_line' id='line_1_28' title="bbox 242 2522 1093 2579; baseline 0 -15"><span class='ocrx_word' id='word_1_162' title='bbox 242 2538 342 2566; x_wconf 86' lang='lat' dir='ltr'><strong>usus</strong></span> <span class='ocrx_word' id='word_1_163' title='bbox 359 2555 370 2577; x_wconf 88' lang='lat'>‚</span> <span class='ocrx_word' id='word_1_164' title='bbox 388 2523 460 2566; x_wconf 87' lang='lat' dir='ltr'><strong>lib.</strong></span> <span class='ocrx_word' id='word_1_165' title='bbox 477 2524 612 2567; x_wconf 89' lang='lat' dir='ltr'>XXII</span> <span class='ocrx_word' id='word_1_166' title='bbox 625 2555 636 2577; x_wconf 88' lang='lat'>,</span> <span class='ocrx_word' id='word_1_167' title='bbox 653 2523 713 2577; x_wconf 89' lang='lat' dir='ltr'><strong>D,</strong></span> <span class='ocrx_word' id='word_1_168' title='bbox 733 2522 786 2565; x_wconf 87' lang='lat' dir='ltr'><strong>ad</strong></span> <span class='ocrx_word' id='word_1_169' title='bbox 803 2523 946 2579; x_wconf 86' lang='lat' dir='ltr'><strong>legem</strong></span> <span class='ocrx_word' id='word_1_170' title='bbox 959 2522 1093 2578; x_wconf 83' lang='lat' dir='ltr'><strong>Aqui-</strong></span> 
     </span>
     <span class='ocr_line' id='line_1_29' title="bbox 239 2588 1101 2643; baseline -0.002 -12"><span class='ocrx_word' id='word_1_171' title='bbox 239 2588 355 2631; x_wconf 85' lang='lat' dir='ltr'><strong>liam.</strong></span> <span class='ocrx_word' id='word_1_172' title='bbox 395 2589 558 2633; x_wconf 85' lang='lat' dir='ltr'><strong>Glossae</strong></span> <span class='ocrx_word' id='word_1_173' title='bbox 598 2589 775 2633; x_wconf 75' lang='lat' dir='ltr'><strong>ineditae</strong></span> <span class='ocrx_word' id='word_1_174' title='bbox 803 2621 815 2643; x_wconf 92' lang='lat'>,</span> <span class='ocrx_word' id='word_1_175' title='bbox 855 2590 1101 2643; x_wconf 82' lang='lat' dir='ltr'><strong>Depretiati</strong></span> 
     </span>
     <span class='ocr_line' id='line_1_30' title="bbox 227 2652 1092 2704; baseline -0.001 -8"><span class='ocrx_word' id='word_1_176' title='bbox 227 2656 514 2704; x_wconf 53' lang='grc' dir='ltr'><strong>,ε’λαττωθέντες.</strong></span> <span class='ocrx_word' id='word_1_177' title='bbox 535 2653 623 2698; x_wconf 86' lang='lat' dir='ltr'><strong>Sed</strong></span> <span class='ocrx_word' id='word_1_178' title='bbox 645 2654 792 2697; x_wconf 86' lang='lat' dir='ltr'><strong>nescio</strong></span> <span class='ocrx_word' id='word_1_179' title='bbox 814 2669 870 2696; x_wconf 88' lang='lat' dir='ltr'><strong>an</strong></span> <span class='ocrx_word' id='word_1_180' title='bbox 889 2652 934 2696; x_wconf 90' lang='lat' dir='ltr'><strong>id</strong></span> <span class='ocrx_word' id='word_1_181' title='bbox 959 2652 1092 2696; x_wconf 88' lang='lat' dir='ltr'><strong>seculi</strong></span> 
     </span>
    </p>
   </div>
   <div class='ocr_carea' id='block_1_12' title="bbox 159 2715 1092 2763">
    <p class='ocr_par' dir='ltr' id='par_1_17' title="bbox 159 2715 1092 2763">
     <span class='ocr_line' id='line_1_31' title="bbox 159 2715 1092 2763; baseline -0.002 -2"><span class='ocrx_word' id='word_1_182' title='bbox 159 2759 161 2761; x_wconf 87' lang='lat'>.</span> <span class='ocrx_word' id='word_1_183' title='bbox 240 2715 448 2762; x_wconf 83' lang='lat' dir='ltr'><strong>Ovidiani</strong></span> <span class='ocrx_word' id='word_1_184' title='bbox 482 2719 537 2763; x_wconf 84' lang='lat' dir='ltr'><strong>sit</strong></span> <span class='ocrx_word' id='word_1_185' title='bbox 568 2720 767 2762; x_wconf 83' lang='lat' dir='ltr'><strong>verbum.</strong></span> <span class='ocrx_word' id='word_1_186' title='bbox 803 2718 922 2762; x_wconf 92' lang='lat' dir='ltr'><strong>Usus</strong></span> <span class='ocrx_word' id='word_1_187' title='bbox 958 2727 1003 2760; x_wconf 84' lang='lat' dir='ltr'><strong>et</strong></span> <span class='ocrx_word' id='word_1_188' title='bbox 1038 2731 1092 2760; x_wconf 88' lang='lat' dir='ltr'><strong>eo</strong></span> 
     </span>
    </p>
   </div>
   <div class='ocr_carea' id='block_1_13' title="bbox 236 2782 1097 3494">
    <p class='ocr_par' dir='ltr' id='par_1_18' title="bbox 237 2782 1092 2962">
     <span class='ocr_line' id='line_1_32' title="bbox 241 2782 1092 2828; baseline -0.002 -1"><span class='ocrx_word' id='word_1_189' title='bbox 241 2783 540 2828; x_wconf 83' lang='lat' dir='ltr'><strong>Tertullianus</strong></span> <span class='ocrx_word' id='word_1_190' title='bbox 570 2800 661 2827; x_wconf 87' lang='lat' dir='ltr'><strong>non</strong></span> <span class='ocrx_word' id='word_1_191' title='bbox 698 2782 847 2828; x_wconf 85' lang='lat' dir='ltr'><strong>semel.</strong></span> <span class='ocrx_word' id='word_1_192' title='bbox 885 2783 990 2826; x_wconf 90' lang='lat' dir='ltr'><strong>Duo</strong></span> <span class='ocrx_word' id='word_1_193' title='bbox 1021 2783 1092 2826; x_wconf 88' lang='lat' dir='ltr'><strong>alii</strong></span> 
     </span>
     <span class='ocr_line' id='line_1_33' title="bbox 237 2853 1090 2904; baseline 0 -10"><span class='ocrx_word' id='word_1_194' title='bbox 237 2853 464 2896; x_wconf 77' lang='lat' dir='ltr'><strong>detrectare</strong></span> <span class='ocrx_word' id='word_1_195' title='bbox 474 2856 668 2904; x_wconf 84' lang='lat' dir='ltr'><strong>verebar,·</strong></span> <span class='ocrx_word' id='word_1_196' title='bbox 689 2868 748 2894; x_wconf 90' lang='lat' dir='ltr'><strong>un</strong></span> <span class='ocrx_word' id='word_1_197' title='bbox 754 2867 803 2895; x_wconf 87' lang='lat' dir='ltr'><strong>us</strong></span> <span class='ocrx_word' id='word_1_198' title='bbox 820 2853 1090 2904; x_wconf 78' lang='lat' dir='ltr'><strong>dedecorare,-</strong></span> 
     </span>
     <span class='ocr_line' id='line_1_34' title="bbox 239 2916 663 2962; baseline -0.002 -2"><span class='ocrx_word' id='word_1_199' title='bbox 239 2916 344 2961; x_wconf 82' lang='lat' dir='ltr'><strong>alius</strong></span> <span class='ocrx_word' id='word_1_200' title='bbox 361 2920 582 2962; x_wconf 81' lang='lat' dir='ltr'><strong>decertare.</strong></span> <span class='ocrx_word' id='word_1_201' title='bbox 602 2917 663 2961; x_wconf 89' lang='lat' dir='ltr'><strong>H.</strong></span> 
     </span>
    </p>

    <p class='ocr_par' dir='ltr' id='par_1_19' title="bbox 238 2982 1091 3103">
     <span class='ocr_line' id='line_1_35' title="bbox 291 2982 1091 3038; baseline 0 -13"><span class='ocrx_word' id='word_1_202' title='bbox 291 2983 388 3038; x_wconf 81' lang='lat'><strong>340.</strong></span> <span class='ocrx_word' id='word_1_203' title='bbox 417 2984 478 3026; x_wconf 88' lang='lat' dir='ltr'><strong>Et</strong></span> <span class='ocrx_word' id='word_1_204' title='bbox 495 2982 619 3037; x_wconf 84' lang='lat' dir='ltr'><strong>salso</strong></span> <span class='ocrx_word' id='word_1_205' title='bbox 649 2985 762 3025; x_wconf 74' lang='lat' dir='ltr'><strong>movi</strong></span> <span class='ocrx_word' id='word_1_206' title='bbox 779 2991 929 3038; x_wconf 81' lang='lat' dir='ltr'><strong>pectus</strong></span> <span class='ocrx_word' id='word_1_207' title='bbox 951 2997 1091 3025; x_wconf 85' lang='lat' dir='ltr'><strong>amore</strong></span> 
     </span>
     <span class='ocr_line' id='line_1_36' title="bbox 238 3047 832 3103; baseline 0.002 -14"><span class='ocrx_word' id='word_1_208' title='bbox 238 3063 382 3091; x_wconf 79' lang='lat' dir='ltr'><strong>meum.</strong></span> <span class='ocrx_word' id='word_1_209' title='bbox 403 3048 520 3091; x_wconf 82' lang='lat' dir='ltr'><strong>Puto</strong></span> <span class='ocrx_word' id='word_1_210' title='bbox 531 3047 641 3103; x_wconf 68' lang='lat' dir='ltr'><strong>fovi.</strong></span> <span class='ocrx_word' id='word_1_211' title='bbox 665 3048 832 3090; x_wconf 68' lang='lat' dir='ltr'><strong>Hmns.</strong></span> 
     </span>
    </p>

    <p class='ocr_par' dir='ltr' id='par_1_20' title="bbox 236 3110 1097 3289">
     <span class='ocr_line' id='line_1_37' title="bbox 292 3110 1097 3169; baseline -0.004 -12"><span class='ocrx_word' id='word_1_212' title='bbox 292 3113 388 3169; x_wconf 81' lang='grc'><strong>343.</strong></span> <span class='ocrx_word' id='word_1_213' title='bbox 418 3116 514 3156; x_wconf 81' lang='lat' dir='ltr'><strong>Heu</strong></span> <span class='ocrx_word' id='word_1_214' title='bbox 539 3116 667 3168; x_wconf 78' lang='lat' dir='ltr'><strong>mihi,</strong></span> <span class='ocrx_word' id='word_1_215' title='bbox 700 3130 775 3156; x_wconf 84' lang='lat' dir='ltr'><strong>cur</strong></span> <span class='ocrx_word' id='word_1_216' title='bbox 802 3110 964 3156; x_wconf 80' lang='lat' dir='ltr'><strong>didici!</strong></span> <span class='ocrx_word' id='word_1_217' title='bbox 992 3113 1097 3168; x_wconf 81' lang='lat' dir='ltr'><strong>quid</strong></span> 
     </span>
     <span class='ocr_line' id='line_1_38' title="bbox 236 3179 1091 3234; baseline 0 -13"><span class='ocrx_word' id='word_1_218' title='bbox 236 3195 311 3221; x_wconf 85' lang='lat' dir='ltr'><strong>me.</strong></span> <span class='ocrx_word' id='word_1_219' title='bbox 349 3180 475 3233; x_wconf 81' lang='lat' dir='ltr'><strong>Quod</strong></span> <span class='ocrx_word' id='word_1_220' title='bbox 497 3181 631 3222; x_wconf 82' lang='lat' dir='ltr'><strong>didici</strong></span> <span class='ocrx_word' id='word_1_221' title='bbox 641 3179 652 3222; x_wconf 74' lang='lat' dir='ltr'><strong>l</strong></span> <span class='ocrx_word' id='word_1_222' title='bbox 685 3181 800 3234; x_wconf 81' lang='lat' dir='ltr'><strong>quod</strong></span> <span class='ocrx_word' id='word_1_223' title='bbox 826 3193 891 3220; x_wconf 81' lang='lat' dir='ltr'><strong>me</strong></span> <span class='ocrx_word' id='word_1_224' title='bbox 918 3180 1091 3221; x_wconf 81' lang='lat' dir='ltr'><strong>docuere</strong></span> 
     </span>
     <span class='ocr_line' id='line_1_39' title="bbox 237 3244 534 3289; baseline -0.01 0"><span class='ocrx_word' id='word_1_225' title='bbox 237 3244 452 3289; x_wconf 89' lang='lat' dir='ltr'><strong>meliores.</strong></span> <span class='ocrx_word' id='word_1_226' title='bbox 475 3245 534 3288; x_wconf 91' lang='lat' dir='ltr'><strong>H.</strong></span> 
     </span>
    </p>

    <p class='ocr_par' dir='ltr' id='par_1_21' title="bbox 236 3309 1088 3418">
     <span class='ocr_line' id='line_1_40' title="bbox 290 3309 1088 3355; baseline -0.001 -1"><span class='ocrx_word' id='word_1_227' title='bbox 290 3311 384 3355; x_wconf 85' lang='lat'>350.</span> <span class='ocrx_word' id='word_1_228' title='bbox 412 3311 632 3353; x_wconf 69' lang='lat' dir='ltr'><strong>Strinxerit</strong></span> <span class='ocrx_word' id='word_1_229' title='bbox 649 3325 779 3352; x_wconf 84' lang='lat' dir='ltr'><strong>meum</strong></span> <span class='ocrx_word' id='word_1_230' title='bbox 799 3324 959 3353; x_wconf 80' lang='lat' dir='ltr'><strong>nomen.</strong></span> <span class='ocrx_word' id='word_1_231' title='bbox 982 3309 1088 3353; x_wconf 79' lang='lat' dir='ltr'><strong>Lae-</strong></span> 
     </span>
     <span class='ocr_line' id='line_1_41' title="bbox 236 3374 701 3418; baseline 0 0"><span class='ocrx_word' id='word_1_232' title='bbox 236 3375 339 3418; x_wconf 86' lang='lat' dir='ltr'><strong>serit</strong></span> <span class='ocrx_word' id='word_1_233' title='bbox 360 3391 504 3417; x_wconf 91' lang='lat' dir='ltr'><strong>meam</strong></span> <span class='ocrx_word' id='word_1_234' title='bbox 523 3374 701 3418; x_wconf 82' lang='lat' dir='ltr'><strong>famam.</strong></span> 
     </span>
    </p>

    <p class='ocr_par' dir='ltr' id='par_1_22' title="bbox 291 3438 1088 3494">
     <span class='ocr_line' id='line_1_42' title="bbox 291 3438 1088 3494; baseline 0.003 -12"><span class='ocrx_word' id='word_1_235' title='bbox 291 3442 384 3494; x_wconf 78' lang='lat'><strong>354.</strong></span> <span class='ocrx_word' id='word_1_236' title='bbox 410 3441 539 3483; x_wconf 83' lang='lat' dir='ltr'><strong>Musa</strong></span> <span class='ocrx_word' id='word_1_237' title='bbox 558 3442 714 3494; x_wconf 82' lang='lat' dir='ltr'><strong>jocosa</strong></span> <span class='ocrx_word' id='word_1_238' title='bbox 743 3456 846 3483; x_wconf 82' lang='lat' dir='ltr'><strong>mea.</strong></span> <span class='ocrx_word' id='word_1_239' title='bbox 882 3438 968 3483; x_wconf 85' lang='lat' dir='ltr'><strong>Alii</strong></span> <span class='ocrx_word' id='word_1_240' title='bbox 995 3456 1088 3484; x_wconf 81' lang='lat' dir='ltr'><strong>mea</strong></span> 
     </span>
    </p>
   </div>
   <div class='ocr_carea' id='block_1_14' title="bbox 1170 2389 2035 3499">
    <p class='ocr_par' dir='ltr' id='par_1_23' title="bbox 1174 2389 2035 2564">
     <span class='ocr_line' id='line_1_43' title="bbox 1174 2389 2033 2445; baseline -0.005 -10"><span class='ocrx_word' id='word_1_241' title='bbox 1174 2401 1269 2444; x_wconf 87' lang='lat' dir='ltr'><strong>est,·</strong></span> <span class='ocrx_word' id='word_1_242' title='bbox 1304 2393 1414 2435; x_wconf 76' lang='lat' dir='ltr'><strong>mihi</strong></span> <span class='ocrx_word' id='word_1_243' title='bbox 1439 2390 1599 2433; x_wconf 80' lang='lat' dir='ltr'><strong>rectius</strong></span> <span class='ocrx_word' id='word_1_244' title='bbox 1630 2396 1787 2442; x_wconf 74' lang='lat' dir='ltr'><strong>vetus5</strong></span> <span class='ocrx_word' id='word_1_245' title='bbox 1819 2389 2033 2445; x_wconf 78' lang='lat' dir='ltr'><strong>superiori</strong></span> 
     </span>
     <span class='ocr_line' id='line_1_44' title="bbox 1175 2453 2035 2510; baseline -0.005 -11"><span class='ocrx_word' id='word_1_246' title='bbox 1175 2457 1310 2499; x_wconf 88' lang='lat' dir='ltr'><strong>etiam</strong></span> <span class='ocrx_word' id='word_1_247' title='bbox 1329 2471 1458 2498; x_wconf 87' lang='lat' dir='ltr'><strong>versu</strong></span> <span class='ocrx_word' id='word_1_248' title='bbox 1476 2454 1646 2510; x_wconf 82' lang='lat' dir='ltr'><strong>legatur</strong></span> <span class='ocrx_word' id='word_1_249' title='bbox 1665 2453 1922 2496; x_wconf 87' lang='lat' dir='ltr'><strong>concinnius</strong></span> <span class='ocrx_word' id='word_1_250' title='bbox 1938 2487 1949 2506; x_wconf 90' lang='lat'>,</span> <span class='ocrx_word' id='word_1_251' title='bbox 1965 2457 2035 2496; x_wconf 83' lang='lat' dir='ltr'><strong>di-</strong></span> 
     </span>
     <span class='ocr_line' id='line_1_45' title="bbox 1174 2518 1922 2564; baseline -0.005 0"><span class='ocrx_word' id='word_1_252' title='bbox 1174 2530 1296 2564; x_wconf 80' lang='lat' dir='ltr'><strong>staret</strong></span> <span class='ocrx_word' id='word_1_253' title='bbox 1308 2531 1442 2564; x_wconf 84' lang='lat' dir='ltr'><strong>mores</strong></span> <span class='ocrx_word' id='word_1_254' title='bbox 1455 2536 1484 2561; x_wconf 86' lang='lat' dir='ltr'><em>a</em></span> <span class='ocrx_word' id='word_1_255' title='bbox 1497 2522 1682 2562; x_wconf 81' lang='lat' dir='ltr'><strong>carmine</strong></span> <span class='ocrx_word' id='word_1_256' title='bbox 1694 2523 1839 2561; x_wconf 80' lang='lat' dir='ltr'><strong>nostri.</strong></span> <span class='ocrx_word' id='word_1_257' title='bbox 1862 2518 1906 2561; x_wconf 83' lang='lat' dir='ltr'>H</span> <span class='ocrx_word' id='word_1_258' title='bbox 1914 2553 1922 2560; x_wconf 93' lang='lat'><strong>.</strong></span> 
     </span>
    </p>

    <p class='ocr_par' dir='ltr' id='par_1_24' title="bbox 1171 2586 2034 2892">
     <span class='ocr_line' id='line_1_46' title="bbox 1230 2586 2034 2642; baseline -0.005 -13"><span class='ocrx_word' id='word_1_259' title='bbox 1230 2586 1325 2629; x_wconf 88' lang='lat'>355.</span> <span class='ocrx_word' id='word_1_260' title='bbox 1346 2586 1587 2642; x_wconf 70' lang='lat' dir='ltr'><strong>Magnaque</strong></span> <span class='ocrx_word' id='word_1_261' title='bbox 1598 2599 1706 2640; x_wconf 75' lang='lat' dir='ltr'><strong>pars</strong></span> <span class='ocrx_word' id='word_1_262' title='bbox 1725 2587 1907 2626; x_wconf 69' lang='lat' dir='ltr'><strong>mendax</strong></span> <span class='ocrx_word' id='word_1_263' title='bbox 1925 2599 2034 2639; x_wconf 77' lang='lat' dir='ltr'><strong>ope-</strong></span> 
     </span>
     <span class='ocr_line' id='line_1_47' title="bbox 1173 2651 2031 2709; baseline -0.001 -14"><span class='ocrx_word' id='word_1_264' title='bbox 1173 2670 1262 2696; x_wconf 85' lang='lat' dir='ltr'><strong>rum</strong></span> <span class='ocrx_word' id='word_1_265' title='bbox 1273 2661 1341 2696; x_wconf 86' lang='lat' dir='ltr'><strong>est</strong></span> <span class='ocrx_word' id='word_1_266' title='bbox 1353 2655 1507 2709; x_wconf 84' lang='lat' dir='ltr'><strong>etficta</strong></span> <span class='ocrx_word' id='word_1_267' title='bbox 1522 2667 1700 2695; x_wconf 80' lang='lat' dir='ltr'><strong>meorum</strong></span> <span class='ocrx_word' id='word_1_268' title='bbox 1715 2667 1726 2694; x_wconf 87' lang='lat'>:</span> <span class='ocrx_word' id='word_1_269' title='bbox 1741 2670 1762 2688; x_wconf 87' lang='lat'>«</span> <span class='ocrx_word' id='word_1_270' title='bbox 1778 2651 2031 2708; x_wconf 85' lang='lat' dir='ltr'><strong>Magnaque</strong></span> 
     </span>
     <span class='ocr_line' id='line_1_48' title="bbox 1174 2715 2034 2775; baseline -0.003 -14"><span class='ocrx_word' id='word_1_271' title='bbox 1174 2734 1271 2775; x_wconf 86' lang='lat' dir='ltr'><strong>pars</strong></span> <span class='ocrx_word' id='word_1_272' title='bbox 1294 2732 1480 2774; x_wconf 90' lang='lat' dir='ltr'><strong>operum</strong></span> <span class='ocrx_word' id='word_1_273' title='bbox 1502 2716 1693 2759; x_wconf 87' lang='lat' dir='ltr'><strong>mendax</strong></span> <span class='ocrx_word' id='word_1_274' title='bbox 1721 2725 1765 2760; x_wconf 88' lang='lat' dir='ltr'><strong>et</strong></span> <span class='ocrx_word' id='word_1_275' title='bbox 1789 2715 1889 2759; x_wconf 82' lang='lat' dir='ltr'><strong>ficta</strong></span> <span class='ocrx_word' id='word_1_276' title='bbox 1911 2732 2034 2759; x_wconf 88' lang='lat' dir='ltr'><strong>meo-</strong></span> 
     </span>
     <span class='ocr_line' id='line_1_49' title="bbox 1172 2780 2030 2839; baseline -0.002 -13"><span class='ocrx_word' id='word_1_277' title='bbox 1172 2799 1271 2826; x_wconf 89' lang='lat' dir='ltr'><strong>rum</strong></span> <span class='ocrx_word' id='word_1_278' title='bbox 1299 2781 1404 2826; x_wconf 90' lang='lat' dir='ltr'><strong>Plus</strong></span> <span class='ocrx_word' id='word_1_279' title='bbox 1416 2781 1497 2826; x_wconf 83' lang='lat' dir='ltr'><strong>sibi</strong></span> <span class='ocrx_word' id='word_1_280' title='bbox 1518 2780 1739 2839; x_wconf 84' lang='lat' dir='ltr'><strong>permisit,</strong></span> <span class='ocrx_word' id='word_1_281' title='bbox 1764 2800 1787 2819; x_wconf 74' lang='grc' dir='ltr'><strong>υ</strong></span> <span class='ocrx_word' id='word_1_282' title='bbox 1808 2798 1909 2826; x_wconf 88' lang='lat' dir='ltr'><strong>cum</strong></span> <span class='ocrx_word' id='word_1_283' title='bbox 1933 2797 2030 2824; x_wconf 88' lang='lat' dir='ltr'><strong>me-</strong></span> 
     </span>
     <span class='ocr_line' id='line_1_50' title="bbox 1171 2848 1447 2892; baseline -0.011 0"><span class='ocrx_word' id='word_1_284' title='bbox 1171 2849 1362 2892; x_wconf 87' lang='lat' dir='ltr'><strong>lioribus.</strong></span> <span class='ocrx_word' id='word_1_285' title='bbox 1386 2848 1447 2890; x_wconf 88' lang='lat' dir='ltr'><strong>H.</strong></span> 
     </span>
    </p>

    <p class='ocr_par' dir='ltr' id='par_1_25' title="bbox 1173 2912 2026 3036">
     <span class='ocr_line' id='line_1_51' title="bbox 1226 2912 2026 2969; baseline -0.003 -12"><span class='ocrx_word' id='word_1_286' title='bbox 1226 2915 1321 2960; x_wconf 81' lang='lat'>356.</span> <span class='ocrx_word' id='word_1_287' title='bbox 1345 2916 1626 2969; x_wconf 75' lang='lat' dir='ltr'><strong>Compositooe</strong></span> <span class='ocrx_word' id='word_1_288' title='bbox 1642 2929 1734 2957; x_wconf 73' lang='lat' dir='ltr'><strong>sno.</strong></span> <span class='ocrx_word' id='word_1_289' title='bbox 1750 2913 1829 2957; x_wconf 89' lang='lat' dir='ltr'><strong>Me</strong></span> <span class='ocrx_word' id='word_1_290' title='bbox 1845 2912 2026 2965; x_wconf 83' lang='lat' dir='ltr'><strong>ovidio,</strong></span> 
     </span>
     <span class='ocr_line' id='line_1_52' title="bbox 1173 2978 1585 3036; baseline -0.005 -14"><span class='ocrx_word' id='word_1_291' title='bbox 1173 2979 1248 3036; x_wconf 89' lang='lat' dir='ltr'><strong>qui</strong></span> <span class='ocrx_word' id='word_1_292' title='bbox 1271 2995 1323 3022; x_wconf 85' lang='lat' dir='ltr'><strong>ea</strong></span> <span class='ocrx_word' id='word_1_293' title='bbox 1345 2978 1585 3035; x_wconf 87' lang='lat' dir='ltr'><strong>composui.</strong></span> 
     </span>
    </p>

    <p class='ocr_par' dir='ltr' id='par_1_26' title="bbox 1170 3043 2031 3430">
     <span class='ocr_line' id='line_1_53' title="bbox 1226 3043 2030 3100; baseline -0.002 -12"><span class='ocrx_word' id='word_1_294' title='bbox 1226 3047 1320 3089; x_wconf 84' lang='lat'><strong>358.</strong></span> <span class='ocrx_word' id='word_1_295' title='bbox 1342 3046 1530 3088; x_wconf 83' lang='lat' dir='ltr'><strong>Auribus</strong></span> <span class='ocrx_word' id='word_1_296' title='bbox 1554 3051 1658 3100; x_wconf 84' lang='lat' dir='ltr'><strong>apta</strong></span> <span class='ocrx_word' id='word_1_297' title='bbox 1689 3043 1825 3099; x_wconf 75' lang='lat' dir='ltr'><strong>neser!-</strong></span> <span class='ocrx_word' id='word_1_298' title='bbox 1853 3043 2030 3086; x_wconf 88' lang='lat' dir='ltr'><strong>Primus</strong></span> 
     </span>
     <span class='ocr_line' id='line_1_54' title="bbox 1171 3109 2031 3165; baseline -0.005 -11"><span class='ocrx_word' id='word_1_299' title='bbox 1171 3111 1301 3155; x_wconf 85' lang='lat' dir='ltr'><strong>Polit.</strong></span> <span class='ocrx_word' id='word_1_300' title='bbox 1323 3119 1367 3154; x_wconf 83' lang='lat' dir='ltr'><strong>et</strong></span> <span class='ocrx_word' id='word_1_301' title='bbox 1389 3119 1476 3154; x_wconf 83' lang='lat' dir='ltr'><strong>tres</strong></span> <span class='ocrx_word' id='word_1_302' title='bbox 1497 3111 1566 3153; x_wconf 83' lang='lat' dir='ltr'><strong>alii</strong></span> <span class='ocrx_word' id='word_1_303' title='bbox 1577 3110 1722 3165; x_wconf 84' lang='lat' dir='ltr'><strong>feret‚·</strong></span> <span class='ocrx_word' id='word_1_304' title='bbox 1743 3109 1871 3164; x_wconf 86' lang='lat' dir='ltr'><strong>prim.</strong></span> <span class='ocrx_word' id='word_1_305' title='bbox 1887 3109 2031 3152; x_wconf 83' lang='lat' dir='ltr'><strong>Vatic.</strong></span> 
     </span>
     <span class='ocr_line' id='line_1_55' title="bbox 1171 3173 2030 3231; baseline -0.006 -12"><span class='ocrx_word' id='word_1_306' title='bbox 1171 3186 1214 3219; x_wconf 84' lang='lat' dir='ltr'><strong>et</strong></span> <span class='ocrx_word' id='word_1_307' title='bbox 1237 3175 1326 3218; x_wconf 89' lang='lat' dir='ltr'><strong>duo</strong></span> <span class='ocrx_word' id='word_1_308' title='bbox 1349 3173 1718 3231; x_wconf 77' lang='lat' dir='ltr'><strong>praetereaseres3</strong></span> <span class='ocrx_word' id='word_1_309' title='bbox 1750 3181 1938 3229; x_wconf 85' lang='lat' dir='ltr'><strong>quatuor</strong></span> <span class='ocrx_word' id='word_1_310' title='bbox 1943 3173 2030 3228; x_wconf 84' lang='lat' dir='ltr'><strong>fe-</strong></span> 
     </span>
     <span class='ocr_line' id='line_1_56' title="bbox 1171 3238 2028 3297; baseline -0.007 -12"><span class='ocrx_word' id='word_1_311' title='bbox 1171 3257 1264 3285; x_wconf 74' lang='lat' dir='ltr'><strong>rens</strong></span> <span class='ocrx_word' id='word_1_312' title='bbox 1280 3275 1290 3289; x_wconf 86' lang='lat'><strong>‚</strong></span> <span class='ocrx_word' id='word_1_313' title='bbox 1316 3239 1435 3297; x_wconf 92' lang='lat' dir='ltr'><strong>quod</strong></span> <span class='ocrx_word' id='word_1_314' title='bbox 1450 3255 1612 3295; x_wconf 88' lang='lat' dir='ltr'><strong>sequor</strong></span> <span class='ocrx_word' id='word_1_315' title='bbox 1629 3254 1641 3282; x_wconf 74' lang='lat' dir='ltr'>z</span> <span class='ocrx_word' id='word_1_316' title='bbox 1662 3238 1877 3296; x_wconf 85' lang='lat' dir='ltr'><strong>superiori</strong></span> <span class='ocrx_word' id='word_1_317' title='bbox 1897 3238 2028 3280; x_wconf 85' lang='lat' dir='ltr'><strong>etiam</strong></span> 
     </span>
     <span class='ocr_line' id='line_1_57' title="bbox 1170 3303 2030 3363; baseline -0.007 -13"><span class='ocrx_word' id='word_1_318' title='bbox 1170 3323 1297 3350; x_wconf 80' lang='lat' dir='ltr'><strong>versu</strong></span> <span class='ocrx_word' id='word_1_319' title='bbox 1313 3339 1324 3360; x_wconf 93' lang='lat'>,</span> <span class='ocrx_word' id='word_1_320' title='bbox 1348 3321 1428 3363; x_wconf 93' lang='lat' dir='ltr'><strong>pro</strong></span> <span class='ocrx_word' id='word_1_321' title='bbox 1442 3309 1638 3348; x_wconf 77' lang='lat' dir='ltr'><strong>voluntas</strong></span> <span class='ocrx_word' id='word_1_322' title='bbox 1649 3303 1822 3360; x_wconf 89' lang='lat' dir='ltr'><strong>reposui</strong></span> <span class='ocrx_word' id='word_1_323' title='bbox 1835 3306 2030 3358; x_wconf 80' lang='lat' dir='ltr'><strong>voluptas</strong></span> 
     </span>
     <span class='ocr_line' id='line_1_58' title="bbox 1171 3369 2026 3430; baseline -0.012 -12"><span class='ocrx_word' id='word_1_324' title='bbox 1171 3389 1273 3418; x_wconf 90' lang='lat' dir='ltr'><strong>cum</strong></span> <span class='ocrx_word' id='word_1_325' title='bbox 1291 3373 1417 3430; x_wconf 87' lang='lat' dir='ltr'><strong>prim.</strong></span> <span class='ocrx_word' id='word_1_326' title='bbox 1436 3371 1578 3415; x_wconf 85' lang='lat' dir='ltr'><strong>Vatic.</strong></span> <span class='ocrx_word' id='word_1_327' title='bbox 1598 3379 1642 3413; x_wconf 84' lang='lat' dir='ltr'><strong>et</strong></span> <span class='ocrx_word' id='word_1_328' title='bbox 1660 3369 1830 3413; x_wconf 89' lang='lat' dir='ltr'><strong>duobus</strong></span> <span class='ocrx_word' id='word_1_329' title='bbox 1851 3370 1952 3412; x_wconf 82' lang='lat' dir='ltr'><strong>aliis.</strong></span> <span class='ocrx_word' id='word_1_330' title='bbox 1968 3369 2026 3410; x_wconf 89' lang='lat' dir='ltr'><strong>H.</strong></span> 
     </span>
    </p>

    <p class='ocr_par' dir='ltr' id='par_1_27' title="bbox 1226 3434 2019 3499">
     <span class='ocr_line' id='line_1_59' title="bbox 1226 3434 2019 3499; baseline -0.009 -17"><span class='ocrx_word' id='word_1_331' title='bbox 1226 3440 1320 3499; x_wconf 81' lang='lat'><strong>359.</strong></span> <span class='ocrx_word' id='word_1_332' title='bbox 1341 3440 1472 3482; x_wconf 82' lang='lat' dir='ltr'><strong>Esset</strong></span> <span class='ocrx_word' id='word_1_333' title='bbox 1495 3445 1634 3482; x_wconf 68' lang='lat' dir='ltr'><strong>atrox.</strong></span> <span class='ocrx_word' id='word_1_334' title='bbox 1660 3436 1786 3480; x_wconf 80' lang='lat' dir='ltr'><strong>Esset</strong></span> <span class='ocrx_word' id='word_1_335' title='bbox 1809 3434 1994 3480; x_wconf 79' lang='lat' dir='ltr'><strong>crudelis</strong></span> <span class='ocrx_word' id='word_1_336' title='bbox 2008 3465 2019 3485; x_wconf 90' lang='lat'><strong>‚</strong></span> 
     </span>
    </p>
   </div>
  </div>
 </body>
</html>
