<?xml version="1.0" encoding="UTF-8"?>
<!DOCTYPE html PUBLIC "-//W3C//DTD XHTML 1.0 Transitional//EN"
    "http://www.w3.org/TR/xhtml1/DTD/xhtml1-transitional.dtd">
<html xmlns="http://www.w3.org/1999/xhtml" xml:lang="en" lang="en">
 <head>
  <title>
</title>
<meta http-equiv="Content-Type" content="text/html;charset=utf-8" />
  <meta name='ocr-system' content='tesseract 3.04.00' />
  <meta name='ocr-capabilities' content='ocr_page ocr_carea ocr_par ocr_line ocrx_word'/>
</head>
<body>
  <div class='ocr_page' id='page_1' title='image "./quaeextantomniao07oviduoft_0353.png"; bbox 0 0 2280 3776; ppageno 0'>
   <div class='ocr_carea' id='block_1_1' title="bbox 446 310 1654 372">
    <p class='ocr_par' dir='ltr' id='par_1_1' title="bbox 446 310 1654 372">
     <span class='ocr_line' id='line_1_1' title="bbox 446 310 1654 372; baseline -0.003 0"><span class='ocrx_word' id='word_1_1' title='bbox 446 317 556 372; x_wconf 90' lang='lat' dir='ltr'>EX</span> <span class='ocrx_word' id='word_1_2' title='bbox 595 311 890 370; x_wconf 89' lang='lat' dir='ltr'>PONTO</span> <span class='ocrx_word' id='word_1_3' title='bbox 930 312 1091 367; x_wconf 92' lang='lat' dir='ltr'>LIB.</span> <span class='ocrx_word' id='word_1_4' title='bbox 1135 311 1219 366; x_wconf 89' lang='lat'>11.</span> <span class='ocrx_word' id='word_1_5' title='bbox 1262 310 1536 367; x_wconf 90' lang='lat' dir='ltr'>EPIST.</span> <span class='ocrx_word' id='word_1_6' title='bbox 1580 314 1654 368; x_wconf 88' lang='lat' dir='ltr'>V.</span> 
     </span>
    </p>
   </div>
   <div class='ocr_carea' id='block_1_2' title="bbox 1822 318 1931 391">
    <p class='ocr_par' dir='ltr' id='par_1_2' title="bbox 1822 318 1931 391">
     <span class='ocr_line' id='line_1_2' title="bbox 1822 318 1931 391; baseline 0 -20"><span class='ocrx_word' id='word_1_7' title='bbox 1822 318 1931 391; x_wconf 82' lang='lat'>339</span> 
     </span>
    </p>
   </div>
   <div class='ocr_carea' id='block_1_3' title="bbox 172 427 1634 591">
    <p class='ocr_par' dir='ltr' id='par_1_3' title="bbox 172 427 1634 591">
     <span class='ocr_line' id='line_1_3' title="bbox 172 427 1634 512; baseline -0.005 -16"><span class='ocrx_word' id='word_1_8' title='bbox 172 434 301 496; x_wconf 85' lang='lat' dir='ltr'>Non</span> <span class='ocrx_word' id='word_1_9' title='bbox 330 457 431 512; x_wconf 84' lang='lat' dir='ltr'>ego</span> <span class='ocrx_word' id='word_1_10' title='bbox 459 429 763 493; x_wconf 90' lang='lat' dir='ltr'>laudandus</span> <span class='ocrx_word' id='word_1_11' title='bbox 780 475 794 501; x_wconf 93' lang='lat'>,</span> <span class='ocrx_word' id='word_1_12' title='bbox 827 427 922 488; x_wconf 85' lang='lat' dir='ltr'>sed</span> <span class='ocrx_word' id='word_1_13' title='bbox 950 442 1080 488; x_wconf 87' lang='lat' dir='ltr'>sunt</span> <span class='ocrx_word' id='word_1_14' title='bbox 1104 440 1197 487; x_wconf 87' lang='lat' dir='ltr'>tua</span> <span class='ocrx_word' id='word_1_15' title='bbox 1219 443 1439 510; x_wconf 84' lang='lat' dir='ltr'>pectora</span> <span class='ocrx_word' id='word_1_16' title='bbox 1466 427 1634 500; x_wconf 87' lang='lat' dir='ltr'>lacte,</span> 
     </span>
     <span class='ocr_line' id='line_1_4' title="bbox 254 522 1233 591; baseline -0.009 0"><span class='ocrx_word' id='word_1_17' title='bbox 254 533 327 591; x_wconf 90' lang='lat' dir='ltr'>Et</span> <span class='ocrx_word' id='word_1_18' title='bbox 354 553 466 590; x_wconf 90' lang='lat' dir='ltr'>non</span> <span class='ocrx_word' id='word_1_19' title='bbox 498 526 695 589; x_wconf 84' lang='lat' dir='ltr'>calcata</span> <span class='ocrx_word' id='word_1_20' title='bbox 724 522 1040 585; x_wconf 80' lang='lat' dir='ltr'>candidiora</span> <span class='ocrx_word' id='word_1_21' title='bbox 1070 522 1193 583; x_wconf 87' lang='lat' dir='ltr'>nive</span> <span class='ocrx_word' id='word_1_22' title='bbox 1222 547 1233 582; x_wconf 91' lang='lat'>:</span> 
     </span>
    </p>
   </div>
   <div class='ocr_carea' id='block_1_4' title="bbox 178 618 1962 1676">
    <p class='ocr_par' dir='ltr' id='par_1_4' title="bbox 178 618 1962 1676">
     <span class='ocr_line' id='line_1_5' title="bbox 178 618 1477 709; baseline -0.006 -21"><span class='ocrx_word' id='word_1_23' title='bbox 178 626 509 709; x_wconf 89' lang='lat' dir='ltr'>Mirarisque</span> <span class='ocrx_word' id='word_1_24' title='bbox 538 622 702 693; x_wconf 77' lang='lat' dir='ltr'>alioS,</span> <span class='ocrx_word' id='word_1_25' title='bbox 735 643 906 703; x_wconf 91' lang='lat' dir='ltr'>quum</span> <span class='ocrx_word' id='word_1_26' title='bbox 935 618 1010 679; x_wconf 89' lang='lat' dir='ltr'>sis</span> <span class='ocrx_word' id='word_1_27' title='bbox 1038 618 1304 680; x_wconf 89' lang='lat' dir='ltr'>mirabilis</span> <span class='ocrx_word' id='word_1_28' title='bbox 1335 620 1477 703; x_wconf 89' lang='lat' dir='ltr'>ipse,</span> 
     </span>
     <span class='ocr_line' id='line_1_6' title="bbox 259 715 1952 800; baseline -0.003 -17"><span class='ocrx_word' id='word_1_29' title='bbox 259 723 374 783; x_wconf 88' lang='lat' dir='ltr'>Nec</span> <span class='ocrx_word' id='word_1_30' title='bbox 405 720 607 781; x_wconf 88' lang='lat' dir='ltr'>lateant</span> <span class='ocrx_word' id='word_1_31' title='bbox 636 733 777 778; x_wconf 88' lang='lat' dir='ltr'>artes</span> <span class='ocrx_word' id='word_1_32' title='bbox 797 763 812 788; x_wconf 94' lang='lat'>,</span> <span class='ocrx_word' id='word_1_33' title='bbox 845 715 1238 800; x_wconf 83' lang='lat' dir='ltr'>eloquiumque</span> <span class='ocrx_word' id='word_1_34' title='bbox 1268 731 1439 777; x_wconf 92' lang='lat' dir='ltr'>tuum.</span> <span class='ocrx_word' id='word_1_35' title='bbox 1897 738 1952 791; x_wconf 74' lang='lat'>40</span> 
     </span>
     <span class='ocr_line' id='line_1_7' title="bbox 181 814 1685 902; baseline -0.005 -20"><span class='ocrx_word' id='word_1_36' title='bbox 181 823 262 882; x_wconf 91' lang='lat' dir='ltr'>Te</span> <span class='ocrx_word' id='word_1_37' title='bbox 289 821 546 902; x_wconf 82' lang='lat' dir='ltr'>juvenum</span> <span class='ocrx_word' id='word_1_38' title='bbox 574 815 829 901; x_wconf 88' lang='lat' dir='ltr'>princeps</span> <span class='ocrx_word' id='word_1_39' title='bbox 848 860 863 887; x_wconf 94' lang='lat'>,</span> <span class='ocrx_word' id='word_1_40' title='bbox 896 814 984 875; x_wconf 90' lang='lat' dir='ltr'>cui</span> <span class='ocrx_word' id='word_1_41' title='bbox 1013 814 1108 875; x_wconf 85' lang='lat' dir='ltr'>dat</span> <span class='ocrx_word' id='word_1_42' title='bbox 1141 814 1429 875; x_wconf 85' lang='lat' dir='ltr'>Germania</span> <span class='ocrx_word' id='word_1_43' title='bbox 1455 838 1685 888; x_wconf 88' lang='lat' dir='ltr'>nomen,</span> 
     </span>
     <span class='ocr_line' id='line_1_8' title="bbox 262 911 1430 999; baseline -0.005 -21"><span class='ocrx_word' id='word_1_44' title='bbox 262 916 590 999; x_wconf 88' lang='lat' dir='ltr'>Participem</span> <span class='ocrx_word' id='word_1_45' title='bbox 621 912 788 974; x_wconf 85' lang='lat' dir='ltr'>studii</span> <span class='ocrx_word' id='word_1_46' title='bbox 817 913 998 973; x_wconf 88' lang='lat' dir='ltr'>Caesar</span> <span class='ocrx_word' id='word_1_47' title='bbox 1024 911 1226 972; x_wconf 86' lang='lat' dir='ltr'>habere</span> <span class='ocrx_word' id='word_1_48' title='bbox 1257 911 1430 972; x_wconf 88' lang='lat' dir='ltr'>solet:</span> 
     </span>
     <span class='ocr_line' id='line_1_9' title="bbox 185 1007 1681 1093; baseline -0.004 -19"><span class='ocrx_word' id='word_1_49' title='bbox 185 1015 272 1074; x_wconf 88' lang='lat' dir='ltr'>Tu</span> <span class='ocrx_word' id='word_1_50' title='bbox 301 1036 482 1073; x_wconf 89' lang='lat' dir='ltr'>comes</span> <span class='ocrx_word' id='word_1_51' title='bbox 511 1010 768 1093; x_wconf 88' lang='lat' dir='ltr'>antiquus</span> <span class='ocrx_word' id='word_1_52' title='bbox 787 1055 801 1082; x_wconf 94' lang='lat'>,</span> <span class='ocrx_word' id='word_1_53' title='bbox 832 1023 893 1069; x_wconf 88' lang='lat' dir='ltr'>tu</span> <span class='ocrx_word' id='word_1_54' title='bbox 924 1007 1119 1091; x_wconf 89' lang='lat' dir='ltr'>primis</span> <span class='ocrx_word' id='word_1_55' title='bbox 1145 1008 1367 1089; x_wconf 87' lang='lat' dir='ltr'>junctus</span> <span class='ocrx_word' id='word_1_56' title='bbox 1396 1007 1465 1067; x_wconf 90' lang='lat' dir='ltr'>ab</span> <span class='ocrx_word' id='word_1_57' title='bbox 1492 1009 1648 1071; x_wconf 81' lang='lat' dir='ltr'>annis</span> <span class='ocrx_word' id='word_1_58' title='bbox 1666 1055 1681 1081; x_wconf 94' lang='lat'>,</span> 
     </span>
     <span class='ocr_line' id='line_1_10' title="bbox 268 1103 1375 1189; baseline -0.005 -19"><span class='ocrx_word' id='word_1_59' title='bbox 268 1108 497 1189; x_wconf 86' lang='lat' dir='ltr'>Ingenio</span> <span class='ocrx_word' id='word_1_60' title='bbox 526 1130 708 1167; x_wconf 88' lang='lat' dir='ltr'>mores</span> <span class='ocrx_word' id='word_1_61' title='bbox 736 1105 1134 1189; x_wconf 85' lang='lat' dir='ltr'>aequiparante,</span> <span class='ocrx_word' id='word_1_62' title='bbox 1164 1103 1375 1187; x_wconf 89' lang='lat' dir='ltr'>places:</span> 
     </span>
     <span class='ocr_line' id='line_1_11' title="bbox 190 1202 1962 1290; baseline -0.004 -21"><span class='ocrx_word' id='word_1_63' title='bbox 190 1210 270 1269; x_wconf 91' lang='lat' dir='ltr'>Te</span> <span class='ocrx_word' id='word_1_64' title='bbox 297 1208 509 1268; x_wconf 85' lang='lat' dir='ltr'>dicente</span> <span class='ocrx_word' id='word_1_65' title='bbox 537 1205 717 1290; x_wconf 91' lang='lat' dir='ltr'>prius,</span> <span class='ocrx_word' id='word_1_66' title='bbox 751 1204 815 1265; x_wconf 85' lang='lat' dir='ltr'>{it</span> <span class='ocrx_word' id='word_1_67' title='bbox 841 1204 1099 1289; x_wconf 89' lang='lat' dir='ltr'>protinus</span> <span class='ocrx_word' id='word_1_68' title='bbox 1125 1204 1363 1285; x_wconf 87' lang='lat' dir='ltr'>impetus</span> <span class='ocrx_word' id='word_1_69' title='bbox 1389 1202 1506 1274; x_wconf 89' lang='lat' dir='ltr'>illi;</span> <span class='ocrx_word' id='word_1_70' title='bbox 1909 1224 1962 1279; x_wconf 70' lang='lat'>45</span> 
     </span>
     <span class='ocr_line' id='line_1_12' title="bbox 272 1299 1499 1389; baseline -0.005 -23"><span class='ocrx_word' id='word_1_71' title='bbox 272 1307 466 1389; x_wconf 87' lang='lat' dir='ltr'>Teque</span> <span class='ocrx_word' id='word_1_72' title='bbox 493 1304 688 1375; x_wconf 83' lang='lat' dir='ltr'>habet,</span> <span class='ocrx_word' id='word_1_73' title='bbox 720 1301 902 1363; x_wconf 86' lang='lat' dir='ltr'>elicias</span> <span class='ocrx_word' id='word_1_74' title='bbox 930 1302 1024 1385; x_wconf 90' lang='lat' dir='ltr'>qui</span> <span class='ocrx_word' id='word_1_75' title='bbox 1054 1325 1154 1362; x_wconf 90' lang='lat' dir='ltr'>sua</span> <span class='ocrx_word' id='word_1_76' title='bbox 1181 1299 1344 1361; x_wconf 87' lang='lat' dir='ltr'>verba</span> <span class='ocrx_word' id='word_1_77' title='bbox 1373 1301 1499 1361; x_wconf 88' lang='lat' dir='ltr'>tuis.</span> 
     </span>
     <span class='ocr_line' id='line_1_13' title="bbox 197 1400 1575 1487; baseline -0.005 -20"><span class='ocrx_word' id='word_1_78' title='bbox 197 1406 386 1487; x_wconf 82' lang='lat' dir='ltr'>Quum</span> <span class='ocrx_word' id='word_1_79' title='bbox 420 1418 481 1465; x_wconf 85' lang='lat' dir='ltr'>tu</span> <span class='ocrx_word' id='word_1_80' title='bbox 513 1402 735 1475; x_wconf 78' lang='lat' dir='ltr'>desisti,</span> <span class='ocrx_word' id='word_1_81' title='bbox 766 1400 1128 1484; x_wconf 87' lang='lat' dir='ltr'>mortaliaque</span> <span class='ocrx_word' id='word_1_82' title='bbox 1157 1424 1253 1462; x_wconf 88' lang='lat' dir='ltr'>ora</span> <span class='ocrx_word' id='word_1_83' title='bbox 1283 1400 1575 1483; x_wconf 89' lang='lat' dir='ltr'>quierunt,</span> 
     </span>
     <span class='ocr_line' id='line_1_14' title="bbox 281 1497 1482 1582; baseline -0.003 -22"><span class='ocrx_word' id='word_1_84' title='bbox 281 1498 591 1582; x_wconf 87' lang='lat' dir='ltr'>Clausaque</span> <span class='ocrx_word' id='word_1_85' title='bbox 624 1522 739 1558; x_wconf 89' lang='lat' dir='ltr'>non</span> <span class='ocrx_word' id='word_1_86' title='bbox 771 1497 938 1576; x_wconf 85' lang='lat' dir='ltr'>longa</span> <span class='ocrx_word' id='word_1_87' title='bbox 964 1497 1275 1558; x_wconf 89' lang='lat' dir='ltr'>conticuere</span> <span class='ocrx_word' id='word_1_88' title='bbox 1306 1519 1482 1567; x_wconf 90' lang='lat' dir='ltr'>mora,</span> 
     </span>
     <span class='ocr_line' id='line_1_15' title="bbox 202 1593 1423 1676; baseline -0.004 -19"><span class='ocrx_word' id='word_1_89' title='bbox 202 1596 393 1675; x_wconf 86' lang='lat' dir='ltr'>Surgit</span> <span class='ocrx_word' id='word_1_90' title='bbox 422 1594 574 1656; x_wconf 87' lang='lat' dir='ltr'>Iuleo</span> <span class='ocrx_word' id='word_1_91' title='bbox 600 1594 811 1676; x_wconf 85' lang='lat' dir='ltr'>juvenis</span> <span class='ocrx_word' id='word_1_92' title='bbox 839 1594 1164 1672; x_wconf 85' lang='lat' dir='ltr'>cognomine</span> <span class='ocrx_word' id='word_1_93' title='bbox 1193 1593 1423 1672; x_wconf 83' lang='lat' dir='ltr'>dignus,</span> 
     </span>
    </p>
   </div>
   <div class='ocr_carea' id='block_1_5' title="bbox 286 1691 1945 1775">
    <p class='ocr_par' dir='ltr' id='par_1_5' title="bbox 286 1691 1945 1775">
     <span class='ocr_line' id='line_1_16' title="bbox 286 1691 1945 1775; baseline -0.002 -19"><span class='ocrx_word' id='word_1_94' title='bbox 286 1693 486 1775; x_wconf 82' lang='lat' dir='ltr'>Qualis</span> <span class='ocrx_word' id='word_1_95' title='bbox 513 1693 583 1754; x_wconf 90' lang='lat' dir='ltr'>ab</span> <span class='ocrx_word' id='word_1_96' title='bbox 616 1693 750 1754; x_wconf 90' lang='lat' dir='ltr'>Eois</span> <span class='ocrx_word' id='word_1_97' title='bbox 778 1693 997 1754; x_wconf 87' lang='lat' dir='ltr'>Lucifer</span> <span class='ocrx_word' id='word_1_98' title='bbox 1024 1707 1179 1753; x_wconf 92' lang='lat' dir='ltr'>ortus</span> <span class='ocrx_word' id='word_1_99' title='bbox 1210 1691 1384 1775; x_wconf 81' lang='lat' dir='ltr'>aquiS.</span> <span class='ocrx_word' id='word_1_100' title='bbox 1927 1714 1945 1752; x_wconf 72' lang='lat' dir='ltr'>f</span> 
     </span>
    </p>
   </div>
   <div class='ocr_carea' id='block_1_6' title="bbox 208 1786 1790 1970">
    <p class='ocr_par' dir='ltr' id='par_1_6' title="bbox 208 1786 1790 1970">
     <span class='ocr_line' id='line_1_17' title="bbox 208 1786 1790 1873; baseline -0.002 -23"><span class='ocrx_word' id='word_1_101' title='bbox 208 1791 466 1873; x_wconf 88' lang='lat' dir='ltr'>Dumque</span> <span class='ocrx_word' id='word_1_102' title='bbox 497 1787 662 1849; x_wconf 90' lang='lat' dir='ltr'>silens</span> <span class='ocrx_word' id='word_1_103' title='bbox 688 1788 900 1859; x_wconf 84' lang='lat' dir='ltr'>adstat,</span> <span class='ocrx_word' id='word_1_104' title='bbox 933 1802 1108 1848; x_wconf 89' lang='lat' dir='ltr'>status</span> <span class='ocrx_word' id='word_1_105' title='bbox 1140 1800 1222 1847; x_wconf 86' lang='lat' dir='ltr'>est</span> <span class='ocrx_word' id='word_1_106' title='bbox 1249 1786 1543 1869; x_wconf 83' lang='lat' dir='ltr'>vultusque</span> <span class='ocrx_word' id='word_1_107' title='bbox 1571 1786 1790 1859; x_wconf 85' lang='lat' dir='ltr'>diserti,</span> 
     </span>
     <span class='ocr_line' id='line_1_18' title="bbox 289 1883 1637 1970; baseline -0.003 -24"><span class='ocrx_word' id='word_1_108' title='bbox 289 1887 566 1970; x_wconf 87' lang='lat' dir='ltr'>Spemque</span> <span class='ocrx_word' id='word_1_109' title='bbox 595 1886 790 1946; x_wconf 89' lang='lat' dir='ltr'>decens</span> <span class='ocrx_word' id='word_1_110' title='bbox 821 1884 998 1945; x_wconf 86' lang='lat' dir='ltr'>doctae</span> <span class='ocrx_word' id='word_1_111' title='bbox 1023 1884 1171 1944; x_wconf 83' lang='lat' dir='ltr'>vocis</span> <span class='ocrx_word' id='word_1_112' title='bbox 1200 1884 1429 1945; x_wconf 89' lang='lat' dir='ltr'>amictus</span> <span class='ocrx_word' id='word_1_113' title='bbox 1453 1883 1637 1944; x_wconf 89' lang='lat' dir='ltr'>habet.</span> 
     </span>
    </p>
   </div>
   <div class='ocr_carea' id='block_1_7' title="bbox 209 2021 1103 3504">
    <p class='ocr_par' dir='ltr' id='par_1_7' title="bbox 209 2021 1068 2532">
     <span class='ocr_line' id='line_1_19' title="bbox 263 2021 1056 2079; baseline -0.004 -13"><span class='ocrx_word' id='word_1_114' title='bbox 263 2024 328 2079; x_wconf 83' lang='lat'>37.</span> <span class='ocrx_word' id='word_1_115' title='bbox 343 2024 438 2065; x_wconf 79' lang='lat' dir='ltr'>Non</span> <span class='ocrx_word' id='word_1_116' title='bbox 448 2038 523 2078; x_wconf 75' lang='lat' dir='ltr'>ego</span> <span class='ocrx_word' id='word_1_117' title='bbox 536 2024 790 2065; x_wconf 75' lang='lat' dir='ltr'>laudandus.</span> <span class='ocrx_word' id='word_1_118' title='bbox 808 2021 978 2075; x_wconf 88' lang='lat' dir='ltr'>Docet,</span> <span class='ocrx_word' id='word_1_119' title='bbox 998 2037 1056 2064; x_wconf 89' lang='lat' dir='ltr'>ne</span> 
     </span>
     <span class='ocr_line' id='line_1_20' title="bbox 209 2085 1059 2143; baseline -0.002 -13"><span class='ocrx_word' id='word_1_120' title='bbox 209 2085 409 2131; x_wconf 78' lang='lat' dir='ltr'>videatur</span> <span class='ocrx_word' id='word_1_121' title='bbox 443 2101 648 2143; x_wconf 78' lang='lat' dir='ltr'>arrogans</span> <span class='ocrx_word' id='word_1_122' title='bbox 667 2119 679 2139; x_wconf 92' lang='lat'>,</span> <span class='ocrx_word' id='word_1_123' title='bbox 707 2085 899 2130; x_wconf 87' lang='lat' dir='ltr'>libellum</span> <span class='ocrx_word' id='word_1_124' title='bbox 930 2100 1059 2129; x_wconf 89' lang='lat' dir='ltr'>suum</span> 
     </span>
     <span class='ocr_line' id='line_1_21' title="bbox 212 2151 1061 2207; baseline -0.002 -11"><span class='ocrx_word' id='word_1_125' title='bbox 212 2168 303 2196; x_wconf 90' lang='lat' dir='ltr'>non</span> <span class='ocrx_word' id='word_1_126' title='bbox 323 2167 414 2196; x_wconf 86' lang='lat' dir='ltr'>esse</span> <span class='ocrx_word' id='word_1_127' title='bbox 435 2151 562 2196; x_wconf 86' lang='lat' dir='ltr'>laude</span> <span class='ocrx_word' id='word_1_128' title='bbox 583 2151 767 2207; x_wconf 81' lang='lat' dir='ltr'>dignum</span> <span class='ocrx_word' id='word_1_129' title='bbox 789 2168 798 2195; x_wconf 93' lang='lat'><strong>:</strong></span> <span class='ocrx_word' id='word_1_130' title='bbox 821 2151 894 2194; x_wconf 88' lang='lat' dir='ltr'>sed</span> <span class='ocrx_word' id='word_1_131' title='bbox 917 2151 950 2195; x_wconf 85' lang='lat' dir='ltr'>si</span> <span class='ocrx_word' id='word_1_132' title='bbox 976 2167 1061 2207; x_wconf 91' lang='lat' dir='ltr'>qua</span> 
     </span>
     <span class='ocr_line' id='line_1_22' title="bbox 213 2216 1061 2274; baseline -0.005 -11"><span class='ocrx_word' id='word_1_133' title='bbox 213 2219 306 2263; x_wconf 77' lang='lat' dir='ltr'>laus</span> <span class='ocrx_word' id='word_1_134' title='bbox 327 2217 551 2263; x_wconf 79' lang='lat' dir='ltr'>accesserit</span> <span class='ocrx_word' id='word_1_135' title='bbox 574 2216 826 2272; x_wconf 77' lang='lat' dir='ltr'>huiusmodi</span> <span class='ocrx_word' id='word_1_136' title='bbox 844 2218 965 2274; x_wconf 85' lang='lat' dir='ltr'>operi</span> <span class='ocrx_word' id='word_1_137' title='bbox 983 2250 995 2270; x_wconf 91' lang='lat'>,</span> <span class='ocrx_word' id='word_1_138' title='bbox 1017 2216 1061 2259; x_wconf 82' lang='lat' dir='ltr'>id</span> 
     </span>
     <span class='ocr_line' id='line_1_23' title="bbox 215 2281 1063 2338; baseline -0.004 -11"><span class='ocrx_word' id='word_1_139' title='bbox 215 2282 546 2328; x_wconf 76' lang='lat' dir='ltr'>adscribendum</span> <span class='ocrx_word' id='word_1_140' title='bbox 566 2298 656 2326; x_wconf 84' lang='lat' dir='ltr'>esse</span> <span class='ocrx_word' id='word_1_141' title='bbox 678 2281 858 2325; x_wconf 80' lang='lat' dir='ltr'>candori</span> <span class='ocrx_word' id='word_1_142' title='bbox 875 2291 918 2324; x_wconf 88' lang='lat' dir='ltr'>et</span> <span class='ocrx_word' id='word_1_143' title='bbox 938 2281 1063 2338; x_wconf 84' lang='lat' dir='ltr'>inge-</span> 
     </span>
     <span class='ocr_line' id='line_1_24' title="bbox 218 2345 1066 2406; baseline -0.002 -14"><span class='ocrx_word' id='word_1_144' title='bbox 218 2348 293 2392; x_wconf 88' lang='lat' dir='ltr'>nio</span> <span class='ocrx_word' id='word_1_145' title='bbox 305 2347 438 2406; x_wconf 80' lang='lat' dir='ltr'>ipsius</span> <span class='ocrx_word' id='word_1_146' title='bbox 453 2346 616 2391; x_wconf 83' lang='lat' dir='ltr'>Salani.</span> <span class='ocrx_word' id='word_1_147' title='bbox 635 2345 978 2391; x_wconf 85' lang='lat' dir='ltr'>Barberinianus</span> <span class='ocrx_word' id='word_1_148' title='bbox 995 2345 1066 2390; x_wconf 79' lang='lat' dir='ltr'>hic</span> 
     </span>
     <span class='ocr_line' id='line_1_25' title="bbox 220 2410 1068 2467; baseline -0.006 -10"><span class='ocrx_word' id='word_1_149' title='bbox 220 2428 380 2457; x_wconf 81' lang='lat' dir='ltr'>novam</span> <span class='ocrx_word' id='word_1_150' title='bbox 394 2411 494 2456; x_wconf 80' lang='lat' dir='ltr'>facit</span> <span class='ocrx_word' id='word_1_151' title='bbox 504 2411 687 2467; x_wconf 80' lang='lat' dir='ltr'>elegiam</span> <span class='ocrx_word' id='word_1_152' title='bbox 703 2442 716 2463; x_wconf 91' lang='lat'>,</span> <span class='ocrx_word' id='word_1_153' title='bbox 729 2426 825 2466; x_wconf 82' lang='lat' dir='ltr'>quae</span> <span class='ocrx_word' id='word_1_154' title='bbox 838 2410 1068 2452; x_wconf 79' lang='lat' dir='ltr'>videbatur</span> 
     </span>
     <span class='ocr_line' id='line_1_26' title="bbox 222 2474 1013 2532; baseline -0.008 -10"><span class='ocrx_word' id='word_1_155' title='bbox 222 2476 409 2522; x_wconf 83' lang='lat' dir='ltr'>Heinsio</span> <span class='ocrx_word' id='word_1_156' title='bbox 425 2476 581 2532; x_wconf 87' lang='lat' dir='ltr'>scripta</span> <span class='ocrx_word' id='word_1_157' title='bbox 599 2475 655 2518; x_wconf 86' lang='lat' dir='ltr'>ad</span> <span class='ocrx_word' id='word_1_158' title='bbox 673 2474 1013 2518; x_wconf 86' lang='lat' dir='ltr'>Albinovanum.</span> 
     </span>
    </p>

    <p class='ocr_par' dir='ltr' id='par_1_8' title="bbox 226 2542 1081 2977">
     <span class='ocr_line' id='line_1_27' title="bbox 279 2542 1069 2599; baseline -0.005 -13"><span class='ocrx_word' id='word_1_159' title='bbox 279 2546 346 2599; x_wconf 76' lang='lat'>42.</span> <span class='ocrx_word' id='word_1_160' title='bbox 365 2544 615 2598; x_wconf 55' lang='lat' dir='ltr'>Par-tibiam</span> <span class='ocrx_word' id='word_1_161' title='bbox 634 2543 797 2585; x_wconf 58' lang='lat' dir='ltr'>studies.</span> <span class='ocrx_word' id='word_1_162' title='bbox 817 2542 956 2584; x_wconf 81' lang='lat' dir='ltr'>studii</span> <span class='ocrx_word' id='word_1_163' title='bbox 970 2555 1069 2583; x_wconf 87' lang='lat' dir='ltr'>me-</span> 
     </span>
     <span class='ocr_line' id='line_1_28' title="bbox 226 2603 1070 2663; baseline -0.005 -13"><span class='ocrx_word' id='word_1_164' title='bbox 226 2608 353 2653; x_wconf 90' lang='lat' dir='ltr'>liores</span> <span class='ocrx_word' id='word_1_165' title='bbox 365 2625 375 2660; x_wconf 90' lang='grc'>;</span> <span class='ocrx_word' id='word_1_166' title='bbox 392 2623 535 2663; x_wconf 88' lang='lat' dir='ltr'>neque</span> <span class='ocrx_word' id='word_1_167' title='bbox 552 2605 675 2649; x_wconf 90' lang='lat' dir='ltr'>aliter</span> <span class='ocrx_word' id='word_1_168' title='bbox 686 2604 914 2662; x_wconf 81' lang='lat' dir='ltr'>scriptores</span> <span class='ocrx_word' id='word_1_169' title='bbox 926 2603 1070 2659; x_wconf 87' lang='lat' dir='ltr'>latini,</span> 
     </span>
     <span class='ocr_line' id='line_1_29' title="bbox 227 2671 1077 2730; baseline -0.006 -12"><span class='ocrx_word' id='word_1_170' title='bbox 227 2684 274 2718; x_wconf 88' lang='lat' dir='ltr'>et</span> <span class='ocrx_word' id='word_1_171' title='bbox 293 2690 422 2717; x_wconf 81' lang='lat' dir='ltr'>versu</span> <span class='ocrx_word' id='word_1_172' title='bbox 439 2672 637 2730; x_wconf 86' lang='lat' dir='ltr'>proximo</span> <span class='ocrx_word' id='word_1_173' title='bbox 651 2672 784 2715; x_wconf 89' lang='lat' dir='ltr'>iidem</span> <span class='ocrx_word' id='word_1_174' title='bbox 797 2671 964 2715; x_wconf 86' lang='lat' dir='ltr'>codices</span> <span class='ocrx_word' id='word_1_175' title='bbox 977 2705 987 2721; x_wconf 86' lang='lat'>,</span> <span class='ocrx_word' id='word_1_176' title='bbox 1010 2687 1077 2714; x_wconf 89' lang='lat' dir='ltr'>co·</span> 
     </span>
     <span class='ocr_line' id='line_1_30' title="bbox 227 2734 1078 2795; baseline -0.008 -11"><span class='ocrx_word' id='word_1_177' title='bbox 227 2756 315 2784; x_wconf 86' lang='lat' dir='ltr'>mes</span> <span class='ocrx_word' id='word_1_178' title='bbox 327 2743 523 2795; x_wconf 80' lang='lat' dir='ltr'>antiquus</span> <span class='ocrx_word' id='word_1_179' title='bbox 537 2753 618 2795; x_wconf 86' lang='lat' dir='ltr'>pro</span> <span class='ocrx_word' id='word_1_180' title='bbox 631 2741 827 2794; x_wconf 79' lang='lat' dir='ltr'>antiquis.</span> <span class='ocrx_word' id='word_1_181' title='bbox 839 2734 994 2779; x_wconf 88' lang='lat' dir='ltr'>H.—-C</span> <span class='ocrx_word' id='word_1_182' title='bbox 1000 2751 1078 2778; x_wconf 90' lang='lat' dir='ltr'>um</span> 
     </span>
     <span class='ocr_line' id='line_1_31' title="bbox 229 2801 1079 2855; baseline -0.007 -5"><span class='ocrx_word' id='word_1_183' title='bbox 229 2804 377 2850; x_wconf 81' lang='lat' dir='ltr'>dativo</span> <span class='ocrx_word' id='word_1_184' title='bbox 393 2802 545 2847; x_wconf 85' lang='lat' dir='ltr'>extulit</span> <span class='ocrx_word' id='word_1_185' title='bbox 565 2811 710 2846; x_wconf 86' lang='lat' dir='ltr'>tamen</span> <span class='ocrx_word' id='word_1_186' title='bbox 728 2802 895 2846; x_wconf 76' lang='lat' dir='ltr'>Seneca</span> <span class='ocrx_word' id='word_1_187' title='bbox 911 2834 922 2855; x_wconf 95' lang='lat'>,</span> <span class='ocrx_word' id='word_1_188' title='bbox 945 2801 1079 2845; x_wconf 86' lang='lat' dir='ltr'>Herc.</span> 
     </span>
     <span class='ocr_line' id='line_1_32' title="bbox 231 2865 1081 2928; baseline -0.006 -16"><span class='ocrx_word' id='word_1_189' title='bbox 231 2869 315 2912; x_wconf 85' lang='lat' dir='ltr'>fur.</span> <span class='ocrx_word' id='word_1_190' title='bbox 336 2868 418 2928; x_wconf 75' lang='lat'>369</span> <span class='ocrx_word' id='word_1_191' title='bbox 433 2901 445 2921; x_wconf 87' lang='lat'>,</span> <span class='ocrx_word' id='word_1_192' title='bbox 470 2886 491 2905; x_wconf 71' lang='grc' dir='ltr'>«ι</span> <span class='ocrx_word' id='word_1_193' title='bbox 515 2867 735 2923; x_wconf 87' lang='lat' dir='ltr'>Particeps</span> <span class='ocrx_word' id='word_1_194' title='bbox 755 2882 892 2922; x_wconf 80' lang='lat' dir='ltr'>regno</span> <span class='ocrx_word' id='word_1_195' title='bbox 910 2865 1011 2909; x_wconf 83' lang='lat' dir='ltr'>veni</span> <span class='ocrx_word' id='word_1_196' title='bbox 1028 2883 1039 2920; x_wconf 84' lang='lat'>;</span> <span class='ocrx_word' id='word_1_197' title='bbox 1058 2883 1081 2903; x_wconf 75' lang='grc' dir='ltr'>ι»</span> 
     </span>
     <span class='ocr_line' id='line_1_33' title="bbox 237 2931 835 2977; baseline -0.007 0"><span class='ocrx_word' id='word_1_198' title='bbox 237 2931 310 2977; x_wconf 83' lang='lat' dir='ltr'>ubi</span> <span class='ocrx_word' id='word_1_199' title='bbox 331 2931 548 2976; x_wconf 71' lang='lat' dir='ltr'>videndus</span> <span class='ocrx_word' id='word_1_200' title='bbox 571 2931 835 2975; x_wconf 86' lang='lat' dir='ltr'>Gronovius.</span> 
     </span>
    </p>

    <p class='ocr_par' dir='ltr' id='par_1_9' title="bbox 239 2998 1100 3442">
     <span class='ocr_line' id='line_1_34' title="bbox 293 2998 1087 3055; baseline -0.003 -12"><span class='ocrx_word' id='word_1_201' title='bbox 293 3000 359 3053; x_wconf 73' lang='grc'>45.</span> <span class='ocrx_word' id='word_1_202' title='bbox 386 3001 446 3042; x_wconf 83' lang='lat' dir='ltr'>Te</span> <span class='ocrx_word' id='word_1_203' title='bbox 463 3002 628 3042; x_wconf 64' lang='lat' dir='ltr'>dez-ente</span> <span class='ocrx_word' id='word_1_204' title='bbox 638 3003 768 3055; x_wconf 81' lang='lat' dir='ltr'>prius.</span> <span class='ocrx_word' id='word_1_205' title='bbox 785 2999 850 3042; x_wconf 86' lang='lat' dir='ltr'>Te</span> <span class='ocrx_word' id='word_1_206' title='bbox 869 2999 988 3054; x_wconf 88' lang='lat' dir='ltr'>prius</span> <span class='ocrx_word' id='word_1_207' title='bbox 1007 2998 1087 3042; x_wconf 87' lang='lat' dir='ltr'>de-</span> 
     </span>
     <span class='ocr_line' id='line_1_35' title="bbox 239 3063 1089 3118; baseline -0.001 -11"><span class='ocrx_word' id='word_1_208' title='bbox 239 3063 594 3107; x_wconf 53' lang='lat' dir='ltr'>clamante—Fit</span> <span class='ocrx_word' id='word_1_209' title='bbox 603 3069 795 3118; x_wconf 81' lang='lat' dir='ltr'>protinus</span> <span class='ocrx_word' id='word_1_210' title='bbox 816 3068 993 3118; x_wconf 79' lang='lat' dir='ltr'>impetus</span> <span class='ocrx_word' id='word_1_211' title='bbox 1008 3067 1089 3106; x_wconf 83' lang='lat' dir='ltr'>illi.</span> 
     </span>
     <span class='ocr_line' id='line_1_36' title="bbox 243 3127 1092 3183; baseline 0.001 -14"><span class='ocrx_word' id='word_1_212' title='bbox 243 3127 326 3170; x_wconf 87' lang='lat' dir='ltr'>Vis</span> <span class='ocrx_word' id='word_1_213' title='bbox 356 3127 619 3183; x_wconf 81' lang='lat' dir='ltr'>eloquentiae</span> <span class='ocrx_word' id='word_1_214' title='bbox 645 3129 788 3172; x_wconf 87' lang='lat' dir='ltr'>subito</span> <span class='ocrx_word' id='word_1_215' title='bbox 817 3129 864 3171; x_wconf 86' lang='lat' dir='ltr'>in</span> <span class='ocrx_word' id='word_1_216' title='bbox 894 3127 1092 3172; x_wconf 89' lang='lat' dir='ltr'>Germa—</span> 
     </span>
     <span class='ocr_line' id='line_1_37' title="bbox 245 3189 1095 3248; baseline 0.004 -16"><span class='ocrx_word' id='word_1_217' title='bbox 245 3189 347 3233; x_wconf 81' lang='lat' dir='ltr'>nico</span> <span class='ocrx_word' id='word_1_218' title='bbox 364 3189 558 3233; x_wconf 81' lang='lat' dir='ltr'>exoritur</span> <span class='ocrx_word' id='word_1_219' title='bbox 575 3199 639 3234; x_wconf 85' lang='lat' dir='ltr'>:et</span> <span class='ocrx_word' id='word_1_220' title='bbox 657 3192 864 3235; x_wconf 84' lang='lat' dir='ltr'>excitatur</span> <span class='ocrx_word' id='word_1_221' title='bbox 883 3191 1095 3248; x_wconf 85' lang='lat' dir='ltr'>cupiditas</span> 
     </span>
     <span class='ocr_line' id='line_1_38' title="bbox 248 3252 1095 3311; baseline 0.001 -16"><span class='ocrx_word' id='word_1_222' title='bbox 248 3252 419 3296; x_wconf 85' lang='lat' dir='ltr'>dicendi</span> <span class='ocrx_word' id='word_1_223' title='bbox 430 3263 473 3297; x_wconf 90' lang='lat' dir='ltr'>et</span> <span class='ocrx_word' id='word_1_224' title='bbox 483 3263 525 3297; x_wconf 85' lang='lat' dir='ltr'>te</span> <span class='ocrx_word' id='word_1_225' title='bbox 539 3254 808 3310; x_wconf 77' lang='lat' dir='ltr'>aequandi.—</span> <span class='ocrx_word' id='word_1_226' title='bbox 817 3257 950 3311; x_wconf 81' lang='lat' dir='ltr'>Teque</span> <span class='ocrx_word' id='word_1_227' title='bbox 957 3258 1095 3298; x_wconf 81' lang='lat' dir='ltr'>habet.</span> 
     </span>
     <span class='ocr_line' id='line_1_39' title="bbox 252 3318 1099 3376; baseline 0.002 -14"><span class='ocrx_word' id='word_1_228' title='bbox 252 3318 311 3362; x_wconf 88' lang='lat' dir='ltr'>Et</span> <span class='ocrx_word' id='word_1_229' title='bbox 329 3318 458 3362; x_wconf 88' lang='lat' dir='ltr'>habet</span> <span class='ocrx_word' id='word_1_230' title='bbox 479 3320 522 3361; x_wconf 85' lang='lat' dir='ltr'>in</span> <span class='ocrx_word' id='word_1_231' title='bbox 547 3329 586 3362; x_wconf 87' lang='lat' dir='ltr'>te</span> <span class='ocrx_word' id='word_1_232' title='bbox 605 3319 756 3363; x_wconf 85' lang='lat' dir='ltr'>studiis</span> <span class='ocrx_word' id='word_1_233' title='bbox 776 3321 986 3376; x_wconf 81' lang='lat' dir='ltr'>praevium</span> <span class='ocrx_word' id='word_1_234' title='bbox 1005 3321 1099 3364; x_wconf 88' lang='lat' dir='ltr'>du-</span> 
     </span>
     <span class='ocr_line' id='line_1_40' title="bbox 251 3384 1100 3442; baseline 0.004 -15"><span class='ocrx_word' id='word_1_235' title='bbox 251 3399 349 3428; x_wconf 84' lang='lat' dir='ltr'>cem</span> <span class='ocrx_word' id='word_1_236' title='bbox 365 3394 407 3428; x_wconf 83' lang='lat' dir='ltr'>et</span> <span class='ocrx_word' id='word_1_237' title='bbox 432 3385 547 3441; x_wconf 85' lang='lat' dir='ltr'>quasi</span> <span class='ocrx_word' id='word_1_238' title='bbox 570 3384 754 3428; x_wconf 83' lang='lat' dir='ltr'>alterum</span> <span class='ocrx_word' id='word_1_239' title='bbox 778 3394 1100 3442; x_wconf 84' lang='lat' dir='ltr'>praeceptorem.</span> 
     </span>
    </p>

    <p class='ocr_par' dir='ltr' id='par_1_10' title="bbox 315 3451 1103 3504">
     <span class='ocr_line' id='line_1_41' title="bbox 315 3451 1103 3504; baseline 0.008 -16"><span class='ocrx_word' id='word_1_240' title='bbox 315 3451 379 3504; x_wconf 75' lang='lat'>47.</span> <span class='ocrx_word' id='word_1_241' title='bbox 403 3453 536 3503; x_wconf 82' lang='lat' dir='ltr'>Quum</span> <span class='ocrx_word' id='word_1_242' title='bbox 552 3458 597 3492; x_wconf 86' lang='lat' dir='ltr'>tu</span> <span class='ocrx_word' id='word_1_243' title='bbox 616 3453 798 3494; x_wconf 79' lang='lat' dir='ltr'>desistis.</span> <span class='ocrx_word' id='word_1_244' title='bbox 817 3454 988 3495; x_wconf 81' lang='lat' dir='ltr'>Desisti</span> <span class='ocrx_word' id='word_1_245' title='bbox 1001 3467 1103 3496; x_wconf 87' lang='lat' dir='ltr'>cum</span> 
     </span>
    </p>
   </div>
   <div class='ocr_carea' id='block_1_8' title="bbox 1139 2019 2056 3508">
    <p class='ocr_par' dir='ltr' id='par_1_11' title="bbox 1139 2019 1995 2325">
     <span class='ocr_line' id='line_1_42' title="bbox 1140 2019 1989 2077; baseline 0.005 -14"><span class='ocrx_word' id='word_1_246' title='bbox 1140 2019 1391 2064; x_wconf 86' lang='lat' dir='ltr'>melioribus</span> <span class='ocrx_word' id='word_1_247' title='bbox 1412 2038 1491 2077; x_wconf 87' lang='lat' dir='ltr'>pro</span> <span class='ocrx_word' id='word_1_248' title='bbox 1511 2023 1688 2064; x_wconf 67' lang='lat' dir='ltr'>desiisti.</span> <span class='ocrx_word' id='word_1_249' title='bbox 1711 2021 1989 2067; x_wconf 75' lang='lat' dir='ltr'>H.—Horta·</span> 
     </span>
     <span class='ocr_line' id='line_1_43' title="bbox 1139 2086 1994 2144; baseline 0.004 -16"><span class='ocrx_word' id='word_1_250' title='bbox 1139 2088 1279 2141; x_wconf 75' lang='lat' dir='ltr'>linque</span> <span class='ocrx_word' id='word_1_251' title='bbox 1300 2101 1373 2128; x_wconf 82' lang='lat' dir='ltr'>om</span> <span class='ocrx_word' id='word_1_252' title='bbox 1392 2089 1593 2140; x_wconf 79' lang='lat' dir='ltr'>quierunt.</span> <span class='ocrx_word' id='word_1_253' title='bbox 1619 2086 1825 2130; x_wconf 64' lang='lat' dir='ltr'>Mortalia</span> <span class='ocrx_word' id='word_1_254' title='bbox 1844 2087 1994 2144; x_wconf 78' lang='lat' dir='ltr'>adpel-</span> 
     </span>
     <span class='ocr_line' id='line_1_44' title="bbox 1141 2150 1995 2207; baseline 0.005 -13"><span class='ocrx_word' id='word_1_255' title='bbox 1141 2151 1224 2204; x_wconf 89' lang='lat' dir='ltr'>lat,</span> <span class='ocrx_word' id='word_1_256' title='bbox 1240 2159 1287 2194; x_wconf 89' lang='lat' dir='ltr'>ut</span> <span class='ocrx_word' id='word_1_257' title='bbox 1301 2150 1502 2194; x_wconf 75' lang='lat' dir='ltr'>ostendat</span> <span class='ocrx_word' id='word_1_258' title='bbox 1519 2150 1727 2194; x_wconf 80' lang='lat' dir='ltr'>Salarium</span> <span class='ocrx_word' id='word_1_259' title='bbox 1743 2154 1995 2207; x_wconf 77' lang='lat' dir='ltr'>mortalem,</span> 
     </span>
     <span class='ocr_line' id='line_1_45' title="bbox 1142 2215 1995 2262; baseline 0.004 -3"><span class='ocrx_word' id='word_1_260' title='bbox 1142 2216 1458 2260; x_wconf 83' lang='lat' dir='ltr'>Germanicum</span> <span class='ocrx_word' id='word_1_261' title='bbox 1476 2232 1580 2260; x_wconf 84' lang='lat' dir='ltr'>vero</span> <span class='ocrx_word' id='word_1_262' title='bbox 1603 2215 1822 2261; x_wconf 77' lang='lat' dir='ltr'>Caesarem</span> <span class='ocrx_word' id='word_1_263' title='bbox 1840 2219 1995 2262; x_wconf 84' lang='lat' dir='ltr'>divum</span> 
     </span>
     <span class='ocr_line' id='line_1_46' title="bbox 1144 2281 1285 2325; baseline 0.014 -2"><span class='ocrx_word' id='word_1_264' title='bbox 1144 2281 1285 2325; x_wconf 78' lang='lat' dir='ltr'>fuisse.</span> 
     </span>
    </p>

    <p class='ocr_par' dir='ltr' id='par_1_12' title="bbox 1148 2347 2003 2663">
     <span class='ocr_line' id='line_1_47' title="bbox 1201 2347 1996 2403; baseline 0.005 -15"><span class='ocrx_word' id='word_1_265' title='bbox 1201 2347 1267 2400; x_wconf 79' lang='grc'>48.</span> <span class='ocrx_word' id='word_1_266' title='bbox 1293 2347 1503 2401; x_wconf 80' lang='lat' dir='ltr'>Tectaque</span> <span class='ocrx_word' id='word_1_267' title='bbox 1517 2361 1603 2388; x_wconf 83' lang='lat' dir='ltr'>ora.</span> <span class='ocrx_word' id='word_1_268' title='bbox 1621 2348 1857 2403; x_wconf 80' lang='lat' dir='ltr'><em>Clausaque</em></span> <span class='ocrx_word' id='word_1_269' title='bbox 1872 2357 1996 2392; x_wconf 85' lang='lat' dir='ltr'>vete-</span> 
     </span>
     <span class='ocr_line' id='line_1_48' title="bbox 1148 2413 2002 2466; baseline 0.002 -11"><span class='ocrx_word' id='word_1_270' title='bbox 1148 2429 1217 2456; x_wconf 87' lang='lat' dir='ltr'>res</span> <span class='ocrx_word' id='word_1_271' title='bbox 1237 2413 1393 2466; x_wconf 87' lang='lat' dir='ltr'>multi,</span> <span class='ocrx_word' id='word_1_272' title='bbox 1418 2428 1519 2455; x_wconf 87' lang='lat' dir='ltr'>cum</span> <span class='ocrx_word' id='word_1_273' title='bbox 1548 2413 1768 2458; x_wconf 87' lang='lat' dir='ltr'>nonnullis</span> <span class='ocrx_word' id='word_1_274' title='bbox 1792 2414 2002 2459; x_wconf 84' lang='lat' dir='ltr'>editioni—</span> 
     </span>
     <span class='ocr_line' id='line_1_49' title="bbox 1150 2478 2000 2524; baseline 0.005 -4"><span class='ocrx_word' id='word_1_275' title='bbox 1150 2478 1244 2520; x_wconf 83' lang='lat' dir='ltr'>bus.</span> <span class='ocrx_word' id='word_1_276' title='bbox 1257 2478 1424 2520; x_wconf 74' lang='lat' dir='ltr'>Hnms.</span> <span class='ocrx_word' id='word_1_277' title='bbox 1444 2500 1498 2508; x_wconf 90' lang='lat'>—</span> <span class='ocrx_word' id='word_1_278' title='bbox 1519 2479 1772 2522; x_wconf 80' lang='lat' dir='ltr'>Conticuere.</span> <span class='ocrx_word' id='word_1_279' title='bbox 1787 2480 1887 2523; x_wconf 88' lang='lat' dir='ltr'>Hoc</span> <span class='ocrx_word' id='word_1_280' title='bbox 1901 2495 2000 2524; x_wconf 78' lang='lat' dir='ltr'>ver-</span> 
     </span>
     <span class='ocr_line' id='line_1_50' title="bbox 1150 2542 2002 2601; baseline 0.007 -18"><span class='ocrx_word' id='word_1_281' title='bbox 1150 2542 1259 2584; x_wconf 85' lang='lat' dir='ltr'>bum</span> <span class='ocrx_word' id='word_1_282' title='bbox 1278 2557 1369 2584; x_wconf 90' lang='lat' dir='ltr'>nou</span> <span class='ocrx_word' id='word_1_283' title='bbox 1389 2557 1412 2584; x_wconf 87' lang='lat' dir='ltr'>a</span> <span class='ocrx_word' id='word_1_284' title='bbox 1430 2546 1631 2592; x_wconf 81' lang='lat' dir='ltr'>conticeo,</span> <span class='ocrx_word' id='word_1_285' title='bbox 1650 2544 1767 2599; x_wconf 89' lang='lat' dir='ltr'>quod</span> <span class='ocrx_word' id='word_1_286' title='bbox 1782 2561 2002 2601; x_wconf 81' lang='lat' dir='ltr'>nusquam</span> 
     </span>
     <span class='ocr_line' id='line_1_51' title="bbox 1152 2606 2003 2663; baseline 0.007 -15"><span class='ocrx_word' id='word_1_287' title='bbox 1152 2606 1325 2663; x_wconf 84' lang='lat' dir='ltr'>legitur,</span> <span class='ocrx_word' id='word_1_288' title='bbox 1343 2606 1418 2649; x_wconf 84' lang='lat' dir='ltr'>sed</span> <span class='ocrx_word' id='word_1_289' title='bbox 1433 2622 1456 2649; x_wconf 89' lang='lat' dir='ltr'>a</span> <span class='ocrx_word' id='word_1_290' title='bbox 1470 2611 1703 2651; x_wconf 86' lang='lat' dir='ltr'>conticesco</span> <span class='ocrx_word' id='word_1_291' title='bbox 1719 2609 1855 2652; x_wconf 78' lang='lat' dir='ltr'>venit.</span> <span class='ocrx_word' id='word_1_292' title='bbox 1869 2609 2003 2654; x_wconf 71' lang='lat' dir='ltr'>Cxor.</span> 
     </span>
    </p>

    <p class='ocr_par' dir='ltr' id='par_1_13' title="bbox 1211 2671 1799 2730">
     <span class='ocr_line' id='line_1_52' title="bbox 1211 2671 1799 2730; baseline 0.007 -19"><span class='ocrx_word' id='word_1_293' title='bbox 1211 2673 1276 2730; x_wconf 76' lang='grc'>49.</span> <span class='ocrx_word' id='word_1_294' title='bbox 1292 2673 1480 2714; x_wconf 72' lang='grc' dir='ltr'><em>Ιιινεηιὶς.</em></span> <span class='ocrx_word' id='word_1_295' title='bbox 1499 2671 1799 2717; x_wconf 86' lang='lat' dir='ltr'>Germanicus.</span> 
     </span>
    </p>

    <p class='ocr_par' dir='ltr' id='par_1_14' title="bbox 1159 2737 2056 3508">
     <span class='ocr_line' id='line_1_53' title="bbox 1216 2737 2010 2792; baseline 0.006 -14"><span class='ocrx_word' id='word_1_296' title='bbox 1216 2740 1281 2779; x_wconf 78' lang='lat'>52.</span> <span class='ocrx_word' id='word_1_297' title='bbox 1314 2737 1509 2792; x_wconf 77' lang='lat' dir='ltr'>Spemque</span> <span class='ocrx_word' id='word_1_298' title='bbox 1543 2740 1697 2780; x_wconf 83' lang='lat' dir='ltr'>docens</span> <span class='ocrx_word' id='word_1_299' title='bbox 1723 2741 1857 2781; x_wconf 78' lang='lat' dir='ltr'>docte</span> <span class='ocrx_word' id='word_1_300' title='bbox 1891 2745 2010 2783; x_wconf 84' lang='lat' dir='ltr'>vocis</span> 
     </span>
     <span class='ocr_line' id='line_1_54' title="bbox 1159 2802 2011 2860; baseline 0.005 -16"><span class='ocrx_word' id='word_1_301' title='bbox 1159 2805 1320 2844; x_wconf 82' lang='lat' dir='ltr'>amicus</span> <span class='ocrx_word' id='word_1_302' title='bbox 1334 2803 1471 2843; x_wconf 82' lang='lat' dir='ltr'>babet.</span> <span class='ocrx_word' id='word_1_303' title='bbox 1486 2802 1594 2845; x_wconf 81' lang='lat' dir='ltr'>Haec</span> <span class='ocrx_word' id='word_1_304' title='bbox 1608 2802 1734 2845; x_wconf 88' lang='lat' dir='ltr'>nihili</span> <span class='ocrx_word' id='word_1_305' title='bbox 1746 2814 1848 2847; x_wconf 85' lang='lat' dir='ltr'>sunt</span> <span class='ocrx_word' id='word_1_306' title='bbox 1865 2820 1874 2847; x_wconf 88' lang='lat'>:</span> <span class='ocrx_word' id='word_1_307' title='bbox 1889 2804 2011 2860; x_wconf 86' lang='lat' dir='ltr'>quin·</span> 
     </span>
     <span class='ocr_line' id='line_1_55' title="bbox 1164 2869 2015 2927; baseline 0.002 -16"><span class='ocrx_word' id='word_1_308' title='bbox 1164 2884 1248 2926; x_wconf 92' lang='lat' dir='ltr'>que</span> <span class='ocrx_word' id='word_1_309' title='bbox 1267 2876 1436 2910; x_wconf 81' lang='lat' dir='ltr'>veteres</span> <span class='ocrx_word' id='word_1_310' title='bbox 1454 2870 1615 2912; x_wconf 81' lang='lat' dir='ltr'>decens.</span> <span class='ocrx_word' id='word_1_311' title='bbox 1643 2869 1793 2914; x_wconf 84' lang='lat' dir='ltr'>Scribe</span> <span class='ocrx_word' id='word_1_312' title='bbox 1814 2872 2015 2927; x_wconf 80' lang='lat' dir='ltr'>Spemque</span> 
     </span>
     <span class='ocr_line' id='line_1_56' title="bbox 1166 2935 2017 2979; baseline 0.002 -3"><span class='ocrx_word' id='word_1_313' title='bbox 1166 2937 1315 2976; x_wconf 83' lang='lat' dir='ltr'>decens</span> <span class='ocrx_word' id='word_1_314' title='bbox 1330 2935 1463 2974; x_wconf 81' lang='lat' dir='ltr'>doctae</span> <span class='ocrx_word' id='word_1_315' title='bbox 1477 2939 1596 2976; x_wconf 68' lang='lat' dir='ltr'>vocis</span> <span class='ocrx_word' id='word_1_316' title='bbox 1607 2940 1787 2978; x_wconf 85' lang='lat' dir='ltr'>amictus</span> <span class='ocrx_word' id='word_1_317' title='bbox 1802 2937 1939 2978; x_wconf 79' lang='lat' dir='ltr'>habet.</span> <span class='ocrx_word' id='word_1_318' title='bbox 1961 2936 2017 2979; x_wconf 85' lang='lat' dir='ltr'>In</span> 
     </span>
     <span class='ocr_line' id='line_1_57' title="bbox 1166 2997 2020 3054; baseline 0.001 -13"><span class='ocrx_word' id='word_1_319' title='bbox 1166 2999 1260 3054; x_wconf 87' lang='lat' dir='ltr'>ipso</span> <span class='ocrx_word' id='word_1_320' title='bbox 1279 2997 1437 3040; x_wconf 87' lang='lat' dir='ltr'>amictu</span> <span class='ocrx_word' id='word_1_321' title='bbox 1463 3014 1512 3041; x_wconf 88' lang='lat' dir='ltr'>ac</span> <span class='ocrx_word' id='word_1_322' title='bbox 1534 3007 1633 3054; x_wconf 86' lang='lat' dir='ltr'>toga</span> <span class='ocrx_word' id='word_1_323' title='bbox 1656 2999 1863 3043; x_wconf 86' lang='lat' dir='ltr'>decenter</span> <span class='ocrx_word' id='word_1_324' title='bbox 1884 3016 2020 3043; x_wconf 86' lang='lat' dir='ltr'>com-</span> 
     </span>
     <span class='ocr_line' id='line_1_58' title="bbox 1170 3062 2022 3120; baseline 0.004 -16"><span class='ocrx_word' id='word_1_325' title='bbox 1170 3062 1324 3120; x_wconf 82' lang='lat' dir='ltr'>plicata</span> <span class='ocrx_word' id='word_1_326' title='bbox 1356 3062 1445 3117; x_wconf 81' lang='lat' dir='ltr'>jam</span> <span class='ocrx_word' id='word_1_327' title='bbox 1474 3078 1570 3118; x_wconf 87' lang='lat' dir='ltr'>spes</span> <span class='ocrx_word' id='word_1_328' title='bbox 1596 3073 1662 3107; x_wconf 81' lang='lat' dir='ltr'>est</span> <span class='ocrx_word' id='word_1_329' title='bbox 1685 3062 1867 3107; x_wconf 77' lang='lat' dir='ltr'>eruditae</span> <span class='ocrx_word' id='word_1_330' title='bbox 1894 3065 2022 3107; x_wconf 84' lang='lat' dir='ltr'>vocis.</span> 
     </span>
     <span class='ocr_line' id='line_1_59' title="bbox 1176 3127 2056 3184; baseline 0.003 -14"><span class='ocrx_word' id='word_1_331' title='bbox 1176 3127 1475 3184; x_wconf 85' lang='lat' dir='ltr'>Quintilianus</span> <span class='ocrx_word' id='word_1_332' title='bbox 1504 3128 1658 3184; x_wconf 87' lang='lat' dir='ltr'>aliique</span> <span class='ocrx_word' id='word_1_333' title='bbox 1690 3131 1792 3172; x_wconf 86' lang='lat' dir='ltr'>artis</span> <span class='ocrx_word' id='word_1_334' title='bbox 1822 3130 2023 3174; x_wconf 74' lang='lat' dir='ltr'>oratoriae</span> <span class='ocrx_word' id='word_1_335' title='bbox 2051 3140 2056 3144; x_wconf 82' lang='grc'><em>“</em></span> 
     </span>
     <span class='ocr_line' id='line_1_60' title="bbox 1174 3191 2027 3248; baseline 0 -13"><span class='ocrx_word' id='word_1_336' title='bbox 1174 3191 1383 3248; x_wconf 87' lang='lat' dir='ltr'>magistri,</span> <span class='ocrx_word' id='word_1_337' title='bbox 1400 3207 1492 3233; x_wconf 93' lang='lat' dir='ltr'>non</span> <span class='ocrx_word' id='word_1_338' title='bbox 1508 3192 1746 3235; x_wconf 87' lang='lat' dir='ltr'>minimum</span> <span class='ocrx_word' id='word_1_339' title='bbox 1766 3192 2027 3247; x_wconf 26' lang='lat' dir='ltr'>reserreznos</span> 
     </span>
     <span class='ocr_line' id='line_1_61' title="bbox 1177 3257 2028 3302; baseline 0.002 -2"><span class='ocrx_word' id='word_1_340' title='bbox 1177 3258 1338 3302; x_wconf 89' lang='lat' dir='ltr'>docent</span> <span class='ocrx_word' id='word_1_341' title='bbox 1356 3257 1410 3300; x_wconf 91' lang='lat' dir='ltr'>ad</span> <span class='ocrx_word' id='word_1_342' title='bbox 1429 3258 1859 3302; x_wconf 83' lang='lat' dir='ltr'>commendationem</span> <span class='ocrx_word' id='word_1_343' title='bbox 1879 3268 2028 3302; x_wconf 85' lang='lat' dir='ltr'>orato-</span> 
     </span>
     <span class='ocr_line' id='line_1_62' title="bbox 1179 3320 2031 3380; baseline -0.002 -14"><span class='ocrx_word' id='word_1_344' title='bbox 1179 3323 1238 3366; x_wconf 90' lang='lat' dir='ltr'>ris</span> <span class='ocrx_word' id='word_1_345' title='bbox 1257 3356 1268 3377; x_wconf 95' lang='lat'>,</span> <span class='ocrx_word' id='word_1_346' title='bbox 1300 3330 1347 3364; x_wconf 83' lang='lat' dir='ltr'>ut</span> <span class='ocrx_word' id='word_1_347' title='bbox 1373 3320 1520 3379; x_wconf 78' lang='lat' dir='ltr'>togam</span> <span class='ocrx_word' id='word_1_348' title='bbox 1549 3322 1755 3367; x_wconf 89' lang='lat' dir='ltr'>decenter</span> <span class='ocrx_word' id='word_1_349' title='bbox 1781 3333 2031 3380; x_wconf 83' lang='lat' dir='ltr'>componat.</span> 
     </span>
     <span class='ocr_line' id='line_1_63' title="bbox 1183 3388 2033 3445; baseline 0 -14"><span class='ocrx_word' id='word_1_350' title='bbox 1183 3388 1409 3445; x_wconf 86' lang='lat' dir='ltr'>Superiori</span> <span class='ocrx_word' id='word_1_351' title='bbox 1426 3389 1558 3431; x_wconf 84' lang='lat' dir='ltr'>etiam</span> <span class='ocrx_word' id='word_1_352' title='bbox 1574 3405 1702 3433; x_wconf 84' lang='lat' dir='ltr'>versu</span> <span class='ocrx_word' id='word_1_353' title='bbox 1717 3399 1832 3433; x_wconf 78' lang='lat' dir='ltr'>recte</span> <span class='ocrx_word' id='word_1_354' title='bbox 1848 3390 1944 3432; x_wconf 86' lang='lat' dir='ltr'>libri</span> <span class='ocrx_word' id='word_1_355' title='bbox 1962 3405 2033 3431; x_wconf 79' lang='lat' dir='ltr'>ve·</span> 
     </span>
     <span class='ocr_line' id='line_1_64' title="bbox 1186 3455 2033 3508; baseline 0.002 -12"><span class='ocrx_word' id='word_1_356' title='bbox 1186 3464 1299 3496; x_wconf 85' lang='lat' dir='ltr'>teres</span> <span class='ocrx_word' id='word_1_357' title='bbox 1314 3488 1326 3508; x_wconf 92' lang='lat'>,</span> <span class='ocrx_word' id='word_1_358' title='bbox 1346 3458 1478 3497; x_wconf 83' lang='lat' dir='ltr'>silens</span> <span class='ocrx_word' id='word_1_359' title='bbox 1496 3458 1665 3505; x_wconf 84' lang='lat' dir='ltr'>adstat,</span> <span class='ocrx_word' id='word_1_360' title='bbox 1704 3472 1796 3498; x_wconf 88' lang='lat' dir='ltr'>non</span> <span class='ocrx_word' id='word_1_361' title='bbox 1817 3460 1954 3498; x_wconf 83' lang='lat' dir='ltr'>sileat.</span> <span class='ocrx_word' id='word_1_362' title='bbox 1973 3455 2033 3498; x_wconf 82' lang='lat' dir='ltr'>H-</span> 
     </span>
    </p>
   </div>
  </div>
 </body>
</html>
