2268 3848
470 387 918 444 TRISTIUM
958 388 1118 442 LIB.
1162 389 1210 442 I.
1253 386 1500 441 ELEG.
1547 387 1662 441 XI.
1887 386 1952 438 53

182 503 340 562 Hanc
367 502 411 562 si
435 502 759 581 contigerit,
788 502 992 562 meritae
1023 501 1177 563 cadet
1196 526 1343 581 ‚agna
1372 501 1672 562 Minervae:

262 600 388 658 Non
417 598 546 659 facit
576 598 643 658 ad
674 612 892 659 nostras
919 597 1098 658 hostia
1126 599 1300 680 major
1330 621 1479 681 opes.

186 693 303 753 Vos
329 717 576 776 quoque,
600 692 948 775 Tyndaridae,
976 717 1116 775 quos
1135 693 1247 754 haec
1272 694 1409 753 colit
1431 691 1635 764 insula,
1655 691 1878 761 fratta,
1903 707 1955 762 41³

266 787 435 861 Mite,
466 811 687 871 precor,
722 787 961 871 duplici,
991 812 1225 862 numen,
1254 789 1433 850 adeste
1463 789 1576 848 viae.

187 885 372 946 Altera
398 909 629 969 namque
658 901 813 969 parat
841 886 1227 969 Symplegadas
1260 887 1336 946 ire
1366 910 1466 970 per
1491 899 1692 958 πεῖθε,

268 983 526 1044 Scindere
552 983 832 1044 Bistonias
862 983 1029 1045 altera
1057 979 1263 1068 puppis
1289 1008 1478 1069 aquas.

185 1078 301 1139 Vos
329 1078 513 1153 facite,
545 1095 608 1140 ut
635 1095 858 1153 ventos,
891 1079 1010 1141 loca
1042 1105 1209 1164 quum
1241 1080 1446 1142 diversa
1474 1095 1745 1165 petamus,

265 1174 367 1236 Illa
398 1199 529 1237 suos
556 1176 753 1239 habeat
771 1223 785 1250 ‚
818 1200 917 1238 nec
944 1177 1128 1239 minus
1156 1176 1248 1238 illa
1278 1201 1424 1239 suos.
1905 1192 1958 1233 50

182 1314 328 1373 plures
345 1317 547 1375 3quidam
562 1320 675 1370 Hoc,
692 1318 758 1362 vei
773 1320 869 1364 Hic.
887 1319 1001 1377 Lege
1018 1352 1030 1375 ,

185 1383 312 1425 Hanc
327 1386 372 1426 se'
385 1388 612 1441 contigerit.
629 1385 793 1430 Hzms.

240 1447 306 1502 43.
319 1450 452 1493 Cadet
462 1466 575 1506 agna
588 1451 793 1495 Minerva».
813 1450 864 1494 In
879 1450 950 1494 lib.
964 1449 1030 1494 IV

186 1510 480 1570 Metamorph.
504 1529 676 1558 vaccam
703 1515 917 1559 Minerva
950 1531 1030 1559 so-

185 1573 306 1620 litam
328 1578 504 1621 mactari
527 1578 597 1623 ait.
617 1578 705 1623 sed
724 1579 812 1636 jam
833 1596 971 1637 quum
984 1579 1041 1623 in-

187 1641 382 1686 exsilium
397 1643 741 1699 proficisceretur
753 1677 766 1699 ,
787 1661 882 1689 eam
899 1661 1031 1702 pecu-

188 1706 272 1750 niae
290 1707 378 1750 vim
391 1739 404 1762 ‚
425 1723 509 1764 qua
529 1724 700 1754 vaccam
720 1725 866 1753 emere
891 1719 1032 1767 posset

189 1789 281 1817 non
306 1772 492 1819 habebat
513 1790 523 1818 :
553 1774 653 1819 ideo
686 1792 841 1834 agnam
867 1776 1027 1832 offert,

188 1845 339 1894 utpote
354 1838 477 1895 cuius
488 1839 701 1884 beneficio
714 1842 853 1886 salvus
865 1858 918 1886 eo
930 1858 1029 1899 per-

188 1903 370 1947 venerit.
392 1901 588 1949 CtorAn.

239 1969 305 2022 45.
322 1971 408 2012 Vos
416 1985 585 2026 quoque,
599 1971 856 2029 Tyndarida.
875 1969 1031 2016 Castor

188 2039 232 2075 et
249 2032 424 2088 Pollux,
443 2033 627 2078 numina
645 2034 828 2078 nautica.
844 2035 974 2078 Mun.

239 2098 304 2154 47;
316 2098 615 2156 Symplegadas
624 2101 684 2143 ire
686 2115 765 2154 per
771 2100 1030 2144 altas.Ute1--

1114 1319 1181 1364 alii
1205 1337 1285 1376 per
1304 1329 1459 1368 arctas.
1490 1320 1653 1379 optime
1674 1335 1684 1363 t
1713 1319 1958 1364 Priscianus

1113 1384 1329 1443 Periegesi
1342 1419 1354 1440 ,
1371 1387 1440 1428 hic·
1460 1394 1558 1429 sun!
1574 1386 1867 1442 Symplegades
1888 1400 1961 1426 ar-

1110 1458 1214 1503 c!e‚·
1244 1459 1287 1494 et
1308 1460 1454 1507 postea
1480 1467 1491 1493 ε
1519 1468 1540 1486 κ
1571 1449 1610 1493 E
1641 1449 1816 1506 regione
1848 1449 1958 1504 jacet

1111 1515 1228 1559 locus
1237 1515 1304 1560 hic
1317 1515 1629 1576 Symplegados
1641 1524 1778 1559 arcte.
1793 1533 1812 1550 υ
1825 1514 1958 1558 Sene·

1111 1595 1175 1634 ca,
1197 1580 1389 1623 Hercule
1404 1580 1661 1633 Furentefl.
1675 1594 1841 1622 121021(
1859 1594 1954 1634 quae

1112 1653 1297 1701 pontum
1313 1644 1504 1704 Scythen
1522 1642 1773 1703 Symplegas
1782 1651 1959 1686 arctat.»

1113 1709 1275 1753 Statius
1291 1742 1302 1764 ‚
1323 1709 1463 1753 Theb.
1478 1710 1520 1750 V
1535 1742 1548 1764 ,
1569 1726 1643 1752 ora
1658 1717 1761 1752 sunt
1778 1710 1959 1766 Cyaneis

1112 1780 1279 1816 arctata
1289 1776 1425 1817 vadis.
1440 1772 1650 1829 Sequenti
1669 1788 1794 1816 versu
1811 1805 1820 1822 ‚
1851 1773 1963 1813 Bis—

1111 1841 1281 1882 tom‘das
1298 1854 1430 1895 aquas
1451 1854 1528 1895 pro
1551 1840 1774 1881 Bistonias
1792 1836 1957 1893 primus

1112 1904 1348 1952 vaticanus
1369 1921 1379 1955 ;
1413 1904 1471 1948 sic
1506 1903 1577 1947 libf
1608 1904 1650 1947 Η
1684 1902 1737 1945 de
1776 1903 1922 1946 Ponto
1942 1934 1954 1956 ,

1112 1967 1233 2023 Eieg.
1250 1982 1295 2011 lx
1317 2001 1330 2023 ,
1358 1984 1465 2012 vers.
1485 1972 1536 2022 54
1554 1984 1564 2010 ι
1585 1986 1606 2004 κ
1624 1967 1814 2011 Bistonis
1831 1966 1958 2022 inge-

1111 2034 1186 2077 nio
1202 2043 1315 2078 terra
1332 2033 1516 2091 superba
1535 2042 1610 2076 tuo
1627 2041 1703 2076 est.
1716 2051 1735 2068 υ
1750 2032 1854 2075 Mox
1870 2047 1959 2074 ma·

1109 2099 1187 2143 lim
1201 2103 1295 2143 loca
1306 2116 1427 2156 quum
1440 2102 1813 2154 dt'uersapetantur,
1823 2112 1954 2153 quam

188 2175 272 2227 que
281 2161 506 2219 Pontiani,
521 2163 800 2221 primvatic.
815 2164 1027 2221 multique
1101 2174 1307 2220 petamus.
1330 2165 1494 2209 Hmns.

788 2387 1178 2488 ELE'GIA
1226 2419 1357 2487 xl.

739 2680 1413 2736 ARGUMENTUM.

193 2811 378 2858 Excusat
390 2829 435 2859 se
452 2814 637 2860 Ovidius
649 2849 661 2871 ‚
680 2817 713 2860 si
730 2817 836 2873 quid
857 2817 971 2861 forte
987 2818 1031 2860 in
1052 2818 1147 2875 ejus
1158 2818 1351 2862 carmine
1363 2817 1576 2863 incultum
1591 2820 1742 2875 fuerit,
1755 2831 1798 2866 et
1809 2821 1954 2865 minus

245 2884 416 2942 elegans
434 2904 446 2939 ;
467 2886 722 2943 culpamque
742 2886 872 2944 hujus
894 2888 954 2931 rei
975 2903 1153 2931 omnem
1173 2887 1312 2944 rejicit
1332 2888 1377 2930 in
1398 2897 1701 2946 tempestatem
1720 2890 1956 2946 etfluctus,
1971 2942 1988 2949 ἢ

243 2957 399 3014 quibus
417 2959 762 3017 obstrepentibus
776 2990 788 3013 ,
814 2975 858 3002 se
877 2958 968 3003 haec
986 2958 1198 3015 scripsisse
1217 2969 1376 3002 narrat.

191 3079 475 3166 LITERA
508 3127 858 3188 quaecumque
887 3120 969 3165 est
991 3119 1108 3165 toto
1143 3103 1243 3165 tibi
1272 3105 1411 3168 lecta
1435 3105 1651 3179 libello,

268 3199 371 3260 Est
394 3198 530 3259 mihi
555 3197 797 3259 sollicitae
825 3214 1066 3282 tempore
1093 3199 1233 3259 sacta
1261 3199 1375 3259 viae.

189 3294 307 3355 Aut
331 3293 471 3354 hanc
499 3317 610 3367 me,
639 3289 809 3373 gelidi
826 3309 1105 3356 tremerem
1134 3320 1303 3378 quum
1326 3320 1510 3358 mense
1537 3297 1866 3373 decembris,

244 3441 284 3484 3.
313 3440 405 3483 Aut
430 3442 517 3484 ᾗσι·
541 3456 624 3491 me,
661 3443 797 3496 gelido
818 3448 1028 3499 ‘tremerem
1107 3458 1197 3492 res;
1219 3442 1443 3496 decembris
1461 3443 1590 3487 etiam
1611 3444 1737 3501 prim.
1753 3444 1951 3488 vatican.

192 3522 313 3561 quum
330 3522 467 3550 mense
489 3508 700 3551 decembri.
722 3508 848 3550 Hanc
872 3507 1026 3551 melio-

1108 3507 1333 3554 Barberin.
1352 3518 1395 3555 et
1410 3510 1731 3567 Rouendorph.
1753 3511 1864 3568 Lege
1882 3527 1952 3566 ge-
