2280 3776
265 326 374 383 366

726 326 788 377 P.
843 323 1146 379 OVIDII
1195 321 1619 378 NASONIS‘

352 442 663 521 Junctaque
691 438 759 496 ad
788 461 1072 520 aequoreos
1103 452 1228 498 vota
1257 437 1446 499 tulisse
1477 439 1661 499 Deos:
1981 457 2035 511 40

270 543 344 601 Et
370 537 535 598 modo
563 559 650 595 res
676 534 849 612 egisse
877 534 1070 607 simul3
1102 535 1269 595 modo
1292 535 1581 605 rursusab
1611 534 1718 594 illis
1735 580 1749 606 ,

353 637 610 714 Quorum
637 655 751 690 non
779 631 1014 714 pudeat,
1046 654 1208 715 posse
1239 632 1436 692 referre
1460 633 1630 714 jocos,

271 735 400 792 Haec
431 729 531 791 tibi
562 729 608 788 si
638 729 899 802 subeant,
930 729 1107 789 absim
1137 729 1294 801 licet,
1327 729 1583 789 omnibus
1608 727 1759 789 horis

357 831 501 889 Ante
531 843 655 888 tuos
688 826 902 898 oculos,
935 843 998 887 ut
1023 827 1188 887 modo
1216 822 1395 898 visus,
1427 850 1539 887 er0.

278 927 404 1008 Ipse
438 924 654 1007 quidem
685 924 907 984 extremi
939 940 1108 1006 quum
1140 923 1243 983 sim
1272 923 1377 982 sub
1404 922 1623 982 cardine
1641 922 1864 994 mundi,
1987 938 2040 992 45

354 1021 470 1101 Qui
496 1020 959 1103 semperliquidis
987 1018 1150 1079 altior
1181 1032 1360 1079 exstat
1387 1019 1545 1100 aquis
1563 1065 1578 1091 ,

276 1121 356 1178 Te
387 1133 567 1178 tamen
596 1118 843 1190 intueor,
877 1141 986 1199 quo
1017 1115 1140 1176 solo
1167 1130 1388 1198 pectore
1417 1138 1643 1198 possum
1663 1161 1678 1188 ,

354 1219 429 1277 Et
458 1231 633 1276 tecum
658 1215 838 1294 gelido
870 1239 1010 1298 saepe
1041 1215 1145 1275 sub
1177 1237 1273 1275 axe
1302 1213 1519 1297 loquor.

279 1316 383 1375 Hie
411 1339 501 1386 eS,
536 1330 587 1373 et
612 1314 860 1393 ignoras,
888 1328 942 1374 et
971 1313 1100 1373 ades
1128 1312 1514 1372 celeberrimus
1543 1312 1780 1372 absens·
1769 1359 1781 1383 ,

356 1411 546 1516 Inque
562 1409 731 1469 Getas
761 1408 935 1469 media
967 1408 1116 1467 visus
1144 1407 1211 1468 ab
1242 1407 1379 1467 urbe
1406 1406 1573 1466 venis.
1993 1422 2047 1463 50

271 1503 470 1594 XRedde
498 1504 695 1574 vicem3
722 1518 802 1574 et,
837 1502 1098 1585 quoniam
1128 1501 1279 1580 regio
1309 1491 1559 1561 felicioi·
1544 1514 1649 1561 lsta
1678 1514 1789 1571 est,

357 1599 479 1660 Illic
504 1623 590 1659 me
618 1599 846 1659 memori
872 1613 1092 1682 pectore
1120 1621 1334 1681 semper
1365 1598 1522 1657 habe.

277 1768 365 1795 uos.
397 1751 536 1794 Simul
568 1750 698 1793 fuisse
729 1751 775 1792 in
807 1750 951 1807 aliquo
971 1750 1123 1793 mortis

280 1816 473 1872 periculo
490 1849 501 1869 ,
535 1824 583 1858 ut
610 1828 690 1858 nos
708 1848 720 1869 ,
737 1815 824 1871 qui
854 1814 972 1857 inter
1001 1815 1124 1857 navi-

282 1880 473 1936 gaudum
488 1881 534 1922 in
547 1879 696 1922 Asiam
708 1895 830 1935 paene
845 1879 1123 1937 naufragium

276 1944 474 1988 fecimus.

335 2010 401 2062 40.
421 2011 580 2051 Juncta
601 2017 711 2052 vota.
730 2008 846 2052 Vota
867 2006 997 2050 simul
1013 2005 1124 2050 facta

278 2073 325 2116 in
347 2089 398 2116 ea
416 2082 684 2130 tempestate.

339 2140 406 2193 43.
431 2142 534 2182 Hoec
552 2142 634 2183 tibi
651 2141 895 2181 sisubeant.
918 2137 1027 2179 Haec
1052 2151 1126 2178 su-

287 2222 364 2262 pra
382 2205 495 2248 dicta
512 2203 643 2247 simul
662 2211 755 2246 acta
773 2203 807 2246 si
832 2201 909 2245 tibi
926 2202 972 2244 in
991 2217 1127 2245 men-

282 2282 373 2315 tem
400 2271 592 2314 veniant.
604 2286 660 2303 ··--
676 2273 762 2313 Hic
778 2273 857 2312 sim
876 2272 977 2312 licet
993 2272 1129 2312 omni-

285 2341 363 2380 bus
380 2342 517 2380 annis.
533 2339 700 2379 Absens
715 2334 916 2378 nonnulli
935 2343 1125 2386 veteres;

284 2406 419 2445 absim
446 2402 666 2445 Junianus
693 2416 704 2444 :
733 2410 864 2445 recte.
885 2400 1129 2444 Sarravian.

287 2472 423 2524 zpsam
437 2503 448 2518 ‚
468 2467 679 2512 mendose
703 2486 712 2519 ς
746 2468 930 2525 Arge-nt.
947 2470 1048 2510 IIcet
1062 2468 1131 2510 hic

289 2538 383 2576 sim.
410 2533 533 2576 Malo
565 2543 773 2590 praeterea
803 2542 904 2575 cum
939 2532 1132 2575 Rotten-

288 2598 443 2655 dorph.
460 2607 503 2641 et
525 2599 692 2642 duobus
716 2598 830 2652 aliis,
852 2600 1042 2640 omnibus
1054 2599 1132 2639 boa

287 2671 347 2708 tis
369 2680 381 2706 :
405 2664 462 2708 sic
482 2665 554 2708 lib.
576 2665 646 2707 III
662 2697 674 2718 ,
705 2664 825 2721 Eleg.
844 2677 890 2715 v,
911 2679 1019 2707 vers.
1043 2664 1130 2721 47:

289 2744 312 2765 «ε
335 2728 403 2771 Te
416 2729 498 2772 nisi
510 2729 746 2772 momentis
758 2728 886 2772 video
897 2742 1020 2785 paene
1038 2740 1134 2769 om·—

288 2792 415 2835 nibus
438 2793 602 2836 absens.
624 2812 645 2831 »
668 2794 725 2836 H.

346 2858 412 2929 44.
427 2858 499 2900 Is!
511 2861 633 2902 modo
647 2863 775 2902 velo-us.
796 2859 861 2903 Ita
882 2857 1135 2901 memineris

296 2921 384 2964 mei
400 2953 413 2975 ,
436 2923 554 2978 quasi
570 2923 696 2980 paulo
717 2933 816 2969 ante
830 2924 902 2968 abs
916 2932 960 2967 te
975 2922 1134 2966 disces-

291 2985 437 3028 serim
459 2987 600 3031 PoN'r.

1262 1753 1328 1805 45.
1340 1752 1438 1805 Ipse
1453 1752 1615 1805 quidem
1626 1758 1735 1793 certe
1745 1766 1866 1806 quum
1882 1754 1962 1792 st'm
1974 1754 2050 1792 sub

1205 1818 1375 1858 cardine
1394 1818 1547 1860 mundi.
1563 1815 1636 1859 Sic
1651 1815 1820 1873 Sarray.
1835 1831 1935 1859 cum
1955 1816 2051 1859 vul-

1206 1879 1313 1936 gatis
1334 1889 1375 1923 et
1398 1879 1632 1936 ex'scriptis
1666 1881 1815 1931 multi;
1845 1880 2051 1924 mendose

1205 1943 1321 1987 haud
1342 1944 1771 1989 dubie.Twisdenius
1786 1950 1900 1997 lolo;
1921 1946 2054 2002 quin—

1205 2022 1290 2064 que
1301 2016 1435 2060 cedo,-
1460 2009 1672 2066 Excerpta
1688 2009 1892 2067 Scaligeri
1906 2020 1950 2054 et
1965 2011 2054 2054 duo

1205 2091 1256 2117 ex
1300 2074 1458 2118 nostris
1498 2081 1674 2119 eaetoemi
1683 2090 1698 2127 ,·
1740 2076 1870 2119 etiam
1904 2077 2015 2119 bene
2044 2092 2055 2119 :

1205 2153 1319 2181 unus
1352 2152 1454 2182 cum
1499 2139 1800 2183 Arondeliano
1833 2150 2014 2184 extremo
2037 2155 2054 2193 ,⁰

1207 2213 1395 2259 quatuor
1404 2207 1582 2260 positus.
1605 2205 1665 2248 H.

1266 2270 1331 2324 46.
1355 2270 1501 2313 Altior
1514 2276 1659 2312 exstat
1673 2274 1808 2326 aquis.
1840 2270 1940 2313 Hoc
1961 2279 2024 2314 est
2039 2303 2050 2325 ,

1208 2333 1282 2389 qui
1293 2342 1522 2390 nunquam
1535 2334 1751 2392 mergitur
1765 2333 1964 2388 Oceano,
1981 2342 2056 2376 aut

1210 2399 1391 2452 occidit;
1418 2400 1791 2457 quemadmodum
1818 2408 1863 2443 et
1882 2400 1934 2443 de
1957 2399 2057 2443 stel-

1209 2465 1284 2521 lis,
1317 2482 1412 2523 quae
1435 2468 1547 2511 circa
1569 2467 1761 2511 eundem
1781 2477 1884 2511 sunt
1899 2501 1911 2521 ,
1945 2466 2056 2510 dixi-

1211 2545 1309 2573 mus
1328 2539 1457 2588 supra
1471 2530 1542 2575 lib.
1559 2532 1679 2576 Hinc
1697 2539 1742 2576 et
1756 2531 1907 2589 Vir-gil.
1923 2529 2051 2585 dixit,

1210 2593 1372 2652 Geni-g.
1394 2597 1441 2651 1,
1465 2603 1574 2640 vers.
1603 2599 1681 2651 2'42‘
1711 2613 1722 2640 :
1752 2597 1890 2640 «Hic
1909 2602 2056 2639 vertex

1212 2659 1338 2704 nobis
1352 2674 1525 2719 semper
1534 2662 1745 2721 sublimis,
1760 2669 1804 2705 at
1821 2662 1944 2704 illum
1962 2659 2054 2703 Sub

1215 2725 1398 2782 pedibus
1424 2726 1536 2786 Styx
1554 2728 1647 2770 atra
1668 2726 1836 2770 videt>

1270 2792 1336 2832 50.
1361 2792 1523 2835 Missus
1551 2795 1608 2834 ab
1626 2794 1722 2835 urbe
1744 2793 1873 2834 vem's.
1901 2791 2057 2832 Jussus

1217 2855 1390 2900 Sari-av.
1409 2857 1591 2914 Argentz
1606 2866 1650 2901 et
1661 2865 1758 2901 octo
1772 2851 1840 2899 alu
1852 2869 1865 2908 3
1881 2854 2057 2912 plurimi

1212 2926 1357 2974 visus,
1390 2921 1507 2980 quod
1530 2931 1687 2980 sequor
1707 2940 1718 2969 :
1739 2921 1950 2979 superiori
1967 2936 2059 2964 ver-

1216 2991 1267 3031 s'u
1277 3020 1290 3043 ,
1305 3002 1386 3043 pro
1402 2990 1483 3030 sed
1494 2988 1620 3040 ades,
1650 2988 1851 3031 meliores
1868 2994 1913 3030 et
1919 2989 2032 3030 ades.
