2280 3776
241 282 350 359 494
663 284 999 339 PETRUS
1042 284 1580 347 BURMANNUS

239 400 379 479 Quae
407 416 569 479 negat
595 400 902 478 ingenium,
930 400 1075 461 bona
1108 404 1346 464 carmina
1375 429 1537 468 causa
1563 409 1867 486 ministret,

315 498 592 579 Armaque
620 519 724 578 pro
756 497 953 557 misero
981 497 1074 558 det
1101 499 1237 559 mihi
1268 516 1386 563 vate
1417 504 1592 565 dolor.

235 594 416 653 Caesar
442 593 740 652 inhumano
772 594 1026 655 Busiride
1056 598 1277 670 saevior,
1313 614 1366 659 et
1396 602 1491 684 qui

314 689 589 747 Innocuos
614 685 763 746 lento
793 688 994 748 torruit
1020 689 1148 767 igne
1172 716 1325 765 reOS,
1955 721 2011 763 60

233 788 380 846 Tene
407 799 616 867 patrem
649 785 865 867 patriae,
900 802 1338 870 servatoremque
1369 791 1680 869 Quiritum,

311 883 468 942 Dixit
495 881 740 943 adulanti
767 883 931 943 Curia
963 906 1114 944 serva
1144 909 1281 945 sono
1307 887 1333 946 Ρ

234 982 292 1040 Si
322 981 502 1065 pudor
519 1027 534 1051 ,
564 979 815 1040 Actiacas
847 981 913 1040 de
938 980 1129 1042 limine
1157 982 1324 1064 dejice
1352 982 1567 1058 lauros,

315 1076 585 1159 Civilique
616 1091 795 1137 truces
825 1078 975 1156 tinge
1004 1102 1198 1139 cruore
1227 1078 1391 1140 fores,

231 1174 513 1251 Quercea,
545 1186 788 1233 servatos
818 1173 961 1233 cives
989 1175 1247 1246 mentita,
1274 1199 1474 1237 corona
1593 1198 1603 1217 ⁵
1955 1200 2011 1242 65

310 1270 599 1331 Terribilis
632 1271 750 1331 dira
777 1272 922 1350 regis
951 1272 1020 1332 ab
1053 1297 1174 1333 arce
1208 1273 1381 1334 cadat.

231 1368 441 1428 Efferet
465 1368 700 1428 edictum
728 1384 916 1451 postes
943 1369 1178 1431 immane
1202 1372 1442 1454 tyranni,

313 1465 444 1544 Quo
473 1466 603 1544 fuga
628 1466 839 1526 Nasoni
859 1467 1012 1548 jussa
1040 1484 1264 1529 cruenta
1293 1469 1417 1529 fuit.

233 1563 356 1622 Hoc
386 1561 557 1640 legat3
592 1577 672 1634 et,
704 1577 878 1623 vatem
908 1564 1206 1638 miserans,
1240 1564 1520 1626 clementis
1550 1565 1807 1652 adeptuS,

312 1657 613 1717 Posteritas
631 1705 644 1730 ,
677 1656 875 1717 samam
903 1659 1172 1743 principis
1200 1660 1377 1733 unde,
1406 1676 1580 1739 roget.
1955 1693 2008 1737 7⁰

229 1757 388 1814 Tune
418 1755 683 1837 Cytherea
712 1755 938 1816 deducis
966 1756 1175 1836 origine
1204 1757 1429 1841 stirpem
1447 1804 1462 1830 ,

315 1854 531 1922 Caesar?
557 1870 611 1914 et
638 1854 800 1914 Idalii
826 1854 993 1914 frater
1020 1855 1246 1916 Amoris
1276 1858 1442 1918 eras?

229 1953 321 2012 An
346 1951 472 2034 pius
498 1951 753 2011 Anchisae
779 1953 991 2030 generis
1022 1951 1127 2013 tibi
1153 1951 1300 2014 filius
1326 1957 1558 2016 auctor?

312 2046 428 2125 Qui
458 2045 657 2106 Veneri
685 2069 869 2106 carum
897 2045 1056 2129 pellis
1085 2048 1157 2106 ab
1189 2047 1327 2108 urbe
1354 2065 1535 2131 caput.

229 2145 309 2202 Te
339 2141 469 2224 lupa
487 2188 502 2213 ‚
536 2141 860 2220 Martigenae
889 2166 1008 2224 quae
1037 2142 1277 2225 praebuit
1302 2143 1472 2204 ubera
1501 2143 1684 2228 proli,
1955 2164 2007 2221 75
2040 2179 2043 2183 ’

313 2240 583 2300 Caucasea
613 2239 804 2316 genuit
833 2253 887 2298 te
913 2238 1028 2299 fera
1054 2255 1225 2300 matre
1254 2241 1409 2320 tigris
1420 2266 1442 2311 r:

229 2336 549 2417 Romaque,
580 2349 632 2394 te
663 2334 915 2407 domino,
948 2350 1157 2419 septem
1188 2335 1255 2396 de
1286 2335 1523 2399 collibus
1552 2337 1730 2399 undas

309 2434 416 2492 Per
441 2431 682 2492 medium
709 2431 846 2491 vidit
874 2433 1158 2511 sanguinis
1186 2433 1265 2494 ire
1292 2433 1492 2495 forum.

226 2532 485 2593 Caedibus
511 2531 633 2615 ipsa
660 2531 839 2590 Deum
867 2530 1198 2591 maduerunt
1228 2530 1462 2615 templa3
1495 2534 1737 2594 cruentis

310 2629 545 2690 Incaluit
575 2628 747 2707 guttis
778 2628 1007 2689 Caesaris
1035 2652 1127 2689 ara
1154 2627 1344 2711 patris,
1950 2647 2006 2689 80

227 2728 343 2787 Nec
370 2723 500 2784 satis
528 2724 636 2782 hoc
664 2722 768 2783 tibi
785 2770 800 2795 ,
831 2722 948 2783 dire
966 2770 981 2796 ,
1013 2723 1123 2783 fuit
1145 2749 1158 2782 :
1183 2737 1271 2783 tot
1293 2722 1486 2783 funera
1509 2737 1746 2786 mentem

308 2820 512 2880 Tristia
537 2844 651 2880 non
680 2835 937 2903 poterant
963 2818 1486 2885 exsaturare-feram.

229 2917 461 2978 Artibus
485 2917 711 2977 exitium
741 2917 1050 3000 studiisque
1078 2917 1312 2976 immane
1334 2916 1568 2999 parabas
1583 2962 1600 2990 ,

310 3019 385 3076 Et
410 3014 610 3075 famula
639 3015 832 3076 doctas
864 3016 1004 3075 urbe
1032 3014 1227 3094 fugare
1254 3015 1414 3074 DeaS.

228 3112 448 3172 Scilicet
475 3112 590 3172 haec
616 3111 704 3172 lex
734 3127 816 3173 est
842 3111 1101 3173 violentis
1126 3135 1236 3171 una
1261 3111 1536 3193 tyrannis,
1947 3127 2002 3170 85

310 3209 523 3285 Ingenii
550 3207 724 3269 claros
754 3208 950 3269 tollere
981 3208 1116 3268 dote·
1133 3207 1298 3268 viros.

227 3306 319 3366 Sic
346 3305 583 3365 animosa
610 3330 832 3388 parens,
869 3322 924 3368 te
951 3306 1354 3391 proscribente,
1384 3307 1559 3369 securi

310 3401 528 3462 Tullius
559 3400 762 3484 eloquii
792 3402 929 3463 colla
957 3403 1188 3465 secanda
1213 3402 1388 3477 dedit;
