2280 3776
421 304 876 361 TRISTIUM
925 304 1090 361 LIB.
1144 306 1269 361 111.
1329 307 1578 364 ELEG.
1616 310 1731 365 IV.

1862 303 1990 364 113'

285 420 502 483 Stultus
528 419 806 482 Achilleos
828 443 943 481 non
969 420 1270 483 adamasset
1298 444 1503 506 equos:

203 519 318 579 Nec
347 532 536 578 natum
561 518 618 577 in
647 516 858 578 flamma
889 515 1140 589 vidisset,
1172 517 1228 576 in
1255 517 1449 578 arbore
1477 533 1662 592 natas,

222 651 225 660 ,
289 613 536 696 Cepisset
563 610 776 691 genitor
803 611 850 672 si
881 611 1227 673 Phaethonta
1253 614 1499 696 Merops.
1918 632 1969 673 30

203 707 287 767 Tu
318 730 540 791 quoque
566 705 799 767 formida
828 705 1060 767 nimium
1085 706 1339 768 sublimia
1368 731 1605 793 semper;

285 803 677 887 Propositique
707 825 915 863 memor
943 802 1204 864 contrahe
1232 803 1347 865 vela
1379 805 1459 865 tui
1485 828 1498 865 :

205 902 345 962 Nam
372 900 511 985 pede
537 900 810 962 inoffenso
839 900 1076 984 spatium
1108 901 1390 963 decurrere
1416 902 1537 963 vitae

285 995 504 1075 Dignus
534 1019 618 1070 οε,
652 988 706 1057 et
730 997 844 1057 sato
870 995 1185 1058 candidiore
1213 996 1338 1058 frui.

207 1093 346 1172 Quae
376 1116 478 1176 pro
508 1108 560 1154 te
588 1108 649 1154 ut
679 1117 925 1165 voveam,
958 1092 1078 1153 miti
1104 1093 1305 1175 pietate
1332 1095 1585 1168 mereris,
1915 1115 1969 1156 35

287 1189 623 1270 Haesuraque
653 1188 790 1247 mihi
819 1201 1034 1270 tempus
1065 1187 1120 1246 in
1152 1211 1313 1247 omne
1340 1187 1463 1248 fide.

206 1282 336 1344 Vidi
366 1307 468 1363 ego
497 1299 550 1344 te
581 1282 673 1344 tali
696 1283 852 1344 vultu
882 1306 1000 1343 mea
1030 1282 1137 1343 fata
1168 1298 1466 1362 gementem
1486 1330 1501 1356 ‚

288 1378 523 1459 Qualem
553 1377 813 1440 credibile
842 1392 926 1439 est
953 1402 1046 1439 ore
1074 1378 1242 1441 fuisse
1264 1404 1385 1441 meo
1410 1405 1422 1443 :

208 1478 413 1539 Nostra
439 1491 560 1538 tuas
587 1475 699 1536 vidi
725 1474 987 1559 lacrymas
1017 1500 1181 1560 super
1206 1501 1302 1538 ora
1332 1478 1612 1553 cadentes,

288 1572 562 1655 Tempore
593 1593 727 1654 quas
757 1595 900 1646 uno,
932 1570 1150 1655 fidaque
1179 1572 1370 1647 verba,
1405 1572 1541 1634 bibi.
1922 1594 1977 1649 40

209 1740 460 1782 Eumenides
481 1746 525 1782 et
541 1739 774 1782 Emetrides
788 1772 798 1787 .
834 1747 878 1783 et
898 1737 1053 1783 similia

208 1801 368 1859 scripti.
388 1806 511 1846 Δόλων
523 1793 633 1859 Elusa&
643 1807 720 1851 δεος
734 1806 809 1852 debe
824 1803 1023 1846 Homero
1036 1833 1049 1856 ,

212 1865 262 1912 ll.
284 1875 332 1911 K.
354 1866 575 1909 Dolonem
594 1865 818 1924 designat,
844 1865 1053 1910 Eumedis

214 1932 357 1977 filium
374 1965 386 1988 ,
401 1931 554 1989 virgil.
570 1932 674 1976 AEn.
701 1933 790 1977 ΧΠ
808 1964 820 1986 ,
848 1934 940 1989 347.
966 1931 1054 1975 Hic

214 1998 294 2052 (ut
311 1996 381 2042 lib.
394 1997 437 2040 X
462 1996 582 2041 Iliad.
605 1996 751 2041 scribit
770 1995 939 2053 Hom.)
952 1996 1055 2040 mis-

209 2078 280 2107 sus
295 2062 535 2120 speculator
552 2062 604 2106 ad
619 2062 875 2107 Graecorum
889 2070 1025 2105 castra
1037 2094 1050 2117 ,

213 2135 360 2185 pactus
383 2143 463 2186 pro
494 2127 848 2171 remuneratione
875 2125 1053 2170 Achillis

214 2208 364 2250 equos,
375 2193 422 2236 in
432 2191 697 2237 Diomedem
710 2201 753 2236 et
767 2192 970 2250 Ulyssem
982 2190 1054 2234 in-

211 2256 343 2312 cidit,
365 2257 438 2315 qui
452 2256 721 2315 speculatum
739 2272 912 2313 quoque
933 2256 1054 2300 ibant

215 2324 268 2368 ad
292 2325 508 2382 Troianos
525 2324 609 2369 :illi
632 2323 841 2382 promissa
859 2323 1055 2380 impuni—

213 2399 299 2435 tate
316 2423 328 2445 ,
351 2391 647 2448 Troianorum
662 2390 837 2435 consilia
854 2389 905 2433 ab
922 2405 971 2431 eo
986 2389 1055 2432 di-

213 2455 357 2500 dicere
382 2471 393 2499 :
418 2455 534 2498 inter
555 2463 708 2502 caetera
726 2454 828 2498 facti
851 2454 1055 2498 certiores

214 2519 268 2563 de
290 2519 480 2563 adventu
499 2519 656 2574 Rhesi,
679 2518 897 2562 Dolonem
915 2517 1057 2560 inter-

213 2585 392 2638 ficiunt;
409 2585 631 2629 Thracum
646 2593 782 2628 castra
802 2581 1057 2638 adgrediun-

217 2659 311 2702 tur;
335 2649 437 2706 equi
458 2648 560 2692 inde
583 2647 756 2692 abducti
778 2656 893 2691 sunt.

268 2726 336 2774 ι).
359 2716 448 2758 Nec
472 2721 612 2756 natum
639 2715 885 2768 inflamma.
913 2712 1059 2756 Phae-

217 2778 371 2822 thonta
382 2777 582 2835 intelligit
596 2810 608 2832 ‚
626 2777 680 2820 de
694 2793 782 2834 quo
793 2777 978 2820 diximus
992 2793 1058 2821 su-

217 2861 306 2902 pra.
315 2843 468 2888 Dictus
478 2853 542 2887 est
549 2853 695 2887 autem
705 2845 921 2886 Phaethon
930 2859 953 2885 a
963 2843 1057 2886 luce

221 2910 384 2956 ardoris
403 2912 467 2956 sui
488 2924 510 2962 ·‚·
530 2920 578 2955 ut
603 2909 750 2955 scribit
770 2910 891 2954 Serv.
916 2918 1060 2968 ςιαεὶνος

219 2975 342 3019 enim
369 2975 562 3019 lucidum
591 2974 814 3032 significat.
849 2974 919 3017 Ab
950 2974 1059 3017 irato

221 3041 339 3084 enim
350 3039 465 3085 Jove
474 3039 659 3084 fulmine
678 3041 785 3084 ictus
800 3074 812 3095 ,
827 3040 873 3083 in
888 3040 1059 3084 Padum

221 3103 375 3149 cecidit
393 3136 405 3159 ,
443 3105 517 3160 qui
538 3106 590 3148 ab
614 3121 668 3148 eo
691 3107 905 3148 Eridanus
925 3122 1060 3162 graece

221 3169 517 3212 ‹licitum—In
539 3171 682 3211 arbore
699 3177 836 3211 natas.
857 3169 1062 3212 Heliades

223 3235 364 3291 accipe
389 3268 402 3290 ‚
447 3249 542 3289 quae
581 3234 627 3276 in
667 3234 847 3291 populos
885 3243 1063 3278 mutatae

223 3308 327 3343 sunt
340 3331 351 3352 ‚
375 3306 422 3341 ut
440 3307 596 3344 notum
611 3307 674 3342 est
690 3314 741 3341 ex
753 3297 945 3341 secundo
958 3297 1064 3342 Ovi-

225 3362 283 3406 dii
306 3362 601 3418 Metamorph.
913 3395 916 3398 Α

283 3427 348 3472 3ο.
373 3430 560 3482 (Σφὼ-,εει
575 3431 737 3482 genitor
746 3430 792 3470 ,η’
804 3427 1066 3471 Phaethonta

431 3511 581 3570 VII.

1133 1739 1312 1794 Merops.
1336 1737 1573 1797 Eleganter
1591 1738 1755 1784 dictum
1770 1756 1780 1783 z
1797 1740 1976 1798 Merops

1133 1802 1459 1847 Phaethontem
1475 1819 1566 1847 non
1579 1804 1707 1862 cepit,
1723 1805 1823 1862 quia
1840 1804 1980 1849 Phae·

1133 1867 1242 1911 thon
1255 1868 1309 1911 ad
1323 1869 1488 1924 majora
1500 1868 1758 1926 adspirabat,
1773 1886 1863 1913 non
1879 1887 1978 1914 cou-

1131 1940 1281 1976 tentus
1292 1932 1382 1977 'hoc
1399 1942 1519 1990 patre
1533 1966 1545 1988 ‚
1565 1950 1694 1989 seque
1710 1933 1823 1977 Solis
1838 1934 1976 1978 fitium

1133 1996 1303 2040 volebat
1314 1997 1446 2042 credi.
1461 1996 1580 2041 Cave
1593 1998 1725 2056 igitur
1737 1999 1976 2057 quidquam

1133 2062 1180 2106 in
1200 2063 1282 2108 hoc
1299 2063 1394 2107 loco
1407 2072 1551 2107 mutes
1569 2079 1672 2108 cum
1688 2064 1737 2108 iis
1750 2098 1762 2117 ‚
1778 2067 1852 2121 qui
1868 2067 1974 2109 He-

1132 2132 1269 2171 scisset
1286 2137 1522 2185 reponunt.
1535 2128 1597 2172 H.
1608 2151 1663 2161 —
1674 2132 1850 2172 Genitor
1869 2132 1974 2174 Me-

1130 2208 1237 2247 mps.
1265 2190 1501 2251 Clymenes
1522 2193 1704 2236 maritus
1718 2225 1730 2246 ,
1758 2203 1803 2236 et
1825 2193 1975 2238 Phae.-

1134 2255 1298 2300 thontis
1317 2265 1439 2313 pater
1457 2258 1687 2313 putativus.
1707 2258 1836 2301 Man,

1187 2323 1255 2365 32.
1273 2322 1558 2377 Pmpose'lique
1564 2337 1721 2376 precor.
1736 2323 1898 2367 ἤπυον
1905 2341 1975 2368 re·

1133 2385 1242 2429 etius
1259 2385 1472 2428 editiones
1491 2385 1740 2440 nonnulle,
1759 2396 1804 2430 et
1829 2389 1976 2446 scripti

1136 2460 1322 2508 quatuor
1341 2451 1454 2509 apud
1480 2467 1564 2495 me.
1591 2452 1649 2495 H.
1663 2456 1974 2509 —Pmpose‘u‘—

1134 2531 1212 2571 que
1220 2525 1458 2559 memoretc.
1478 2517 1578 2559 Non
1598 2517 1810 2573 significat
1829 2527 1976 2562 muta-

1135 2579 1300 2623 tionem
1313 2581 1502 2635 consilii,
1523 2589 1572 2641 ut
1586 2581 1757 2625 Merula
1772 2585 1974 2639 exponit,

1134 2645 1211 2689 sed
1239 2645 1585 2690 moderationem
1606 2663 1617 2690 z
1639 2656 1688 2691 ut
1714 2648 1769 2691 sit
1796 2665 1974 2695 sensus:

1135 2711 1366 2755 Moderata
1385 2729 1580 2770 propone
1594 2714 1697 2769 tibi,
1718 2731 1765 2758 ac
1780 2723 1978 2773 tempera

1136 2777 1439 2834 cupiditatibus
1462 2779 1567 2833 tuis,
1590 2794 1671 2833 ne,
1695 2778 1803 2822 dum
1823 2781 1975 2825 altiora

1135 2843 1327 2896 conaris,
1349 2844 1395 2886 in
1415 2844 1839 2901 periculumincidas.
1859 2849 1972 2892 Mle.

1191 2908 1259 2950 33.
1283 2909 1467 2962 §puteum
1494 2911 1706 2952 decurrere
1724 2915 1844 2962 w'loe‚·
1875 2912 1976 2967 qui-

1139 2971 1240 3015 dam
1248 2987 1481 3026 procurrere
1497 2972 1684 3025 habent;
1707 2974 1831 3016 male.
1849 2975 1977 3018 Prius

1140 3037 1258 3079 enim
1272 3070 1282 3086 ,
1308 3036 1353 3078 in
1375 3036 1502 3079 simili
1524 3037 1742 3080 locutione
1757 3070 1769 3089 ,
1794 3054 1976 3096 usurpa·

1139 3110 1245 3144 runt
1266 3117 1438 3158 semper
1457 3102 1684 3158 scriptores
1704 3103 1870 3158 optimi.

1194 3167 1259 3223 37.
1287 3168 1388 3208 Vide·
1400 3181 1476 3220 ego
1490 3175 1530 3207 te
1546 3170 1630 3209 tali
1637 3170 1765 3209 vultu.
1789 3167 1881 3211 Aut
1900 3171 1971 3210 Iu—

1140 3239 1208 3274 ctu
1228 3240 1291 3273 est
1309 3230 1543 3287 legendum
1557 3263 1569 3285 ,
1600 3241 1675 3273 aut
1698 3232 1977 3289 scribendum

1141 3312 1267 3339 versu
1293 3297 1559 3352 proximet«
1581 3297 1741 3353 Qualia
1772 3299 1977 3343 credibile

1142 3370 1206 3405 est
1220 3377 1294 3409 ora
1307 3362 1435 3405 fuisse
1455 3363 1575 3405 mihi.
1588 3381 1610 3400 ι»
1625 3363 1714 3407 Sed
1734 3365 1866 3420 priori
1879 3381 1977 3408 con·

1143 3426 1319 3483 jecturae
1342 3428 1507 3471 accedo.
1526 3429 1584 3471 H.

1726 3515 1758 3565 8
