2268 3848
300 242 368 296 32
746 244 810 299 P.
876 245 1174 302 OVIDII
1222 243 1606 304 NASONIS

297 356 398 419 Ille
425 357 624 420 habuit
654 359 926 444 fidamque
951 386 1172 423 manum
1189 410 1203 437 ‚
1237 363 1525 447 sociosque
1551 361 1766 437 fideles;

381 454 477 513 Me
507 453 805 536 profugum
833 456 1056 517 comites
1085 452 1501 519 deserueremei
1525 483 1539 519 ε

299 549 402 610 Ille
431 574 585 611 suam
615 550 770 611 laetus
797 553 1028 634 patriam
1054 554 1337 637 victorque
1364 555 1615 637 petebat3
2018 570 2075 614 65

380 649 432 708 A
465 650 641 732 patria
668 650 820 727 fugio
848 651 1024 712 victus
1054 666 1109 712 et
1135 651 1288 713 exsul
1320 677 1420 731 ego
1453 677 1466 712 :

300 745 414 805 Nec
442 745 577 804 mihi
607 744 930 806 Dulichium
955 747 1149 808 domus
1182 762 1292 821 est,
1323 749 1604 818 Ithaceve,
1637 747 1883 821 Sameve‚

382 840 550 899 Poena
580 839 784 922 quibus
811 865 926 900 non
951 857 1033 899 est
1063 843 1284 917 grandis
1314 842 1505 901 abesse
1535 840 1673 902 locis
1697 865 1711 913 ;

301 933 410 994 Sed
438 956 556 1016 quae
583 933 649 993 de
683 947 890 1015 septem
922 948 1101 993 totum
1130 934 1500 1017 circumspicit
1527 936 1717 995 orbem

383 1028 676 1089 Montibus
695 1076 710 1100 ‚
742 1029 959 1112 imperii
986 1032 1166 1090 Roma
1190 1031 1478 1114 Deumque
1506 1030 1661 1092 locus
1684 1056 1698 1092 :
2023 1060 2077 1104 7⁰

302 1127 393 1188 Illi
419 1152 623 1210 corpus
652 1142 764 1189 erat
793 1127 987 1188 durum
1016 1129 1340 1212 patiensque
1363 1129 1618 1191 laborum
1644 1154 1659 1203 ;

383 1223 639 1317 Invalidae
667 1225 807 1285 vires
839 1225 1199 1309 ingenuaeque
1225 1225 1363 1287 mihi
1387 1251 1401 1286 ε

301 1320 403 1381 Ille
430 1336 545 1381 erat
573 1320 798 1382 adsidue
829 1322 982 1382 saevis
1009 1322 1245 1400 agitatus
1274 1324 1331 1382 in
1358 1323 1551 1395 armis3

382 1418 663 1479 Adsuetus
692 1417 887 1480 studiis
913 1418 1176 1479 mollibus
1209 1420 1327 1503 ipse
1360 1420 1442 1480 sui
1468 1446 1480 1480 :

300 1515 397 1573 Me
423 1515 576 1574 Deus
606 1514 910 1596 oppressit,
939 1514 1096 1575 nullo
1126 1516 1264 1577 mala
1290 1531 1479 1578 nostra
1510 1513 1747 1588 levante;
2023 1528 2075 1587 75

380 1611 644 1672 Bellatrix
672 1610 750 1671 illi
778 1612 916 1671 Diva
945 1611 1155 1673 ferebat
1179 1637 1340 1696 opem
1367 1638 1379 1672 :

304 1710 603 1792 Quumque
628 1709 811 1769 minor
831 1710 969 1769 Jove
993 1710 1065 1770 sit
1089 1710 1314 1772 tumidis
1339 1711 1434 1794 qui
1462 1725 1654 1789 regnat
1678 1710 1736 1769 in
1760 1707 1952 1780 undiS‚

300 1873 429 1917 Polit.
441 1881 486 1916 et
504 1872 630 1930 prim.
645 1873 786 1916 Vatic.
803 1874 971 1916 Detulit
981 1874 1151 1916 Sarma-

299 1944 358 1984 tis
377 1957 452 1983 ora
467 1973 479 1992 ‚
498 1948 548 1983 ut
566 1940 637 1983 lib.
655 1941 719 1994 V,
738 1940 805 1983 El.
819 1953 899 1994 111,
918 1941 970 1983 8:
988 1958 1009 1977 «
1030 1941 1153 1983 Jun-

302 2013 370 2048 cta
383 2004 654 2049 tenetcrudis
664 2004 873 2049 Sarmatis
886 2020 963 2048 ora
974 2005 1108 2050 Getis.
1126 2023 1148 2044 ³>

305 2068 435 2112 Unus
451 2070 650 2112 Vatican.
671 2070 774 2111 Fors
792 2072 902 2112 tulit.

358 2134 424 2177 63.
445 2135 668 2189 Sociosque
670 2136 840 2191 fideles.
862 2134 987 2189 Tres,
1006 2137 1152 2191 fidos—

304 2217 380 2256 que
398 2202 569 2242 sodales
582 2213 596 2251 ;
609 2199 886 2243 tantumdem
907 2209 983 2243 est.
1004 2202 1070 2245 Ne
1088 2201 1152 2245 bis

301 2263 422 2306 idem
455 2263 569 2307 dicat
588 2296 600 2318 ,
637 2262 811 2307 videtur
840 2264 1119 2308 scribendum
1136 2299 1148 2316 ,

302 2339 513 2386 certosque
532 2332 725 2383 sodales,
756 2340 805 2374 ut
831 2331 945 2388 apud
965 2332 1152 2376 Martia-

304 2395 391 2438 lem
410 2398 535 2452 :fidis
552 2398 673 2440 bomo
688 2405 826 2440 certus
839 2402 1001 2442 amicat.
1015 2399 1091 2449 H„

358 2460 425 2517 67.
455 2462 552 2505 Non
586 2464 694 2503 mihi
721 2463 977 2506 Dulichium.
1009 2462 1149 2505 Duli—

304 2525 453 2569 chium
494 2524 634 2568 insula
672 2535 736 2569 est
774 2543 825 2569 ex
855 2526 1149 2570 Echinadibus

304 2606 392 2633 una
409 2623 420 2643 ‚
454 2605 548 2646 quae
569 2597 715 2646 postea
736 2592 923 2633 Dolicha
942 2591 1151 2648 appellata

301 2656 399 2699 suit.
417 2655 604 2710 Fuitque
623 2654 715 2698 haec
731 2654 871 2698 insula
883 2656 1027 2714 Ulyssi
1046 2657 1151 2699 sub-

305 2721 393 2763 dita
405 2752 416 2774 ,
435 2729 482 2762 ut
497 2719 624 2763 docet
635 2719 775 2762 Strab.
785 2722 989 2763 Ithaceue.
1003 2720 1149 2764 Ithaca

302 2784 442 2839 insula
460 2793 545 2838 est,
570 2800 666 2840 quae
687 2783 740 2827 ad
755 2784 890 2828 stadia
912 2786 965 2827 80
989 2786 1035 2828 in
1054 2786 1148 2829 cir—

303 2851 424 2894 cuitu
437 2858 566 2907 patet.
578 2849 782 2909 Corcyrae
793 2849 943 2893 insulae
952 2850 1149 2894 maximae

305 2916 472 2971 adjacet
496 2914 663 2957 Neritia
689 2914 846 2958 Ithacae
869 2915 993 2958 tellus
1016 2925 1149 2972 opta-

305 2982 466 3025 tissima
485 3013 496 3035 ‚
529 2989 573 3023 ct
592 2980 681 3036 ipsa
703 2980 868 3040 Ulyssis
890 2981 1039 3037 patria.
1059 2984 1149 3025 Sa-

303 3061 423 3088 meve.
444 3046 598 3088 Samos
617 3044 705 3087 sive
728 3045 883 3099 Same,
905 3045 1042 3088 insula
1061 3053 1147 3099 est,

305 3125 400 3165 quae
415 3108 519 3150 olim
532 3117 718 3164 quatuor
730 3108 982 3152 continebat
995 3109 1122 3152 urbes
1134 3140 1146 3162 ,

306 3189 356 3215 ex
375 3173 529 3228 quibus
549 3190 635 3216 una
655 3173 836 3227 Samus;
861 3173 1014 3217 eadem
1030 3206 1041 3228 ,
1069 3176 1152 3216 Ce-

297 3239 500 3293 phalem'a
522 3238 771 3293 appellatur.
792 3241 988 3282 Ithaceve
1005 3239 1148 3280 Same-

302 3318 360 3345 νε.
378 3302 548 3344 Samove
568 3302 694 3358 prim.
717 3304 976 3355 Vaticanus3
994 3302 1149 3359 reliqui

300 3367 527 3421 Summe,-
551 3375 786 3424 utrumque
812 3369 1012 3424 probum.
1040 3369 1100 3412 H.

1285 1875 1351 1918 68.
1366 1876 1497 1918 Poena
1509 1889 1591 1916 non
1601 1879 1669 1915 est
1672 1873 1858 1927 grandis.
1873 1871 1973 1913 Non
1988 1884 2076 1911 ma·

1231 1953 1314 1995 gna
1334 1938 1528 1982 molestia
1549 1945 1626 1980 est.
1646 1935 1827 1978 Etenim
1841 1949 1931 1976 non
1949 1933 2077 1975 urbes

1229 2012 1332 2047 sunt
1371 2019 1466 2060 quae
1504 2000 1745 2058 comparari
1780 1999 1943 2057 possint
1975 2013 2076 2040 cum

1231 2069 1338 2113 urbe
1353 2069 1496 2113 Roma
1513 2084 1524 2112 t
1545 2085 1569 2111 a
1587 2084 1670 2124 qua
1691 2068 1837 2111 abesse
1857 2080 2078 2109 summam

1230 2134 1354 2190 capio
1386 2132 1630 2177 molestiam
1652 2165 1668 2187 ,
1701 2141 1746 2175 et
1777 2131 1911 2174 vitam
1940 2131 2077 2186 ipsam

1231 2199 1368 2243 instar
1379 2198 1531 2242 mortis
1543 2197 1650 2240 mihi
1667 2213 1756 2241 esse
1770 2195 1896 2239 duco.
1912 2195 1968 2237 Et
1978 2193 2077 2236 vide

1232 2279 1364 2320 quam
1393 2271 1575 2306 venuste
1606 2261 1824 2305 contraria
1851 2258 2078 2304 contrariis

1230 2329 1275 2371 in
1308 2328 1509 2371 universa
1528 2327 1608 2371 hac
1628 2327 1694 2370 sui
1718 2334 1762 2369 et
1783 2324 1948 2384 Ulyssis
1977 2323 2078 2367 col-

1230 2395 1413 2448 latione,
1425 2393 1598 2444 ‚referat
1616 2410 1626 2437 ε
1645 2409 1741 2450 quae
1755 2393 1995 2450 plurimum
2010 2407 2078 2434 ar-

1231 2459 1284 2504 tis
1299 2469 1342 2503 et
1359 2459 1619 2516 eloquentiae
1638 2458 1813 2502 habent.
1838 2456 1968 2501 Clor.

1290 2542 1352 2580 72.
1365 2526 1568 2567 Invalida·
1581 2527 1688 2567 vires
1700 2526 1986 2579 ingeniumque
1996 2526 2078 2565 mi-

1230 2593 1288 2634 hi.
1305 2591 1421 2647 Lege
1442 2605 1542 2633 cum
1562 2589 1774 2647 plerisque
1791 2588 1957 2646 scriptis
1971 2621 1983 2641 ,
2007 2592 2077 2630 in·—

1227 2672 1470 2714 genuaequc·‚
1495 2664 1544 2699 ut
1564 2655 1675 2713 apud
1697 2655 1885 2698 Martial.
1910 2673 1930 2692 «
1947 2654 2076 2697 Vires

1230 2724 1431 2780 ingenuae
1447 2755 1458 2773 ,
1479 2721 1647 2766 salubre
1677 2736 1844 2776 corpus.
1876 2737 1898 2756 »
1920 2718 2044 2763 Idem
2061 2752 2074 2774 ,

1230 2787 1302 2831 lib.
1321 2788 1406 2840 ΙΙΙ,
1419 2787 1542 2843 Epig.
1557 2798 1678 2838 XLVI,
1693 2786 1720 2827 6
1732 2818 1744 2838 ‚
1763 2784 1853 2828 haec
1867 2783 1955 2826 duo
1966 2800 2077 2840 quo-

1232 2868 1315 2908 que
1331 2849 1556 2906 conjunxit
1575 2865 1622 2891 2«
1647 2847 1891 2892 Invalidum
1913 2857 1976 2890 est
1993 2864 2078 2889 no-

1229 2918 1294 2960 bis
1316 2918 1644 2972 ingenuumque
1667 2914 1788 2958 latus.
1814 2932 1836 2951 »
1859 2914 1982 2957 Idem
2005 2914 2075 2956 lib.

1231 2981 1349 3033 XII,
1381 2980 1503 3036 Epig.
1527 2994 1599 3033 lv,
1626 2979 1653 3021 6
1669 3011 1681 3032 ,
1704 2983 1921 3033 ingenuam
1942 2981 2077 3033 pigri·

1229 3049 1331 3087 liam
1353 3060 1524 3100 quoque
1551 3041 1670 3086 dixit.
1694 3043 1858 3085 HEINS.

1288 3112 1350 3168 74.
1366 3110 1411 3152 A
1411 3112 1581 3152 dsuetus
1592 3110 1761 3162 studiis;
1773 3110 1980 3150 adsiduus
1988 3107 2078 3150 fra-

1229 3183 1459 3232 gmentum
1482 3173 1609 3217 Revii
1631 3171 1978 3229 antiquissimum
2000 3205 2011 3226 ,
2030 3180 2077 3214 et

1229 3239 1363 3284 codex
1384 3240 1596 3282 Beruens.
1618 3254 1719 3280 cum
1742 3237 1934 3294 quinque
1955 3236 2043 3280 aliis
2060 3253 2073 3288 ;

1230 3304 1415 3360 eleganti
1434 3301 1693 3360 repetitione
1706 3333 1718 3355 ‚
1741 3309 1785 3345 et
1801 3301 1924 3358 cujus
1939 3300 2073 3363 glossa

1228 3368 1403 3414 videtur
1421 3371 1631 3413 adsuetus.
