2268 3848
218 317 286 390 78
668 311 735 363 P.
791 309 1098 365 OVIDII
1145 305 1542 363 NASONIS

294 428 371 487 Et
404 440 611 508 septem
635 439 852 507 portaS‚
887 423 990 484 sub
1025 422 1160 484 duce
1193 447 1467 507 quamque
1496 424 1641 484 suo?

1915 443 1996 484 320

216 526 330 585 Nec
358 523 498 583 mihi
528 522 808 582 materiam
836 519 1089 581 bellatrix
1122 524 1299 582 Roma
1329 522 1567 600 negabat
1592 547 1604 582 :

301 623 376 681 Et
401 621 529 704 pius
561 636 668 692 est,
702 618 890 703 patriae
919 619 1060 680 facta
1090 619 1316 692 referre,
1348 620 1524 682 labor.

223 717 511 798 Denique,
552 738 722 797 quum
750 713 960 774 meritis
992 714 1303 798 impleveris
1334 717 1547 791 omnia,
1579 718 1787 789 Caesar,

305 812 440 870 Pars
469 810 605 870 mihi
637 808 701 871 de
729 810 920 870 multis
951 835 1060 871 una
1090 813 1328 872 canenda
1352 812 1474 872 fuit.

224 910 412 989 thue
444 906 672 966 trahunt
700 906 892 967 oculos
920 906 1187 967 radiantia
1214 908 1423 969 lumina
1453 907 1599 970 Solis
1624 933 1637 982 ;

1925 923 2005 966 325

304 1001 630 1061 Traxissent
659 1000 901 1061 animum
931 1002 1007 1062 sic
1034 1017 1126 1062 tua
1156 1003 1297 1063 facta
1322 1027 1520 1064 meum.

226 1099 448 1176 Arguor
477 1096 783 1170 immerito;
816 1099 997 1159 tenuis
1026 1099 1163 1159 mihi
1194 1124 1418 1183 campus
1446 1115 1662 1161 aratur:

304 1194 454 1255 Illud
487 1210 601 1255 erat
628 1220 838 1275 magnae
867 1196 1168 1258 fertilitatis
1199 1222 1357 1282 opus.

228 1294 359 1353 Non
390 1292 514 1352 ideo
547 1292 711 1353 debet
738 1293 931 1376 pelago
961 1317 1019 1354 se
1050 1293 1295 1366 credere,
1327 1294 1374 1354 si
1404 1319 1512 1377 qua

304 1391 491 1451 Audet
517 1391 575 1450 in
607 1392 806 1469 exiguo
835 1392 1022 1452 ludere
1051 1392 1242 1475 cymba
1270 1392 1409 1453 lacu.
1927 1410 2011 1450 330

225 1488 485 1547 Forsitan
517 1502 569 1546 et
601 1487 882 1560 dubitem,
914 1489 1160 1550 numeris
1190 1489 1493 1551 levioribus
1519 1502 1682 1572 aptus

309 1586 426 1645 Sim
458 1586 621 1657 satis3
654 1586 712 1645 in
742 1610 944 1669 parvos
977 1586 1356 1671 sufficiamque
1384 1587 1599 1648 modos.

234 1684 312 1744 At
340 1683 387 1744 si
416 1706 503 1743 me
530 1682 725 1765 jubeas
756 1683 996 1744 domitos
1026 1685 1182 1745 Jovis
1211 1684 1339 1762 igne
1370 1684 1638 1762 Gigantas

314 1781 538 1853 Dicere;
573 1795 862 1840 conantem
895 1780 1210 1841 debilitabit
1241 1805 1402 1842 onus,

234 1877 437 1938 Divitis
467 1877 678 1956 ingenii
707 1892 792 1937 est
818 1876 1077 1937 immania
1106 1878 1334 1939 Caesaris
1363 1892 1480 1938 acta

1937 1893 2018 1936 335

323 1976 612 2049 Condere3
643 1974 870 2036 materia
897 1999 966 2035 ne
995 1989 1286 2058 superetur
1309 1998 1468 2057 opus.

236 2077 312 2135 Et
340 2090 524 2135 tamen
555 2098 723 2135 ausus
754 2097 899 2134 eram
925 2097 937 2133 ε
971 2074 1067 2134 sed
1094 2073 1394 2134 detrectare
1422 2071 1677 2143 videbar,

318 2173 604 2256 Quodque
635 2172 813 2245 nefas,
844 2171 1051 2231 damno
1074 2170 1288 2232 viribus
1316 2194 1435 2231 esse
1465 2170 1592 2231 tuis.

237 2270 328 2331 Ad
358 2269 474 2330 leve
500 2291 695 2330 rursus
726 2291 871 2351 opus
889 2314 904 2341 ,
929 2267 1189 2349 juvenilia
1218 2266 1482 2339 carmina,
1517 2265 1672 2337 veni;

235 2417 389 2451 mutua
403 2407 585 2451 vulnera
604 2406 794 2450 fratrum
809 2439 821 2460 ‚
843 2406 1030 2450 Eteoclis
1046 2414 1091 2449 et

236 2472 456 2532 Polynicis
470 2481 664 2515 mortem
676 2471 869 2528 intellige
880 2504 896 2526 ,
909 2471 982 2527 qui
997 2487 1090 2514 mu-

237 2547 314 2582 tuo
334 2539 423 2581 ictu
438 2537 633 2581 cecidere
653 2569 664 2591 ,
688 2545 739 2580 ut
751 2536 974 2580 Diodorus
990 2536 1090 2580 scri-

237 2603 299 2646 bit
316 2634 327 2656 ,
348 2611 392 2646 et
407 2602 570 2646 Statius
590 2602 767 2655 cecinit,
791 2618 842 2645 ex
865 2617 952 2658 quo
969 2600 1093 2644 The-

238 2669 405 2711 banum
422 2666 587 2711 bellum
610 2666 820 2723 designat.

294 2735 388 2779 320.
411 2735 496 2777 Sub
515 2736 620 2777 duce
644 2747 844 2789 quamque
862 2748 953 2774 suo,
981 2732 1096 2788 Sep-

241 2810 331 2844 tem
366 2800 489 2843 enim
521 2815 645 2857 reges
676 2808 830 2843 contra
867 2798 1095 2841 Eteocle-m

241 2880 322 2922 pro
350 2865 560 2924 Polynice
579 2863 885 2920 conspirarunt
899 2896 911 2918 ‚
937 2862 1095 2907 scilicet

243 2930 457 2973 Adrastus
477 2930 745 2986 Argivorum
759 2945 834 2971 rex
847 2961 859 2982 ‚
882 2928 1098 2985 Amphia—

246 3014 346 3040 raus
360 3030 372 3052 ,
390 2996 706 3054 Hippomedon
718 3029 729 3051 ,
747 2994 996 3053 Capaneus,
1010 2997 1097 3056 Ty-

245 3062 354 3105 deus
370 3095 381 3116 ,
402 3062 766 3118 Parthenopaeus,
784 3069 828 3104 et
843 3061 1071 3119 Polynices
1082 3093 1093 3114 ,

244 3143 326 3183 pro
347 3143 434 3183 quo
446 3127 609 3170 bellum
625 3136 796 3184 gestum
813 3135 898 3180 est,
923 3126 1098 3169 Adrasti

244 3190 382 3233 ductu
402 3200 446 3234 et
470 3191 676 3248 auspiciis.
698 3193 752 3235 In
773 3190 1097 3248 oppugnatione

244 3263 395 3297 autem
427 3255 680 3298 Thebarum
698 3291 709 3311 ,
749 3255 909 3300 horum
934 3256 1097 3299 ducum

247 3318 545 3375 unusquisque
560 3330 733 3377 portam
748 3320 828 3365 sibi
848 3336 1098 3378 oppugnan-

250 3383 354 3426 dam
377 3394 601 3428 sumserat.

302 3451 396 3493 321.
414 3451 511 3496 Non
529 3453 644 3495 mibi.
657 3453 746 3498 Nec
761 3451 975 3501 meliores,
989 3451 1049 3494 H.

1226 2406 1321 2451 328.
1340 2408 1462 2449 Illud
1476 2421 1592 2462 opus.
1613 2405 1698 2450 Vel
1717 2403 1882 2448 bellum
1902 2403 2026 2447 The-

1170 2474 1336 2517 banum
1354 2480 1398 2515 et
1411 2471 1598 2528 reliqua,
1613 2470 1682 2513 vel
1694 2469 1879 2527 Augusti
1895 2477 2024 2526 gesta.

1145 2587 1147 2591 ¹
1171 2537 1728 2592 M.-Magnaefbrt1'litatis.
1749 2535 1921 2592 Ingenii
1936 2534 2026 2577 fer-

1172 2603 1255 2647 tilis
1267 2634 1279 2656 ,
1299 2601 1445 2645 uberis
1464 2600 1642 2659 ingenii.
1662 2601 1843 2644 BERSM.

1228 2666 1324 2709 330.
1347 2667 1510 2708 Ludere
1535 2668 1715 2723 cymba5
1739 2679 1897 2708 currere
1919 2663 2026 2706 Μο-

1174 2731 1258 2774 reti
1279 2739 1323 2774 et
1342 2730 1519 2774 tresalii
1536 2747 1546 2782 ;
1571 2728 1646 2773 sed
1669 2737 1843 2785 praestat
1862 2731 2024 2778 ludere,

1176 2796 1292 2854 quod
1315 2795 1366 2839 fit
1381 2828 1393 2850 ,
1417 2810 1555 2851 quum
1581 2802 1726 2837 nautae
1751 2810 1830 2850 per
1856 2793 1995 2836 otium
2013 2827 2024 2846 ,

1176 2861 1230 2905 ad
1257 2858 1572 2903 ostentandam
1610 2858 1713 2900 artis
1745 2858 1946 2914 peritiam
1982 2866 2027 2901 et

1175 2927 1355 2972 navium
1367 2925 1636 2968 habilitatem
1651 2957 1662 2978 ,
1685 2923 1856 2966 ludunt.
1870 2924 2026 2966 Postea

1174 2994 1339 3035 lusoria»
1358 3006 1489 3032 naves
1510 2989 1722 3041 levissima
1742 2999 1785 3032 et
1806 2989 2027 3047 expeditis-

1176 3059 1286 3102 sima
1307 3056 1477 3113 navigia
1500 3055 1625 3099 dicta.
1647 3056 1810 3099 BURM.

1232 3124 1326 3167 331.
1351 3123 1514 3165 Forsan
1542 3133 1584 3166 et
1612 3125 1692 3165 hoc
1717 3125 1911 3166 dubitem.
1943 3121 2029 3163 Alii

1178 3191 1374 3232 Forsitan
1391 3191 1470 3230 hoc
1482 3204 1495 3230 :
1516 3188 1643 3245 prim.
1660 3187 1857 3232 Vatican.
1879 3195 1923 3230 et
1940 3196 2027 3230 tres

1179 3256 1276 3309 alii,
1302 3259 1500 3299 Forsitan
1515 3257 1614 3299 hoec.
1637 3255 1752 3311 Lege
1769 3257 1965 3298 Forsitan
1989 3260 2031 3295 et

1177 3322 1372 3362 dubitem.
1392 3320 1454 3362 H.

1212 3386 1264 3427 33
1271 3403 1290 3442 7
1297 3417 1305 3427 .
1315 3386 1402 3428 Sed
1403 3388 1626 3429 detrectare
1635 3387 1816 3428 videbar.
1828 3383 2023 3440 Septem,

1180 3459 1254 3494 aut
1266 3459 1364 3494 octo
1377 3459 1544 3496 veteres
1554 3453 1752 3493 delirare:
1764 3449 1890 3506 prim.
1902 3447 2015 3491 Polit
