2280 3776
273 316 381 377 326

725 326 790 377 P.
855 324 1142 378 OVIDII
1188 323 1558 381 NASONIS

799 593 1309 665 EPISTULA
1361 596 1514 666 III.

1036 733 1268 748 mmm

938 893 1354 953 MAXIMO.

850 1181 1443 1232 ARGUMENTUM.

277 1310 455 1352 Maximi
478 1309 611 1353 fidem
633 1319 676 1353 et
687 1311 973 1354 constantiam
993 1311 1037 1354 in
1058 1312 1186 1354 rebus
1198 1312 1283 1354 suis
1294 1310 1460 1354 miseris
1480 1319 1524 1354 et
1542 1308 1720 1366 perditis
1732 1309 1877 1352 laudat
1889 1317 2034 1365 poeta,

327 1381 398 1437 qui
421 1398 507 1424 non
527 1382 707 1424 utilitate
725 1414 736 1434 ‚
757 1391 802 1424 ut
820 1382 1167 1439 vulgusignobiie
1183 1414 1195 1435 ,
1213 1382 1288 1425 sed
1310 1381 1533 1426 honestate
1552 1390 1595 1425 et
1606 1381 1764 1424 virtute
1778 1397 1851 1424 eos
1864 1381 2033 1438 probat,

325 1465 429 1505 quos
452 1449 582 1491 seme!
605 1449 809 1493 amandos
829 1451 1035 1507 suscepit;
1064 1450 1348 1507 hortaturque
1369 1450 1514 1504 illum,
1533 1449 1646 1493 utin
1669 1448 1755 1492 fide
1777 1457 1939 1506 perstet
1956 1480 1968 1503 ,
1992 1456 2036 1490 et

327 1521 402 1563 sibi
427 1530 639 1577 quantum
664 1530 801 1578 potest
821 1538 949 1577 opem
967 1521 1093 1566 ferat.

275 1648 362 1732 JM
379 1689 461 1732 Ax
480 1689 560 1732 ΙΜ
576 1689 610 1732 Ε
628 1721 642 1744 ,
677 1675 770 1756 qui
803 1674 960 1735 claris
987 1698 1187 1734 nomen
1217 1673 1518 1734 virtutibus
1545 1698 1727 1757 aequas
1744 1722 1758 1748 ,

355 1771 467 1828 Nec
496 1770 628 1829 sinis
659 1770 937 1849 ingenium
970 1771 1254 1832 nobilitate
1282 1771 1485 1854 premi;

277 1863 436 1923 Culte
463 1865 594 1924 mihi
612 1912 626 1935 ‚
660 1867 834 1948 (quid
863 1869 1004 1928 enim
1040 1869 1214 1929 status
1240 1868 1332 1926 >hic
1360 1892 1388 1927 a
1413 1867 1599 1928 sunere
1624 1867 1890 1941 differt?)

357 1960 679 2042 Supremum
710 1963 828 2023 vitae
857 1964 1070 2046 tenipus
1098 1966 1165 2023 ad
1190 1989 1369 2047 -usque
1399 1987 1562 2025 meae:

276 2054 416 2113 Rem
446 2055 576 2114 facis
595 2103 609 2126 ‚
640 2057 915 2117 adflictum
945 2058 1362 2118 noti—aversatus
1390 2058 1647 2129 amicum,
2013 2073 2037 2112 5

311 2181 314 2184 ⁴
359 2148 484 2230 Qua
518 2177 625 2212 non
659 2169 740 2213 est
769 2179 880 2213 aevo
907 2156 1080 2214 rarior
1109 2155 1221 2215 ulla
1253 2171 1365 2215 tuo.

275 2247 390 2305 Tm
379 2271 458 2329 pe
488 2248 704 2328 quidem
736 2250 912 2319 dic,tu
940 2250 1062 2320 sed,
1094 2251 1139 2309 si
1166 2251 1332 2309 modo
1361 2274 1486 2310 vera
1513 2250 1773 2321 fatemur,

358 2344 573 2428 Vulgus
603 2346 864 2406 amicitias
892 2345 1123 2406 utilitate
1154 2347 1372 2429 probat.

281 2443 423 2503 Cura
458 2443 588 2525 quid
622 2444 872 2526 expediat
902 2445 1056 2526 prius
1070 2457 1200 2515 est,
1232 2470 1394 2528 quam
1424 2446 1556 2529 quid
1586 2446 1658 2507 sit
1685 2446 2014 2507 honestum:

357 2544 432 2602 Et
466 2566 587 2601 cum
617 2543 835 2602 soltuna
867 2556 1083 2625 statque
1108 2543 1360 2626 caditque
1395 2541 1544 2602 fides.
1933 2541 1943 2553 ’
1995 2572 2043 2599 ιο

335 2688 368 2714 1.
389 2674 547 2714 Nomen
566 2676 785 2715 m'rtutibus
805 2688 957 2727 aequas.
970 2675 1122 2728 Imples

280 2736 483 2792 Scaligeri
505 2735 656 2790 codex,
676 2746 720 2779 et
738 2736 807 2779 alii
825 2737 1049 2788 nonnuffi;
1073 2747 1122 2781 ut

276 2801 347 2844 lib.
371 2802 560 2859 1‚E3eg.
581 2815 644 2856 11,
638 2827 640 2829 >
665 2819 773 2846 vers.
798 2820 814 2844 1
833 2819 844 2845 ι
862 2820 882 2840 κ
900 2803 1090 2847 Maxime
1107 2836 1119 2858 ,

279 2869 350 2923 qui
386 2869 507 2912 tanti
530 2886 776 2912 mensuram
810 2870 1000 2915 nominis
1026 2871 1119 2915 im-

278 2932 416 2989 ples.»
440 2934 604 2979 [lmus.
1075 2975 1077 2977 ,

332 2998 371 3039 3.
406 3001 521 3056 Quid
537 3003 644 3041 enim
671 3008 808 3044 status
831 3003 899 3044 hic
927 3017 956 3043 a
969 2999 1122 3054 funere

277 3062 431 3116 dtsscrl.
455 3064 575 3120 Quid
595 3064 712 3107 enim
736 3065 823 3108 haec
837 3066 1035 3114 conditio
1046 3082 1119 3108 ex·-

280 3128 382 3170 sutis
392 3129 503 3171 aliud
519 3138 602 3182 est,
619 3146 747 3186 quam
761 3146 878 3174 mors
891 3128 1129 3186 quaedam?

282 3191 361 3234 Est
383 3202 526 3235 autem
550 3194 628 3237 hoc
650 3211 727 3251 per·
747 3195 1022 3251 parenthesin
1043 3194 1119 3242 dj—

280 3263 422 3305 ctum;
447 3258 544 3312 quia
563 3259 706 3302 statim
721 3261 942 3318 subjungit
956 3277 1000 3304 se
1020 3261 1120 3308 Ma—

282 3320 447 3362 ximum
463 3321 638 3365 coluisse
657 3340 791 3380 usque
808 3326 859 3368 ad
876 3335 1119 3369 extremum

279 3383 378 3427 vitae
393 3418 403 3437 ,
428 3385 508 3428 hoc
529 3395 590 3428 est
610 3419 620 3439 ,
643 3404 776 3443 usque
801 3389 854 3431 ad
876 3399 1045 3446 tempus
1063 3389 1116 3432 il-

279 3448 354 3491 lud
379 3465 466 3505 quo
489 3449 701 3508 relegatus
722 3452 819 3495 fuit.

1257 2677 1295 2717 5.
1335 2675 1425 2717 Non
1449 2680 1677 2717 aversatus.
1708 2674 1804 2716 Non
1832 2676 2041 2729 inficiatus

1202 2738 1312 2783 alter
1335 2739 1534 2785 Medonii
1553 2755 1683 2785 :Jnox
1704 2771 1716 2791 ,
1748 2754 1828 2794 pro
1856 2742 1901 2779 si
1919 2742 2041 2781 modo

1203 2804 1520 2858 verafulemur,
1543 2803 1657 2847 forte
1681 2803 1838 2845 rectius
1854 2819 2043 2859 repona-

1202 2878 1274 2913 tur
1275 2870 1498 2924 fatendum
1512 2883 1527 2920 ‚⁸
1541 2869 1584 2911 in
1600 2884 1684 2924 qua
1699 2868 1915 2912 locutione
1934 2870 2042 2912 mul-

1203 2942 1272 2977 tus
1301 2932 1615 2977 est‘Lucretius
1635 2965 1646 2986 ,
1680 2933 1836 2989 aliique
1866 2933 2041 2989 optimae

1201 3007 1316 3045 notae
1336 3007 1545 3042 auctores.
1571 2999 1692 3040 H.—
1709 3001 1798 3041 [von
1811 3006 2040 3042 aversatus.

1202 3064 1299 3107 Non
1322 3063 1531 3118 rejiciens.
1547 3063 1791 3107 M.-—-Dum
1805 3079 1873 3106 me
1891 3080 2040 3120 quam-

1200 3129 1262 3172 vis
1292 3129 1531 3186 relegatum
1563 3138 1608 3172 et
1634 3129 1931 3173 calamitosum
1961 3145 2039 3187 pro

1201 3195 1338 3238 amico
1362 3195 1564 3250 agnoscis.
1587 3194 1730 3240 PON'r.

1253 3262 1291 3304 6.
1322 3263 1420 3304 Tuo.
1439 3263 1536 3304 Meo
1555 3262 1728 3318 plurimi
1751 3262 1909 3317 scripti.

1255 3329 1291 3369 8.
1319 3328 1520 3368 Utilitate.
1533 3329 1765 3370 Nobilitate
1781 3328 2011 3370 Puteanus.

1254 3405 1291 3448 9.
1319 3392 1425 3432 Cura
1437 3394 1540 3445 quid
1545 3393 1742 3445 expediat
1746 3395 1865 3446 prior
1875 3398 1941 3433 est
1956 3398 2037 3433 etc.

1200 3458 1323 3500 Prius
1341 3456 1499 3513 scripti.
1521 3457 1686 3501 HEINS.
