2280 3776
448 303 564 359 EX
607 301 904 358 PONTO
942 300 1101 356 LIB.
1146 299 1236 355 11.
1280 299 1555 356 EPIST.
1597 304 1730 357 111.
1865 304 1969 359 3345

286 418 506 480 Erroris
536 419 691 479 venia
719 440 879 501 posse
907 416 1071 478 latere
1102 416 1285 489 vides;

208 515 459 600 Respicis
490 516 776 599 antiquum
804 514 972 598 lapsis
998 513 1055 574 in
1085 514 1251 576 rebus
1280 513 1509 574 amicum
1527 558 1542 587 ‚

286 615 331 674 F
332 613 673 696 ementisque
697 613 850 694 juvas
879 610 1100 672 vulnera
1128 625 1317 671 nostra
1349 611 1474 671 tuis.

209 707 316 767 Pro
351 707 554 791 quibus
584 706 809 791 optandi
838 706 883 767 si
913 706 1078 767 nobis
1106 705 1261 789 copia
1289 705 1413 776 fiat,
1918 722 1973 780 9⁵

284 803 422 863 Tam
451 802 590 863 bene
619 802 920 886 promerito
951 800 1233 863 commoda
1262 799 1410 861 mille
1438 822 1641 883 precer.

205 897 314 959 Sed
343 899 388 960 si
416 898 533 960 sola
560 899 697 959 mihi
726 898 926 959 dentur
954 913 1047 959 tua
1068 912 1196 959 vota
1213 945 1227 970 ‚
1257 897 1551 980 precabor,

285 998 365 1057 Ut
389 996 490 1056 tibi
520 996 622 1070 sit,
658 995 806 1058 salvo
835 997 1042 1058 Caesare
1060 1044 1074 1070 ‚
1106 995 1250 1057 salva
1276 1016 1490 1078 parens,

210 1094 342 1155 Haec
370 1117 499 1174 eg0,
531 1117 700 1177 quum
729 1095 932 1154 faceres
965 1092 1155 1153 altaria
1178 1090 1410 1175 pinguia
1441 1105 1591 1162 ture,

283 1190 363 1249 Te
394 1189 620 1251 solitum
649 1191 870 1251 memini
897 1190 1075 1273 prima
1102 1211 1294 1267 rogare
1325 1189 1492 1248 Deos.
1907 1218 1982 1245 mo

201 1318 351 1365 Nihilo
370 1318 534 1365 felicius
549 1337 560 1373 ς
578 1335 682 1364 nam
705 1323 902 1376 Respe’css·
923 1323 1048 1363 anti-
1182 1320 1250 1377 94.
1287 1319 1480 1361 Vulnera.
1513 1318 1692 1359 Pectora
1719 1315 1918 1360 Leidens.
1936 1327 1981 1361 et

201 1401 323 1443 quum
345 1389 545 1438 amiam,
563 1385 680 1442 quod
701 1386 746 1429 in
763 1384 942 1443 vulgatis
958 1394 1047 1440 est,
1132 1395 1321 1442 quatuor
1340 1384 1411 1429 alii
1433 1401 1443 1429 ι
1464 1384 1602 1429 nostri
1622 1387 1806 1428 vulnera.

202 1449 387 1495 minime
418 1450 633 1496 sollicitari
667 1450 808 1495 debet.
841 1452 1052 1507 Antiquus
1187 1455 1253 1513 95.
1277 1453 1558 1509 optandietc.
1580 1450 1780 1509 Eligendi
1798 1468 1878 1509 pro
1898 1454 1981 1496 tuis

202 1519 363 1559 amicus
394 1516 513 1560 enim
544 1515 690 1571 idem,
721 1515 794 1573 qui
824 1524 868 1559 et
899 1524 1043 1566 vetus,
1133 1516 1389 1561 commodis.

203 1579 378 1637 optimis
392 1580 669 1638 scriptoribus
683 1580 840 1626 dicitur
857 1597 867 1625 :
881 1580 940 1625 sic
951 1595 1051 1637 pro-
1185 1583 1252 1643 96.
1277 1583 1500 1626 Commoda
1519 1585 1634 1626 me'lle
1645 1596 1803 1636 precor.
1829 1581 1977 1625 Scribe

203 1645 319 1689 xima
333 1644 484 1703 Elegia
503 1647 562 1699 V,
583 1662 641 1689 vs.
660 1646 725 1690 38.
740 1669 796 1678 —
817 1647 921 1689 Hac
939 1646 1049 1702 rese-
1125 1665 1279 1705 precer.
1301 1649 1468 1693 Hmns.

202 1729 310 1756 rens.
337 1713 446 1757 Hoec
476 1712 608 1770 igitur
635 1711 782 1758 animo
813 1720 891 1756 tuo
914 1711 1054 1770 subji-
1189 1731 1256 1774 97.
1270 1715 1507 1759 Sedsisola
1520 1718 1858 1761 mihidenturtua
1870 1722 1978 1757 vola.

205 1777 346 1832 ciens,
368 1787 600 1835 tecumque
620 1786 838 1835 reputans.
857 1778 1002 1822 Powr.
1133 1778 1223 1823 sed
1243 1779 1276 1823 si
1299 1779 1440 1823 solum
1455 1779 1562 1823 mihi
1583 1779 1761 1824 daretur
1778 1778 1978 1837 optandae

258 1842 326 1900 93.
346 1842 503 1898 Lapa-135
520 1847 566 1886 in
583 1846 712 1887 rebus.
732 1844 885 1887 Lassae
905 1843 1052 1887 melio·
1133 1845 1256 1903 copia
1277 1846 1371 1902 ejus
1388 1845 1451 1889 rei
1474 1860 1604 1902 quam
1623 1844 1755 1902 cupis.

205 1922 274 1950 res
289 1922 442 1950 omues
457 1906 538 1951 boc
551 1906 665 1951 loco:
678 1907 773 1951 vide
787 1907 1051 1952 NotasTrist.
1192 1924 1282 1953 100.
1295 1912 1400 1953 Hec
1411 1914 1561 1965 prima.
1583 1909 1753 1954 Scilicet
1769 1941 1781 1963 ,
1803 1916 1850 1951 ut
1871 1918 1980 1950 esset

203 1971 276 2017 lib.
294 1974 342 2030 1,
364 1972 485 2032 Eleg.
505 1986 595 2018 vxu
608 2005 621 2030 ,
642 1990 701 2017 vs.
715 1975 781 2019 35.
801 1974 860 2017 11.
1134 1989 1291 2031 parens
1309 1975 1423 2019 salva
1443 1990 1544 2019 cum
1568 1973 1753 2019 Cesar-e.

210 2114 233 2121 ο.
1887 2115 1946 2119 -..-

1838 2127 1972 2135 ...ι-ο-

749 2230 1265 2302 EPISTOLA
1316 2231 1439 2300 IV.

895 2499 1281 2560 ATTICO.

796 2723 1391 2784 ARGUMENTUM.

212 2856 359 2902 Attico
387 2864 583 2901 veterem
616 2853 847 2901 amicitiam
868 2888 880 2909 ,
911 2855 1092 2912 ejusque
1125 2854 1292 2898 fructus
1322 2853 1438 2897 ultro
1478 2854 1674 2913 citroque
1705 2857 1983 2914 jucundiores

264 2933 582 2969 commemorat
611 2941 622 2968 ι
656 2924 811 2982 quibus
830 2923 969 2967 fretus
1000 2923 1102 2966 dicit
1126 2921 1205 2965 sibi
1232 2937 1481 2978 persuasum
1504 2940 1592 2968 esse
1607 2957 1619 2979 ,
1645 2924 1766 2967 illum
1790 2926 1985 2982 quamvis

269 2992 492 3037 absentem
509 3025 522 3049 ,
556 2991 697 3036 adhuc
715 2994 761 3036 in
781 2991 867 3036 fide
888 3006 1150 3050 permanere
1173 3006 1183 3033 ε
1204 2990 1322 3046 quod
1344 2999 1394 3033 ut
1412 2989 1564 3043 faciat,
1595 2991 1809 3037 hortatur.

218 3119 506 3204 ACCIPE
533 3141 870 3224 colloquium
896 3143 1076 3222 gelido
1105 3142 1345 3204 Nasonis
1376 3143 1444 3203 ab
1473 3145 1645 3217 Istr0‚

296 3237 509 3311 Attice,
535 3239 741 3319 judicio
768 3263 884 3299 non
912 3241 1214 3302 dubitande*
1240 3264 1379 3300 meu.
1683 3240 1687 3246 ’

272 3385 310 3413 a.
331 3370 505 3412 Judicio
529 3379 612 3412 non
630 3371 816 3412 dubitate
835 3385 937 3413 meo.
958 3371 1059 3414 Du·
1144 3367 1339 3413 bendum
1356 3384 1457 3412 cum
1475 3368 1617 3424 primo
1633 3367 1836 3413 Mediceo
1851 3379 1896 3412 et
1911 3386 1984 3413 sex

218 3435 374 3479 bitante
398 3433 590 3490 plerique
605 3451 615 3487 ;
634 3433 710 3478 sed
724 3437 950 3479 dubitande
965 3434 1064 3478 scri·
1146 3434 1247 3477 aliis.
1262 3434 1320 3478 H.
1335 3457 1389 3467 —-
1399 3433 1682 3478 Doctissimus
1690 3445 1839 3479 auctor
1850 3434 1984 3478 Elect.
