2280 3776
466 292 576 347 EX
616 289 916 345 PONTO
955 291 1115 344 LIB.
1162 291 1287 344 111.
1332 287 1608 344 EPIST.
1655 292 1764 345 VI.

1898 292 2004 367 407

311 407 433 468 Fiat
461 408 519 467 in
548 409 834 486 Augustos
863 404 1130 466 invidiosa
1159 406 1350 466 Deos?

232 503 502 565 Fulminis
529 503 759 564 adflatos
788 502 1063 563 interdum
1093 503 1268 562 vivere
1297 502 1419 564 telis

318 600 569 662 Vidimus
587 647 602 671 ‚
632 614 687 662 et
715 598 895 670 refici,
921 623 1035 659 non
1063 600 1393 683 prohibente
1419 601 1587 660 Jove:

234 698 348 758 Nec
365 742 379 767 ‚
413 697 540 780 quia
567 699 861 782 Neptunus
885 721 1071 758 navem
1099 696 1361 758 lacerarat
1391 696 1607 779 Ulyssis
1625 744 1639 769 ‚

312 794 623 854 Leucothee
655 795 807 854 nanti
835 796 974 856 ferre
1002 795 1221 874 negavit
1250 819 1429 878 opem.
1953 824 2006 854 πο

234 888 408 950 Crede
438 890 567 950 mihi
585 939 599 963 ‚
628 891 840 952 miseris
868 890 1101 952 caelestia
1130 892 1355 953 numina
1384 906 1644 975 parcunt,

313 986 424 1046 Nec
458 1011 672 1071 semper
702 988 860 1050 laesos
891 1005 943 1050 et
971 990 1086 1050 sine
1113 988 1219 1050 fine
1245 1003 1518 1072 premunt.

230 1082 487 1169 Principe
516 1111 613 1148 nec,
644 1102 836 1148 nostro
867 1089 1018 1148 Deus
1044 1102 1128 1149 est
1154 1087 1488 1148 moderatior
1510 1086 1658 1148 ullus
1683 1110 1695 1146 ε

310 1182 534 1243 Justitia
561 1183 701 1246 vires
731 1200 997 1269 temperat
1025 1184 1117 1246 ille
1147 1209 1288 1246 suas.

229 1276 422 1362 Nuper
452 1305 566 1342 eam
599 1284 803 1355 Caesar,
838 1284 982 1344 facto
1011 1284 1077 1344 de
1106 1306 1374 1344 marmore
1400 1281 1635 1365 templo,
1956 1298 2009 1340 25

307 1375 647 1458 Jampridem
679 1378 870 1461 posuit
895 1378 1094 1438 mentis
1126 1378 1184 1437 in
1211 1378 1323 1438 aede
1354 1400 1481 1438 suae.

228 1471 486 1555 Juppiter
517 1473 572 1533 in
604 1475 810 1537 multos
842 1477 1121 1537 temeraria
1151 1476 1379 1536 fulmina
1411 1490 1662 1560 torquet,

311 1572 429 1651 Qui
460 1596 676 1655 poenam
705 1571 864 1654 culpa
891 1596 1006 1632 non
1036 1594 1280 1632 meruere
1310 1571 1445 1654 pari.

232 1667 500 1729 Obruerit
526 1669 679 1730 saevis
709 1693 877 1751 quum
908 1683 992 1728 tot
1022 1669 1173 1729 Deus
1204 1670 1442 1751 aequoris
1473 1668 1667 1741 undiS‚

310 1764 394 1822 Ex
425 1761 534 1823 illis
563 1763 733 1841 mergi
767 1785 893 1846 pars
924 1778 1090 1846 quota
1126 1764 1290 1841 digna
1319 1763 1464 1823 fuit?
1956 1781 2010 1822 30

229 1859 418 1938 Quum
452 1874 676 1942 pereant
707 1859 819 1920 acie
849 1859 1146 1920 fortissima
1177 1884 1438 1943 quaeque,
1472 1859 1577 1919 sub
1609 1859 1732 1942 ipso

306 1954 533 2026 Judice,
568 1953 809 2015 delectus
840 1954 1037 2015 Martis
1062 1953 1284 2038 iniquus
1313 1956 1433 2014 erit.

284 2106 345 2150 16.
375 2106 478 2150 Fiat
506 2108 727 2150 inuidiosa.
765 2106 983 2150 Invidiam
1019 2106 1072 2149 il-

225 2171 274 2217 lis
302 2182 346 2216 et
369 2172 683 2217 detractionem
710 2173 923 2216 conciliet.
946 2197 999 2206 —
1019 2175 1071 2217 In

225 2237 339 2280 Deos
370 2239 595 2292 Augustos.
630 2239 877 2294 Augustum
905 2247 949 2282 et
977 2240 1070 2295 ejus

226 2300 336 2344 filios
359 2300 561 2358 intellige.

224 2370 227 2375 ’
283 2381 346 2407 20.
365 2367 615 2408 Leucothea.
642 2366 708 2409 Ex
733 2367 868 2410 Hom.
896 2365 984 2410 Od.
1010 2375 1040 2411 Ε
1057 2400 1067 2420 ,

224 2446 332 2474 vers.
350 2431 521 2487 373.—«
538 2432 719 2488 Navigat
732 2432 876 2475 infelix
896 2449 905 2475 :
922 2441 964 2475 et
976 2442 1071 2476 erat

225 2495 315 2551 jam
330 2497 484 2553 puppis
499 2496 542 2539 in
563 2497 669 2540 alto:
686 2498 753 2540 En
768 2497 776 2540 !
790 2498 955 2541 decima
971 2498 1072 2541 obli·

226 2577 365 2619 quum
385 2561 584 2604 verberat
606 2562 723 2605 unda
742 2563 862 2606 latus.
884 2563 1073 2606 Ennosi-

226 2641 340 2684 goeus
354 2625 494 2680 adest,
523 2626 752 2682 trifidaque
771 2636 951 2683 repente
967 2643 1073 2684 pro-

224 2690 413 2734 fundum
429 2690 621 2748 Cuspide
636 2692 847 2735 subvertit
863 2710 872 2735 :
892 2693 985 2735 laesa
998 2708 1071 2735 ca-

224 2756 320 2799 rina
333 2756 480 2814 gemit.
498 2756 709 2800 Conscius
724 2755 920 2811 oss'ensae,
938 2756 1071 2798 morti

223 2821 456 2880 praetendit
489 2823 665 2882 Ulysses
681 2855 690 2865 .
715 2858 722 2866 .
745 2857 754 2866 .
775 2855 784 2865 .
811 2823 1071 2867 Leucotlieae

224 2885 376 2930 vittam
392 2905 414 2926 »
436 2897 517 2931 etc.

280 2969 345 2994 22.
372 2953 580 2996 Premunt.
611 2955 804 2996 Graeant
825 2953 1003 2996 Farnes.
1027 2961 1071 2996 et

227 3027 330 3062 tunc.
350 3017 524 3062 mallem
545 3019 678 3062 etiam
698 3024 842 3074 lapsos
856 3052 867 3074 ‚
888 3019 956 3062 vel
975 3023 1067 3062 las-

225 3100 296 3127 sos
311 3116 324 3138 ,
347 3100 427 3140 pro
451 3087 587 3126 laesos.
607 3085 771 3128 BURM.

272 3150 337 3204 24.
350 3151 470 3192 Suos.
488 3150 573 3192 Sua
585 3149 793 3194 Heinsius
810 3148 1035 3193 maluerat.

273 3218 337 3258 25,
351 3215 501 3264 Coesar,
506 3213 634 3268 facto
646 3217 697 3258 de
704 3232 903 3258 marmore
910 3219 1070 3270 templo.

225 3282 293 3325 De
320 3281 409 3325 hoc!
428 3278 591 3338 templo
615 3278 725 3322 nihil
751 3279 846 3336 legi.
875 3280 1069 3324 Proinde

226 3347 490 3400 videndum,
518 3363 572 3389 an
598 3345 651 3389 ad
676 3347 890 3402 templum
915 3346 1071 3391 Martis

228 3415 395 3460 Ultoris
413 3414 617 3460 adluserit
631 3423 784 3473 poeta,
805 3414 922 3472 quod
937 3414 988 3458 ab
1002 3415 1072 3459 ul-

1154 2106 1271 2150 tione
1287 2105 1423 2151 Cassii
1439 2117 1482 2150 et
1496 2106 1622 2149 Bruti
1635 2104 1897 2162 adpellatum
1910 2104 2005 2149 fuit.

1154 2173 1234 2216 Est
1244 2174 1363 2216 enim
1378 2182 1419 2217 et
1432 2174 1561 2227 ultio,
1577 2175 1664 2216 sive
1677 2172 1867 2214 vindicta
1884 2172 2003 2226 justi-

1153 2242 1223 2284 tiae
1243 2255 1339 2296 pars
1354 2239 1565 2296 quaedam.
1586 2240 1757 2281 Micn.

1209 2305 1273 2347 26.
1290 2307 1341 2346 In
1352 2298 1441 2363 stae
1455 2322 1540 2346 suoe
1554 2309 1714 2346 mentis.
1737 2304 1785 2345 ln
1804 2301 2006 2347 thesauro

1153 2369 1218 2414 sui
1241 2368 1425 2426 pectoris
1449 2386 1458 2412 :
1482 2369 1563 2412 hoc
1588 2377 1651 2411 est
1668 2402 1679 2421 ‚
1715 2369 1855 2410 multo
1876 2377 2003 2411 ante-—

1155 2452 1284 2493 quam
1306 2434 1536 2478 aedificaret
1558 2434 1696 2477 aedem
1721 2434 1874 2476 Romae
1890 2465 1901 2487 ,
1925 2450 2001 2476 co·-

1154 2501 1267 2544 lebat
1282 2500 1416 2558 ipsam
1437 2500 1603 2550 l)eam;
1620 2500 1679 2542 sic
1701 2498 1930 2542 claudian.
1947 2498 2000 2542 de

1153 2564 1279 2608 laude
1297 2564 1488 2608 stitit-:11
1506 2597 1516 2617 ,
1537 2566 1591 2606 30
1610 2579 1621 2606 τ
1643 2582 1663 2599 α
1683 2563 1790 2606 Haec.
1806 2563 1900 2606 Dea
1920 2581 1999 2620 pro

1154 2630 1348 2686 templis,
1369 2639 1413 2672 et
1436 2638 1531 2672 ture
1545 2629 1785 2673 calentibus
1807 2631 1890 2671 aris
1904 2661 1915 2681 ,
1934 2630 1998 2672 Te

1150 2697 1337 2751 fruitur,
1366 2698 1593 2754 posuitque
1612 2711 1708 2739 suas
1728 2695 1807 2738 hoc
1828 2705 2001 2749 pectore

1151 2761 1288 2806 sedes.
1306 2781 1328 2799 ι»

1210 2830 1273 2870 28.
1301 2830 1388 2880 Qui
1394 2842 1559 2881 poenam
1580 2829 1705 2881 culpa
1723 2843 1805 2868 non
1825 2844 2002 2870 meruere

1145 2898 1252 2949 pati.
1274 2893 1382 2933 Pari
1396 2890 1677 2935 scribendum
1702 2907 1800 2934 cum
1831 2891 1997 2935 Feschii

1152 2957 1299 3002 codice
1322 2966 1367 3000 et
1386 2955 1615 2998 Thuaneo.
1634 2956 1803 2999 Hmns.

1206 3022 1272 3063 3ι.
1295 3023 1430 3075 Quum
1441 3028 1618 3074 pereant
1636 3023 1743 3062 bello
1752 3021 1998 3075 fortissima

1144 3093 1332 3142 pectora.
1349 3084 1485 3142 Quod
1500 3094 1544 3128 et
1561 3085 1760 3128 Priamus
1778 3085 1996 3141 deplorat,

1153 3151 1273 3196 Iliad.
1295 3159 1368 3195 Ω..;
1390 3169 1412 3188 «
1438 3151 1575 3194 Primi
1597 3160 1801 3194 natorum
1818 3183 1830 3204 ,
1852 3149 2001 3195 sortis-

1152 3217 1259 3260 sima
1281 3211 1456 3273 pectora
1471 3249 1483 3270 ‚
1509 3216 1616 3260 caesi.
1640 3216 1727 3259 Hei
1755 3214 1862 3258 mihi
1883 3215 1892 3257 ἔ
1921 3217 1993 3272 qui

1151 3279 1390 3339 superant?
1412 3281 1589 3324 semivir
1611 3281 1689 3323 iste
1710 3281 1845 3323 Paris.
1862 3300 1882 3317 υ

1205 3348 1270 3389 32.
1292 3348 1495 3390 Delectus
1504 3347 1671 3389 Martis.
1690 3345 1905 3389 Nonnulli
1926 3349 1996 3387 dt-

1150 3417 1293 3455 lectus.
1316 3411 1480 3454 Hssms.
