2280 3776
269 335 377 411 470
748 338 810 387 P.
858 334 1159 388 oV1D11
1199 334 1573 390 NASONIS

784 612 1300 683 EPISTOLA
1348 614 1547 683 XIV.

1039 752 1291 767 mmm

918 917 1393 977 TUTICANO.

869 1204 1465 1255 ARGUMENTUM.

280 1330 427 1374 Exsilii
445 1332 590 1374 locum
611 1340 781 1375 mutare
806 1341 945 1388 optat,
976 1347 1069 1378 non
1096 1332 1216 1388 quod
1234 1332 1387 1377 infesti
1413 1333 1494 1376 sibi
1519 1332 1608 1377 sint
1630 1333 1845 1388 Tomitae,
1867 1349 2059 1390 quorum

328 1401 436 1443 adeo
468 1401 622 1444 mitem
654 1402 699 1443 in
730 1418 775 1444 se
809 1401 1007 1444 animum
1030 1410 1074 1444 et
1101 1401 1314 1445 beneficia
1347 1412 1594 1455 memorat;
1623 1403 1700 1447 sed
1736 1412 1784 1447 ut
1820 1402 1973 1448 saltem
2005 1404 2061 1447 ab

330 1470 452 1513 hoste
474 1480 613 1513 tutam
635 1469 794 1529 degere
816 1471 951 1514 vitam
969 1471 1048 1514 sibi
1067 1471 1305 1529 contingat.

282 1598 470 1683 HAEC
501 1624 604 1684 tibi
634 1624 956 1697 mittuntur,
990 1650 1154 1708 quem
1181 1649 1303 1685 sum
1332 1625 1500 1686 modo
1531 1628 1767 1688 carmine
1791 1641 2022 1710 questus

362 1723 490 1781 Non
521 1735 710 1804 aptum
741 1722 981 1782 numeris
1007 1746 1210 1783 nomen
1236 1721 1439 1784 habere
1465 1723 1616 1784 meis,

280 1821 346 1878 In
376 1817 580 1908 quibus
601 1864 615 1890 ,
648 1833 876 1906 excepto
909 1819 1061 1901 quod
1090 1819 1271 1880 adhuc
1300 1834 1580 1903 utcunque
1607 1819 1880 1892 valemu8‚

362 1905 489 1987 Nil,
527 1929 579 1974 te
610 1929 870 1997 praeterea
904 1916 1097 1998 quod
1081 1931 1258 1997 juvet,
1288 1916 1547 1977 invenies

284 2015 412 2097 Ipsa
440 2036 663 2094 quoque
694 2027 777 2072 est
802 2013 975 2072 invisa
1004 2012 1177 2073 salus·
1164 2028 1446 2094 ‚suntque
1476 2012 1670 2074 ultima
1696 2027 1847 2085 vota,

2041 2030 2066 2069 (ἡ

366 2108 639 2187 Quolibet
666 2133 733 2168 ex
762 2108 883 2169 istis
915 2107 1120 2169 scilicet
1146 2109 1223 2169 ire
1252 2109 1406 2169 locis.

286 2205 452 2267 Nulla
480 2205 616 2265 mihi
648 2229 778 2264 cura
809 2220 917 2279 est,
950 2199 1093 2275 tei-ra
1123 2229 1287 2288 quam
1315 2221 1495 2268 muter
1520 2221 1584 2267 ut
1609 2205 1715 2280 ista
1738 2251 1752 2278 ‚

369 2307 488 2365 Hac
520 2305 675 2387 quia,
709 2328 874 2387 quam
904 2304 1094 2376 videos
1124 2304 1332 2382 gratior
1362 2305 1541 2366 omnis
1569 2305 1686 2364 erit.

290 2405 356 2462 In
387 2403 594 2463 medias
625 2402 841 2486 SyrteS,
875 2403 1109 2465 mediam
1136 2409 1257 2464 mea‘
1282 2403 1398 2464 vela
1427 2402 1745 2487 Charybdin

371 2498 608 2570 Mittite,
636 2499 893 2582 praesenti
926 2500 1055 2561 dum
1085 2501 1577 2560 careamushumo.
2023 2530 2071 2556 lo

294 2595 429 2676 Styx
462 2618 713 2678 quoque,
747 2594 793 2654 si
821 2594 957 2678 quid
987 2619 1051 2674 ea·
1075 2609 1182 2667 est,
1214 2595 1354 2655 bene
1380 2594 1807 2667 commutabitur
1825 2595 1973 2654 Istro
1991 2641 2006 2666 ,

373 2693 434 2752 Si
466 2693 602 2775 quid
628 2708 685 2752 et
710 2692 936 2752 inferius
950 2740 971 2763 ‚A
996 2716 1160 2775 quam
1190 2693 1388 2775 Styga,
1421 2692 1661 2752 mundus
1693 2692 1877 2752 habet.

346 2831 386 2883 4.
408 2831 487 2872 Nil
498 2845 562 2871 me
571 2837 782 2882 pra-terea.
805 2828 987 2884 Repone
1010 2829 1092 2871 Nil
1103 2835 1144 2870 le

297 2910 346 2936 ex
367 2893 504 2936 tribus
524 2892 702 2948 scriptis.
727 2892 895 2936 HEINS.

347 2962 385 3001 5.
414 2960 574 3001 Ultima
592 2965 704 3001 vola.
730 2958 999 3014 Supremum
1028 2957 1142 3000 desi-

294 3023 466 3066 derium
490 3039 652 3065 meum.

349 3090 387 3133 6.
413 3090 596 3132 Scilicet.
617 3091 778 3132 silicet
798 3099 984 3144 quatuor
1003 3088 1112 3132 libri.

352 3172 387 3209 7.
412 3156 544 3197 Nulla
568 3157 676 3196 mihi
695 3170 796 3196 cura
814 3163 880 3197 est
895 3187 906 3208 ,
934 3160 1044 3197 terra
1063 3170 1142 3209 quo

295 3221 440 3260 mittar
451 3223 505 3259 ab
519 3223 616 3261 ista.
635 3220 775 3261 Mater
794 3217 1008 3261 editiones
1021 3234 1141 3274 quae-

297 3281 398 3323 dam
430 3298 530 3324 cum
559 3284 751 3338 quinque
774 3283 970 3338 scriptis;
999 3297 1141 3337 neque

296 3346 419 3388 aliter
441 3346 710 3389 doctissimus
732 3347 982 3390 Gronovius
999 3380 1010 3401 ‚
1035 3345 1141 3390 Obs.

292 3410 364 3452 lib.
387 3410 483 3464 III,
509 3426 599 3465 cap.
627 3427 642 3451 1
665 3444 675 3463 ,
702 3410 776 3465 qui
795 3411 1009 3453 videndus
1028 3425 1037 3453 :
1059 3411 1143 3452 Pa-

295 3475 423 3519 tavin.
444 3481 533 3519 nisi
546 3480 697 3519 mittar.
729 3476 878 3520 Scribe
907 3481 996 3519 nisi
1018 3485 1146 3520 muter

1222 2836 1271 2870 ut
1294 2832 1403 2878 ista,
1434 2827 1530 2879 vel,
1567 2843 1691 2882 quam
1720 2833 1856 2868 muter
1876 2831 1924 2867 ut
1950 2828 2064 2874 ista,-

1222 2909 1328 2937 nam
1355 2891 1680 2935 Arondelianus
1707 2907 1829 2947 quam
1849 2894 1993 2933 mittar
2016 2892 2072 2931 ab

1224 2964 1339 3010 ista,-
1359 2974 1442 3013 qua
1465 2962 1609 2999 mdlar
1624 2955 1825 2998 nonnulli
1845 2988 1856 3010 ,
1880 2954 1948 2998 vel
1970 2972 2072 3011 quo-

1224 3040 1313 3079 que.
1332 3023 1464 3064 Forte
1486 3038 1497 3063 ε
1522 3039 1543 3059 «
1565 3020 1695 3065 Nulla
1714 3021 1834 3078 prior
1854 3036 1957 3063 cura
1977 3028 2071 3072 est,

1226 3097 1342 3130 terra
1360 3102 1491 3142 quam
1513 3094 1660 3128 muter
1679 3094 1728 3128 ut
1748 3085 1839 3128 ista.
1858 3103 1879 3122 »
1905 3085 1966 3127 H.

1277 3168 1316 3210 9.
1337 3153 1389 3193 In
1408 3153 1569 3193 medias
1590 3152 1742 3209 Syrtes
1763 3151 1950 3193 Mediam
1973 3149 2073 3206 Syr-

1224 3222 1284 3261 tin
1307 3227 1393 3260 tres
1414 3216 1595 3272 antiqui.

1285 3299 1300 3323 1
1312 3299 1344 3325 1.
1363 3283 1415 3323 Si
1427 3284 1531 3337 quid
1542 3298 1596 3323 ea
1613 3287 1691 3323 est.
1712 3281 1764 3322 St
1774 3282 1936 3336 quidem
1952 3278 2072 3322 Gru-

1226 3356 1304 3389 ter.
1316 3346 1461 3398 male;
1480 3346 1579 3389 vide
1595 3362 1755 3402 supra,
1780 3346 1830 3388 P.
1842 3344 1913 3387 lib.
1930 3345 2010 3394 IV,
2027 3356 2071 3396 1,

1230 3429 1275 3468 17
1296 3428 1305 3454 :
1329 3430 1351 3449 «
1374 3412 1444 3454 Da
1464 3410 1597 3462 mihi,
1622 3411 1656 3454 si
1679 3410 1784 3466 quid
1805 3426 1855 3452 ea
1877 3418 1940 3452 est
1955 3440 1967 3463 ,
1990 3407 2071 3451 he-

1224 3476 1450 3520 betantem
1473 3485 1648 3533 pectora
1669 3475 1853 3519 Lethen.
1870 3492 1891 3512 υ
