2280 3776
441 284 556 339 EX
597 282 887 340 PONTO
925 284 1084 339 LIB.
1130 284 1255 339 111.
1302 282 1579 339 EPIST.
1623 289 1732 343 1V.

204 400 359 483 Quid
388 424 564 465 cessas
594 426 812 463 currum
835 425 1206 486 pompamque
1237 427 1425 486 parare
1447 405 1778 490 triumphis,

1862 291 1963 360 40¹

1918 429 1972 486 9⁵

285 497 482 559 Livia?
508 498 616 579 jam
643 495 822 557 nullas
855 497 985 557 dant
1013 496 1117 557 tibi
1145 495 1288 558 bella
1317 523 1513 560 moras.

206 594 423 656 Perfida
455 595 732 655 damnatas
767 593 1058 654 Germania
1085 594 1308 676 projicit
1333 596 1549 658 hastas:

283 693 407 752 Jam
436 689 656 774 pondus
686 689 834 750 dices
860 713 1022 750 omen
1048 689 1250 751 habere
1279 715 1477 753 meum.

205 788 413 862 Crede,
445 788 709 871 brevique
735 786 870 847 fides
901 787 1104 860 aderit;
1132 788 1433 866 geminabit
1461 791 1729 853 honorem

283 885 489 958 Filius,
526 900 581 945 et
603 885 840 967 junctis,
872 899 934 945 ut
961 883 1149 968 prius,
1181 886 1290 947 ibit
1316 889 1487 971 equis.

1902 925 1978 952 100

203 983 431 1055 Prome,
465 980 617 1065 quod
649 979 862 1062 injicias
888 980 1133 1043 humeris
1160 984 1491 1058 victoribus,
1523 1001 1768 1048 ostrum:

285 1080 415 1161 Ipsa
445 1091 632 1160 potest
660 1075 887 1136 solitum
919 1100 1083 1137 nosse
1110 1101 1315 1140 corona
1341 1095 1524 1163 caput.

206 1176 400 1247 Scuta,
435 1173 531 1234 sed
558 1187 612 1233 et
642 1167 805 1250 galeae
835 1173 1376 1250 gemmis'radientur
1403 1190 1459 1236 et
1486 1200 1619 1238 auro
1637 1226 1651 1250 ,

286 1273 555 1355 Stentque
584 1293 750 1353 super
776 1269 989 1329 vinctos
1020 1284 1211 1330 trunca
1244 1286 1451 1355 tropaea
1478 1274 1640 1335 viros

207 1371 432 1456 Oppida
461 1368 674 1431 turritis
706 1371 1000 1447 cingantur
1025 1368 1266 1431 eburnea
1293 1371 1467 1430 muris
1490 1395 1502 1441 ;

1917 1397 1990 1438 105

285 1466 551 1549 Fictaque
577 1486 664 1524 res
691 1487 819 1524 vero
847 1484 1003 1523 more
1027 1477 1255 1546 putetur
1283 1464 1388 1543 agi.

209 1560 528 1648 squallidus
555 1558 834 1620 immissos
857 1558 1024 1619 fracta
1058 1559 1162 1619 sub
1188 1562 1453 1621 arundine
1484 1561 1660 1624 crines

289 1659 522 1721 Rhenus
542 1703 557 1729 ,
591 1670 646 1717 et
674 1655 902 1715 infectas
934 1654 1198 1734 sanguine
1229 1672 1414 1740 portet
1441 1682 1627 1742 aquas.

208 1757 451 1820 Barbara
473 1755 584 1838 jam
613 1752 759 1837 capti
785 1767 1027 1837 poscunt
1051 1751 1290 1830 insignia
1317 1778 1472 1834 reges
1489 1802 1503 1827 ,

290 1855 576 1936 Textaque
606 1850 830 1911 fortuna
859 1847 1115 1909 divitiora*
1142 1823 1268 1910 sua.j
1924 1888 1999 1915 ,,..

263 2009 331 2053 97.
360 1992 525 2049 Pefida
562 1991 802 2032 Germania.
821 1986 1061 2031 Germania

208 2072 305 2116 que
319 2056 456 2101 fidem
468 2054 586 2113 rupit
598 2052 826 2106 Romanis,
843 2067 952 2096 coeso
967 2052 1062 2095 Va-

208 2141 259 2170 ro
287 2132 332 2168 et
355 2123 494 2168 tribus
518 2120 775 2179 legionibus.
795 2121 1062 2177 —Bamna-

207 2198 278 2234 tas
298 2191 460 2233 hastas.
486 2186 608 2231 Bella
631 2194 676 2230 et
692 2200 812 2228 arma
825 2217 837 2239 ,
860 2199 957 2241 quoe
978 2174 1059 2227 de-

208 2261 394 2300 testatur
414 2261 460 2298 et
480 2251 674 2297 damnat.
682 2250 947 2307 ν-Ρωμὶ-ιϊ.
966 2249 1061 2294 Ab·

209 2321 313 2378 jicit.
319 2329 530 2377 tanquam
550 2333 675 2375 paene
699 2316 823 2360 victa.

262 2402 331 2446 99.
347 2385 587 2428 Geminabit
597 2382 790 2442 hortor-em
809 2381 959 2422 Filius.
982 2378 1060 2422 ‘ri-

210 2450 357 2495 berius
390 2447 524 2493 alium
555 2453 850 2502 consequetur
892 2443 1059 2486 trium-

211 2516 378 2574 phum:
397 2523 442 2558 et
470 2514 531 2557 ita
559 2510 718 2569 duplici
734 2509 959 2567 triumpho
979 2509 1063 2552 erit

212 2582 454 2642 gloriosus,
491 2579 629 2623 altero
656 2584 781 2634 parto
800 2575 852 2618 de
883 2575 1060 2634 Illyria,

213 2650 351 2693 altero
373 2664 478 2691 vero
499 2646 553 2690 de
574 2643 823 2689 Germanis.
859 2641 1063 2685 Tiberius

212 2714 350 2767 enim,
371 2719 533 2755 vastata
553 2707 811 2762 Germania,
824 2707 1066 2763 imperator

213 2778 449 2836 adpellatus
466 2777 564 2820 fuit.
683 2776 687 2783 ’

273 2847 595 2901 104.Stentq11e
618 2858 743 2897 super
762 2845 901 2884 victos
918 2845 1067 2882 trunca

214 2919 370 2966 tropea
395 2913 523 2952 viros.
564 2907 722 2950 Malim
751 2921 874 2961 super
902 2908 1067 2947 vinctos

217 2979 330 3018 vims
339 2989 441 3018 cum
455 2974 583 3030 prim.
597 2972 804 3016 Mediceo
816 2978 861 3014 et
871 2969 1065 3025 quinque

219 3037 322 3083 aliis.
344 3039 400 3082 In
423 3036 709 3082 Numismatis
722 3034 851 3079 renim
870 3049 1078 3077 ruarmo--

216 3103 424 3159 ribusqne
454 3101 642 3157 antiquis
671 3100 884 3156 adparent
910 3096 1069 3154 passim

218 3169 375 3226 captivi
391 3168 563 3225 tropaeis
579 3167 763 3224 adligati.
781 3166 898 3208 H.--
908 3166 1069 3206 Trunca

219 3242 389 3290 tropaea,
425 3233 543 3289 Quae
580 3231 813 3288 amputatis
841 3229 1068 3272 arboribus

219 3300 498 3358 figebantur3
521 3296 806 3354 amputabant
838 3295 958 3338 enim
994 3309 1068 3335 ra-

221 3380 317 3408 mos
335 3364 560 3416 arborum,
581 3378 629 3406 ac
647 3361 806 3404 deinde
826 3359 955 3402 armis
967 3373 1072 3415 spo-

222 3429 374 3486 liisque
396 3428 509 3472 hosti
539 3426 742 3471 detractis
766 3425 995 3474 ornabant.
1018 3445 1073 3456 —-

384 3513 533 3574 VII.

1149 1990 1316 2032 Trunca
1341 1998 1507 2044 tropoea.
1526 1992 1678 2050 Vix-gil.
1702 1993 1877 2039 AEneid.
1898 1998 1989 2051 xl,

1142 2069 1251 2098 vers.
1274 2056 1298 2096 5
1318 2070 1428 2111 sqq:
1446 2073 1468 2093 «
1494 2056 1727 2115 lugentem
1745 2076 1989 2117 quercum,

1141 2117 1293 2179 deq'sis
1302 2119 1496 2179 undique
1511 2123 1658 2177 ramis,
1670 2123 1913 2170 Constituit
1929 2137 1995 2170 tu-

1141 2183 1264 2226 mulo
1282 2184 1621 2243 ,fulgentiaque
1642 2156 1787 2233 induit
1803 2207 1935 2236 arma.

1141 2248 1235 2303 tibi,
1251 2217 1424 2306 niagne,
1440 2259 1672 2308 tropaeum,
1681 2226 1993 2313 Bellipotens
1967 2279 1989 2297 ›-

1140 2314 1479 2374 -7Stathbeb-
1500 2320 1569 2370 ΙΙ,
1597 2322 1675 2375 704
1693 2338 1784 2378 sqq.

1200 2384 1290 2425 105.
1336 2382 1502 2437 Oppida
1531 2387 1723 2430 eburnea.
1749 2386 1989 2433 Civitatum

1142 2444 1370 2488 simulacra
1392 2463 1451 2505 ex⁴
1462 2447 1593 2492 ebore
1617 2460 1853 2508 compacta.

1205 2510 1294 2552 106.
1326 2512 1450 2554 Ficta
1478 2529 1559 2555 res.
1586 2514 1700 2557 Rem
1732 2515 1880 2560 fictam
1909 2521 1997 2563 ad·-

1122 2575 1274 2646 *pellat
1308 2577 1487 2621 urbium
1517 2580 1732 2636 pictarum
1764 2583 1994 2630 simulacra

1144 2649 1191 2683 et
1213 2650 1330 2696 gesta
1350 2664 1363 2696 ,·
1397 2658 1493 2699 quae
1513 2645 1860 2701 praeferebantur
1879 2650 1923 2693 in
1941 2668 1994 2696 eo

1144 2705 1382 2763 triumpho.

1188 2788 1203 2813 1
1211 2786 1278 2826 07
1290 2773 1534 2828 Squallidus
1546 2779 1748 2821 immittat
1753 2785 1901 2823 cr1'.nes
1917 2783 1995 2824 Im·

1145 2842 1299 2880 missos
1311 2842 1447 2881 crines
1458 2839 1505 2882 in
1519 2841 1794 2886 melioribus·
1781 2861 1901 2888 mtox
1916 2863 1996 2903 pro

1139 2909 1285 2955 potet,
1311 2902 1514 2965 Politian.
1529 2913 1575 2948 et
1591 2921 1663 2948 sex
1682 2907 1751 2950 alii
1764 2917 1914 2963 portet
1936 2911 1996 2954 H.

1149 2965 1309 3008 Noster
1331 2966 1397 3022 A,
1420 2971 1641 3021 immittat,
1659 2980 1808 3025 potet:
1827 2974 1955 3018 male.

1213 3046 1300 3090 ¹⁰9·
1315 3033 1686 3089 Ponuntinsiqm‘a.
1701 3036 1862 3080 Noster
1876 3039 1929 3082 A.
1945 3063 2000 3074 —·

1149 3099 1337 3139 Poscant
1348 3097 1477 3141 Polit.
1491 3099 1646 3155 aliique
1656 3101 1781 3145 multi
1792 3120 1801 3155 ;
1817 3104 1997 3159 quidam

1144 3171 1346 3217 poscant:
1363 3172 1601 3220 utrumque
1615 3175 1801 3220 rectum3
1817 3184 1921 3212 nam
1935 3188 2001 3215 re-

1153 3226 1316 3284 galibus
1332 3230 1602 3273 ornamentis
1619 3246 1747 3287 ‘reges
1762 3233 1810 3276 in
1830 3236 2000 3279 trium-

1150 3291 1289 3347 phum
1316 3291 1504 3335 ducendi
1528 3294 1797 3340 velabantur.
1817 3299 1876 3341 H.

1209 3375 1224 3400 ι
1238 3374 1298 3400 ιο
1331 3360 1555 3415 Textaque.
1582 3362 1735 3406 Vestes
1765 3366 1916 3421 regias.
1943 3390 1999 3399 —

1152 3426 1236 3468 [112-
1239 3428 1364 3468 zte’ora
1374 3440 1453 3468 sua
1454 3420 1647 3481 fortuna
1664 3427 1708 3483 Q
1716 3429 1785 3471 uia
1801 3446 1926 3488 reges
1938 3431 1998 3474 illi

1678 3513 1749 3566 26
