2280 3776
498 271 610 326 Ex
649 268 954 324 Ρ-οΝΤο
990 268 1154 323 LIB.
1197 270 1245 324 1.
1289 267 1575 323 EP1sT.
1620 270 1773 326 vu.
1908 260 2014 348 295'

249 385 522 468 Quolibet
545 387 602 446 in
631 408 859 449 numero
888 409 1004 455 me,
1037 383 1377 459 Messalline‚
1407 409 1645 469 repone;

331 482 446 543 Sim
477 482 641 544 modo
671 506 795 565 pars
825 495 1012 542 vestrae
1039 505 1152 541 non
1182 481 1353 543 aliena
1386 482 1581 544 domus
1605 508 1618 543 ε

250 577 327 638 Et
354 578 490 639 mala
519 581 793 639 Nasonem
812 624 826 650 ,
858 577 1113 661 quoniam
1141 580 1401 640 meruisse
1430 580 1669 653 videtur,

335 678 394 738 Si
422 701 536 737 non
565 676 703 737 ferre
733 674 912 749 doles,
942 690 998 736 at
1023 675 1283 737 meruisse
1314 676 1454 737 dole.
1965 709 2020 732 -0

252 830 428 874 minisse
448 829 570 884 licet,
592 830 756 874 solebas
780 819 974 886 pluribus
1002 845 1091 873 esse

252 911 378 939 causa
397 893 528 938 officii
544 894 629 938 dati
647 911 656 938 :
676 894 755 937 hoc:
770 902 859 948 est,
882 893 936 938 de
957 894 1094 952 pluri-

251 959 334 1004 bus
354 959 464 1002 bene
485 959 657 1002 mereri.
683 959 854 1003 Minu..

306 1025 374 1082 67.
392 1023 600 1079 Quolibet.
616 1025 700 1068 Vel
718 1025 760 1068 in
784 1040 969 1069 numero
986 1025 1099 1069 ami-

254 1086 405 1135 corum
430 1100 607 1134 tuorum
624 1124 636 1147 ,
661 1090 725 1135 vel
747 1091 986 1135 amicorum
1003 1092 1097 1135 sra-

252 1157 331 1200 tris
354 1156 428 1201 tui.
743 1202 746 1205 Δ

309 1221 376 1280 69.
391 1224 529 1265 Sinon
542 1223 659 1265 doles
671 1224 881 1267 Nasonem
882 1220 999 1277 serre
1009 1237 1098 1263 ma-

1968 725 1985 753 A

1175 833 1232 874 la.
1253 829 1299 875 Si
1320 846 1410 874 non
1433 830 1610 875 tristaris
1638 845 1709 873 me
1732 829 1945 875 Ovidium
1971 832 2016 874 in

1176 895 1318 940 exsilio
1332 897 1644 954 inquietissimo
1662 896 1901 940 versari.·—-
1918 898 2020 950 Qua

1176 977 1258 1004 non
1278 965 1474 1005 meruezrse
1487 995 1497 1009 ,
1531 961 1658 1017 prim.
1679 959 1782 1003 edit.

1234 1040 1298 1082 70.
1319 1025 1386 1068 At
1397 1029 1592 1068 meruisse
1610 1027 1713 1067 dole.
1736 1023 1902 1067 Saltem
1920 1022 2018 1067 dole

1177 1090 1294 1147 quod
1319 1092 1614 1135 meritumum
1635 1090 1814 1147 relegari
1837 1090 1889 1133 ab
1905 1090 2019 1145 Aug.

1178 1156 1295 1212 quasi
1327 1156 1440 1199 dicat
1455 1188 1467 1211 ,
1488 1156 1641 1199 saltem
1663 1154 1760 1198 dole
1782 1153 1896 1211 quod
1918 1153 2019 1197 sue-

1178 1221 1263 1262 rim
1282 1219 1441 1264 infelix.

745 1476 1256 1547 EPISTOLA
1299 1477 1532 1547 VIII.

940 1780 1331 1875 SEVERO.

834 2069 1434 2122 ARGUMENTUM.

169 2259 172 2262 y
257 2193 433 2239 Severo*
452 2194 591 2241 amico
615 2197 791 2254 exponit
822 2214 867 2242 se
898 2200 1091 2244 cinctum
1125 2198 1345 2253 hostibus,
1379 2199 1425 2242 in
1452 2197 1639 2243 adsiduis
1672 2213 1845 2254 semper
1872 2197 2029 2254 preliis

310 2266 470 2309 versari
483 2266 710 2330 ,miroque
727 2268 969 2312 amicorum
985 2302 996 2323 ,
1018 2270 1212 2326 conjugis
1227 2302 1238 2323 ‚
1262 2269 1361 2314 filiae
1375 2302 1386 2324 ,
1404 2278 1449 2312 et
1469 2270 1618 2326 patriae
1634 2268 1850 2313 desiderio
1864 2269 2032 2314 teneri:

316 2350 463 2392 neque
487 2335 567 2380 sibi
590 2337 718 2381 licere
736 2371 748 2389 ,
779 2338 896 2395 quod
923 2339 1102 2382 unicum
1125 2340 1319 2382 solamen
1352 2339 1469 2382 soret
1486 2372 1498 2393 ,
1522 2340 1613 2382 ruri
1644 2338 1829 2382 colendo
1852 2356 2033 2396 operam

311 2417 490 2449 navare.
530 2406 705 2450 Deinde
728 2408 897 2450 laetatur
915 2409 1032 2464 quod
1061 2419 1211 2452 contra
1241 2409 1286 2451 in
1314 2408 1477 2452 Severo
1513 2409 1599 2453 sint
1629 2409 1776 2453 omnia
1808 2409 2028 2459 secunda;

310 2485 551 2534 monetque
569 2510 581 2533 ,
612 2486 663 2522 ut
684 2478 890 2535 impetret
911 2479 1057 2524 locum
1078 2481 1265 2538 aliquem
1286 2482 1421 2540 magis
1443 2481 1740 2538 propinquum
1758 2481 1852 2526 dari
1875 2483 1954 2526 sibi
1974 2482 2026 2526 ab

314 2546 526 2605 Augusto.

259 2674 334 2762 A
367 2699 470 2760 tibi
498 2700 697 2763 dilecto
727 2703 948 2790 missam
975 2704 1196 2764 Nasone
1221 2703 1451 2766 salutem

339 2798 573 2881 Accipe,
603 2823 730 2882 pars
761 2800 951 2876 animae
981 2824 1173 2878 magna
1191 2847 1207 2871 ‚
1236 2801 1462 2874 Severe,
1493 2825 1640 2862 meae.

260 2894 408 2977 Neve
433 2918 600 2972 roga,
636 2894 771 2977 quid
804 2919 995 2973 agam3
1027 2896 1074 2956 si
1101 2919 1398 2979 persequar
1426 2897 1607 2957 omnia
1624 2944 1638 2970 ‚
1668 2896 1827 2957 flebis
1854 2922 1865 2955 :

343 2989 563 3051 Summa
593 2991 724 3052 satis
752 2993 928 3053 nostri
956 2993 1003 3052 si
1032 2992 1136 3053 tibi
1166 2996 1299 3052 nota
1327 2991 1471 3053 mali.

321 3147 357 3172 2.
368 3131 540 3187 Accipe.
556 3135 714 3189 Aspice
723 3136 775 3178 M
778 3137 887 3179 oreti
901 3145 945 3180 et
957 3136 1106 3181 nostri.

317 3194 357 3239 3.
376 3197 487 3240 Neve
500 3214 632 3252 roges.
655 3201 777 3255 Roga
795 3217 895 3244 cum
913 3202 1108 3258 plurimis

262 3262 444 3319 scriptis.
465 3263 633 3309 Hnms.

321 3327 359 3381 4.
380 3327 546 3370 Summa
564 3333 673 3372 satis
690 3334 830 3373 nostri
841 3335 902 3374 sit
916 3335 998 3375 tibi
1009 3342 1109 3376 nota

267 3394 381 3434 mali.
403 3391 551 3436 Scribe
568 3397 614 3436 si
627 3397 705 3438 tibi
712 3408 729 3448 ,·
749 3403 876 3452 atque
891 3391 1109 3442 ita'Sarra·

1190 3138 1341 3180 vianus
1352 3154 1361 3181 :
1373 3142 1483 3181 satis
1494 3154 1574 3195 pro
1589 3142 1699 3181 satis
1712 3145 1788 3181 est.
1805 3137 2033 3194 Superiori

1192 3201 1365 3259 Elegia:
1384 3221 1405 3240 «
1423 3204 1514 3246 Nec
1534 3213 1679 3246 tamen
1699 3203 1896 3259 irrumpo
1911 3237 1923 3257 ‚
1946 3219 2034 3260 quo

1190 3283 1281 3310 non
1301 3267 1400 3310 licet
1419 3266 1480 3310 ire
1496 3299 1508 3321 ‚
1529 3267 1714 3324 satisque
1728 3300 1740 3322 ,
1762 3267 1887 3311 Atria
1901 3269 1935 3311 si
1950 3284 2036 3310 no-

1190 3331 1253 3374 bis
1266 3347 1356 3374 non
1372 3332 1557 3388 patuisse
1573 3341 1726 3390 negat3
1745 3352 1767 3372 υ
1786 3333 1845 3376 ita
1858 3332 2034 3389 plurimi

1190 3412 1241 3439 ex
1259 3395 1437 3454 scriptis.
1464 3397 1630 3442 Hmh’s.
