2280 3776
492 292 604 348 EX
645 291 954 349 PONTO
993 292 1154 346 LIB.
1199 293 1247 346 1.
1293 292 1567 348 EPIST.
1613 296 1740 350 111.

327 408 557 469 Sanabit
585 406 735 469 nulla
755 407 981 470 vulnera
1008 405 1190 468 cordis
1219 431 1339 491 ope.

248 502 466 565 Tollere
496 504 759 566 nodosam
785 504 959 565 nescit
984 503 1251 565 medicina
1281 503 1580 587 podagram
1600 552 1617 576 ‚

331 600 442 661 Nec
472 598 777 661 formidatis
810 597 1103 660 auxiliatur
1129 599 1302 681 aquis,

252 695 400 758 Cura
427 719 646 780 quoque
675 694 952 756 interdum
980 693 1131 756 nulla
1165 695 1501 759 medicabilis
1528 713 1679 773 arte;
1964 722 2017 762 25

331 794 480 867 Aut,
513 807 576 854 ut
601 793 698 864 sit,
729 792 895 871 longa
923 806 1006 853 est
1033 793 1374 855 extenuanda
1403 817 1574 857 mora.·
1654 837 1662 845 -

253 887 444 968 Quum
469 888 610 949 bene
638 888 922 951 firmarunt
950 888 1191 950 animum
1222 904 1488 974 praecepta
1514 891 1773 971 jacentem
1792 940 1807 964 ,

334 985 629 1069 Sumtaque
658 1000 786 1047 sunt
815 985 978 1047 nobis
1006 986 1243 1069 pectoris
1267 1010 1413 1047 arma
1448 988 1525 1048 tui
1551 1012 1565 1060 ;

252 1083 470 1145 Rursus
497 1107 650 1145 amor
676 1084 895 1167 patriae,
926 1084 1134 1145 ratione
1162 1082 1430 1145 valentior
1459 1086 1607 1146 omni
1627 1133 1642 1158 ‚

334 1181 505 1260 Quod
534 1195 626 1243 tua
657 1197 949 1244 texuerunt
975 1182 1177 1266 scripta
1195 1228 1211 1254 ‚
1244 1182 1440 1243 retexit
1470 1206 1631 1267 opus.
1969 1206 2023 1247 30

253 1272 378 1334 Sive
405 1274 559 1359 pium
589 1276 668 1336 vis
699 1277 803 1337 hoc
822 1325 836 1349 ‚
867 1277 978 1338 sive
1007 1277 1111 1337 hoc
1133 1275 1402 1338 muliebre
1429 1278 1612 1338 vocari
1630 1324 1645 1348 ‚

336 1368 617 1431 Confiteor
643 1371 841 1433 misero
870 1371 1034 1434 molle
1064 1396 1159 1434 cor
1188 1396 1303 1434 esse
1331 1373 1484 1434 mihi.

252 1464 381 1525 Non
410 1464 576 1527 dubia
604 1480 687 1526 est
713 1466 886 1527 Ithaci
915 1466 1237 1550 prudentia;
1268 1468 1363 1530 sed
1396 1484 1574 1531 tamen
1603 1483 1757 1552 optat

337 1563 571 1624 Fumum
603 1563 669 1624 de
695 1565 889 1648 patriis
917 1588 1078 1649 posse
1112 1565 1292 1625 videre
1321 1565 1475 1627 focis.

258 1658 454 1720 Nescio
483 1684 589 1743 qua
617 1661 793 1722 natale
822 1661 1004 1723 solum
1029 1661 1314 1724 dulcedine
1346 1678 1535 1747 captos
1967 1682 2019 1722 35·

340 1753 541 1828 Ducit,
574 1770 628 1816 et
655 1758 995 1818 immemores
1024 1781 1138 1818 non
1167 1758 1298 1820 sinit
1324 1781 1441 1819 esse
1465 1758 1568 1819 sui.

261 1842 415 1932 Quid
444 1853 640 1916 melius
670 1857 889 1916 Roma?
916 1857 1173 1939 Scythico
1207 1856 1339 1940 quid
1366 1855 1526 1917 litore
1555 1857 1756 1939 pejus?

341 1950 467 2010 Huc
496 1964 676 2014 tamen
707 1974 771 2011 ex
799 1951 891 2012 illa
919 1951 1187 2013 barbarus
1214 1952 1351 2013 urbe
1382 1952 1542 2031 sugit.

313 2112 380 2157 25.
411 2114 506 2158 Aut
531 2119 572 2160 si
598 2118 668 2158 sit.
689 2115 783 2159 Au!
809 2123 857 2159 ut
879 2120 939 2160 sit
961 2114 1102 2173 pleri-

260 2193 343 2235 que
356 2187 524 2223 veteres
546 2188 590 2224 et
606 2183 871 2224 extenuanda
891 2196 970 2237 pro
986 2188 1103 2224 atte-

260 2247 446 2303 uuanda.

317 2326 382 2367 ²7·
390 2311 610 2366 Praecpta.
621 2310 831 2355 Rationes
840 2311 994 2368 quibus
1002 2328 1105 2356 usus

261 2388 307 2418 es
325 2373 372 2417 in
391 2373 524 2419 literis
541 2374 639 2421 tuis.

320 2439 386 2482 28.
405 2440 594 2483 Pectoris
609 2456 740 2484 arma.
762 2438 961 2484 'Consilia
980 2456 1004 2483 e
1027 2455 1107 2497 pe-

263 2510 384 2547 ctore
405 2511 482 2547 tuo
503 2505 696 2562 profecta
711 2537 723 2559 ,
750 2505 905 2562 quibus
925 2520 997 2548 me
1018 2506 1106 2549 ob-

265 2583 390 2610 armo
408 2578 561 2614 contra
580 2586 819 2615 moerorum
834 2585 1017 2613 morsus.
1027 2571 1078 2614 P.

321 2635 389 2678 30.
414 2637 540 2690 Quod
550 2646 624 2679 tua
627 2636 824 2692 ficerunt
840 2641 996 2692 scrip&
1010 2668 1023 2691 ,
1040 2652 1107 2679 re—

263 2705 374 2745 texit
389 2718 506 2758 opus.
528 2703 735 2746 rexerunt
755 2703 903 2746 Patav.
928 2710 972 2745 et
994 2717 1107 2745 unus

267 2765 535 2812 Hafniensis.
557 2768 706 2813 Scribe
726 2777 952 2812 texuerunt.
973 2768 1034 2811 H.
1054 2790 1108 2801 -ι

271 2833 398 2886 Quod
406 2841 482 2877 tua
501 2843 580 2878 etc.
607 2833 742 2890 Quod
761 2843 807 2876 tu
830 2833 883 2876 ad
908 2849 979 2876 me
998 2833 1105 2877 scri-

266 2899 396 2954 psisti.
414 2923 469 2934 —
486 2903 667 2944 Belcxit.
686 2901 898 2944 Destruit.
922 2900 1007 2943 Vel
1034 2915 1108 2944 re-

266 2973 391 3015 vocat
418 2981 489 3010 me
517 2966 571 3010 ad
597 2981 856 3018 moerorem,
885 2965 1004 3008 unde
1034 2981 1107 3009 me

265 3028 442 3083 epistola
460 3039 535 3074 tua
553 3039 751 3074 avocarat
766 3047 776 3074 :
792 3030 884 3085 vel,
906 3030 1108 3075 obliterat

265 3093 432 3136 monita
458 3102 543 3139 tua.
565 3095 710 3139 Pon’r.
730 3096 860 3140 Mna.

319 3158 386 3202 31.
405 3158 497 3201 Sive
503 3162 619 3212 pium
637 3165 702 3204 vis
719 3162 798 3204 hoc
809 3193 821 3214 ,
838 3176 917 3204 ,πειι
931 3165 997 3204 wis·
1013 3177 1105 3205 mu-

266 3224 390 3266 liebre
407 3227 562 3267 vocari.
586 3225 679 3268 Sive
698 3227 778 3268 hoc
800 3228 993 3269 muliebre
1015 3226 1110 3282 ple—

268 3286 392 3342 rique
409 3302 419 3329 :
434 3286 635 3332 nonnulli
645 3288 776 3332 etiam
787 3321 800 3344 ,
814 3290 909 3333 Sive
915 3292 1109 3346 piumjus

271 3350 362 3394 hoc.
385 3351 550 3395 Hams.

327 3415 391 3459 33.
404 3418 573 3459 Famam
583 3419 633 3460 de
638 3422 792 3472 patriis
788 3417 1109 3473 [nial-lomet.

1186 2112 1344 2174 Odysa.
1364 2121 1423 2169 A,
1449 2129 1559 2157 vers.
1579 2115 1629 2169 57
1653 2129 1664 2156 ε
1693 2115 1812 2174 αὐτὰρ
1836 2101 2032 2164 doleant<

1185 2173 1332 2235 ἰέμενος
1350 2188 1416 2223 καὶ
1437 2183 1571 2223 καπνὸν
1596 2179 1878 2236 ἆεοθρώσκοντα
1897 2190 2032 2223 vnket(

1184 2235 1236 2296 fig
1254 2254 1367 2302 γαίης
1383 2279 1395 2300 ,
1417 2249 1570 2290 θανέειν
1589 2251 1801 2307 “prieti-eze:
1817 2263 1839 2282 κ
1862 2244 1937 2288 Ille
1957 2261 2030 2287 so-

1183 2311 1277 2354 lum
1305 2309 1454 2365 patrie
1486 2309 1652 2352 mavult
1671 2341 1685 2362 ,
1718 2325 1852 2366 regna
1882 2325 2032 2366 aspen

1183 2374 1292 2416 saxis
1313 2405 1326 2428 ,
1360 2387 1492 2429 quam
1525 2372 1819 2428 promittentis
1847 2388 2031 2416 munera

1186 2452 1358 2481 summa
1379 2437 1500 2480 Dec.
1520 2454 1542 2475 ¹·

1239 2502 1305 2545 36.
1321 2503 1554 2544 Dulcedc'aee
1570 2510 1745 2544 cunctos
1763 2501 1907 2544 Ducit.
1930 2501 2028 2544 Re-

1185 2566 1296 2611 etius
1309 2565 1398 2609 duo
1414 2565 1612 2609 Vaticani
1627 2568 1844 2609 dulcedine
1858 2573 2007 2620 captos
2015 2581 2032 2620 ,-

1188 2632 1299 2676 Met.
1313 2632 1386 2675 lib.
1405 2632 1449 2686 Ι,
1466 2649 1527 2676 vs.
1542 2649 1621 2691 709
1637 2650 1645 2675 :
1665 2652 1685 2670 «
1703 2634 1811 2676 Arte
1826 2647 1939 2675 nova
1955 2649 2033 2675 vo-

1186 2701 1331 2756 cisque
1356 2699 1505 2743 Deum
1533 2699 1761 2744 dulcedine
1788 2708 1989 2757 captum;
2009 2719 2031 2738 »υ

1186 2765 1300 2808 Met.
1322 2765 1415 2819 xl,
1438 2781 1498 2808 vs.
1521 2780 1625 2820 170:
1647 2783 1668 2802 κ
1692 2764 1902 2821 Quorum
1922 2764 2033 2807 dul-

1185 2829 1339 2874 cedine
1370 2838 1519 2886 captus
1547 2831 1668 2873 Pana
1698 2830 1822 2887 jubet
1849 2830 2034 2874 Tmolus

1186 2896 1361 2941 citharae
1379 2897 1634 2940 submittere
1650 2912 1836 2949 cannam
1855 2914 1877 2933 ι»
1895 2897 1926 2939 J
1930 2912 2034 2939 uve-

1188 2962 1294 3005 nalis
1319 2961 1374 3004 de
1400 2961 1541 3005 Statio
1567 2978 1578 3004 2
1605 2980 1627 2999 α
1652 2970 1772 3005 tanta
1801 2960 2030 3004 dulcedine

1187 3036 1332 3084 captos
1354 3027 1500 3071 Allicit
1521 3027 1590 3071 ille
1611 3028 1794 3071 animos.
1811 3046 1832 3064 »ι
1861 3028 1922 3069 Η.

1243 3095 1310 3150 37.
1334 3095 1450 3148 Quid
1466 3097 1614 3136 melius
1634 3095 1786 3136 Roma.
1814 3091 2035 3148 Exemplis

1188 3159 1343 3216 probat
1356 3191 1368 3212 ,
1387 3174 1541 3201 omnes
1554 3158 1738 3214 patriam
1754 3158 1920 3201 caeteris
1932 3157 2037 3200 locis

1189 3222 1409 3267 anteferre
1423 3222 1568 3266 solitos
1579 3225 1849 3266 essa—Huc.
1862 3222 1916 3265 In
1930 3221 2033 3280 Scy-

1188 3290 1338 3334 thiam.
1351 3288 1481 3331 MER„
1495 3310 1550 3320 -
1560 3290 1755 3347 Scythico
1770 3291 1875 3345 quid
1872 3288 2037 3343 frigam

1180 3354 1319 3408 pejus.
1334 3353 1526 3397 Nomine
1541 3352 1714 3410 frigoris
1726 3386 1736 3403 ,
1757 3353 1906 3395 omnia
1922 3352 2034 3394 illius

1188 3420 1380 3464 barbarae
1404 3419 1592 3476 regionis
1610 3419 1889 3463 incommoda
1909 3433 2031 3461 com-
