2280 3776
268 324 375 395 248
441 329 505 380 P.
539 328 789 383 OVIDII
821 326 1139 382 NASONIS
1176 328 1424 384 TRIST.
1468 331 1538 386 V.
1578 332 1692 385 EL.
1732 332 1891 389 XIV.

269 444 486 516 CerniS‚
520 459 582 504 ut
612 443 829 503 Admeti
856 458 1130 516 cantetur,
1159 462 1223 506 ut
1252 447 1505 508 Hectoris
1533 472 1695 522 uxor,

346 543 603 624 Ansaque
625 543 683 600 in
710 564 960 601 accensos
982 543 1168 625 Iphias
1192 544 1271 605 ire
1297 548 1507 624 rogos?

267 639 346 697 Ut
373 638 516 697 vivat
541 638 680 698 fama
709 638 907 719 conjux
934 637 1251 722 Phylaceia,
1282 641 1434 721 cujus

346 731 563 791 Iliacam
595 731 753 792 celeri
781 733 863 792 vir
886 733 1025 815 pede
1049 734 1248 815 pressit
1273 734 1542 794 humum?
1968 752 2023 808 40

267 826 359 887 Nil
386 851 526 909 opus
557 843 639 888 est
665 827 775 888 leto
803 853 904 911 pro
932 853 1048 902 me,
1081 830 1177 890 sed
1204 853 1390 890 amore
1414 830 1663 913 fideque:

346 924 472 982 Non
509 947 572 983 ex
600 923 810 984 difficili
838 925 978 988 fama
1001 926 1236 1008 petenda
1262 927 1366 987 tibi
1393 942 1491 988 est.

266 1023 379 1082 Nec
408 1037 459 1082 te
487 1022 775 1083 credideris
793 1070 808 1096 ‚
839 1023 966 1106 quia
993 1048 1106 1083 non
1134 1024 1298 1097 facis,
1326 1025 1432 1084 ista
1453 1025 1700 1085 moneri:

346 1115 482 1175 Vela
508 1116 697 1177 damus
714 1164 729 1186 ‚
760 1118 1004 1199 quamvis
1031 1118 1234 1197 remige
1260 1118 1469 1201 puppis
1495 1132 1595 1178 eat.

267 1213 382 1292 Qui
410 1229 597 1275 monet
619 1231 683 1275 ut
710 1215 901 1287 facias,
934 1216 1085 1298 quod
1107 1217 1217 1297 jam
1248 1215 1405 1287 facis,
1435 1214 1528 1277 ille
1556 1214 1828 1276 monendo
1967 1231 2023 1286 45

341 1310 577 1383 Laudat,
608 1326 664 1372 et
688 1312 912 1373 hortatu
943 1314 1269 1396 comprobat
1295 1327 1413 1373 acta
1438 1337 1558 1379 suo.

262 1460 351 1494 ster
386 1454 547 1496 Thesea
563 1457 693 1509 fides.
737 1458 775 1498 0
805 1459 913 1499 mihi
942 1460 1103 1501 Thesea

255 1524 427 1570 pectora
445 1518 600 1570 juncta
608 1522 714 1576 fide.
742 1520 812 1564 De
837 1521 923 1564 fide
955 1531 1102 1565 autem

261 1583 502 1640 Penelopes
519 1617 530 1639 ,
570 1586 704 1628 Hom.
733 1585 890 1646 OdysS.
910 1588 1100 1642 XVIII,

260 1665 368 1691 vers.
390 1650 470 1692 253
488 1665 498 1693 ε
519 1656 568 1695 ΕΞ
589 1654 704 1700 κεῖνός
724 1650 763 1706 γ’
781 1655 890 1696 ἐλθὼν
917 1654 979 1696 τᾶν
1015 1655 1101 1708 ε’μόν

261 1720 345 1768 βίον
370 1715 618 1772 ἀμφιπολεύοι
638 1750 650 1771 ,
680 1721 819 1769 Μεῖζέν
850 1738 888 1762 κε
913 1721 1014 1767 κλέος
1041 1723 1098 1769 ε’ίη

260 1779 348 1831 ἶμὲν
367 1785 432 1822 καὶ
449 1781 596 1824 κάλλιον
617 1786 722 1826 οὕτω·

321 1842 388 1898 37.
414 1842 592 1886 Admeti
614 1861 731 1888 uxor.
767 1844 915 1900 Hujus
943 1842 1100 1888 fabulae

258 1908 462 1951 meminit
478 1908 678 1966 Apollod.
689 1908 760 1953 lib.
775 1911 822 1963 1;
840 1926 924 1966 qua
939 1926 1100 1967 nempe
1134 1931 1139 1939 ·

259 1972 428 2035 ratione
459 1974 616 2031 Apollo
641 1983 784 2019 totum
814 1991 980 2018 annum
1006 1974 1122 2035 A‘l“:

258 2046 378 2080 meto
391 2038 599 2082 servierit.
615 2062 668 2073 —-
683 2042 879 2084 Hectoris
891 2053 1007 2083 uxor.
1027 2039 1100 2094 Sic

258 2102 348 2158 ipsa
372 2103 486 2159 apud
508 2104 659 2160 Eurip.
679 2105 726 2148 in
748 2104 908 2148 Troad.
927 2110 971 2148 Σὲ
997 2099 1098 2159 δ”,ὧ

263 2166 339 2225 φίλ’
355 2158 473 2230 ἕκτῳ
484 2201 497 2223 ‚
519 2172 621 2225 εἶχον
636 2169 741 2231 ἄνδρ’
755 2171 934 2232 ἀρκοῦντά
953 2190 1034 2225 μοι.

313 2231 379 2275 38.
398 2234 558 2287 Iphias.
575 2233 754 2276 Evadne
767 2266 780 2288 ‚
797 2234 932 2290 Iphiae
944 2233 1046 2276 filia.

312 2299 379 2357 39.
398 2302 639 2357 Phylaceia.
654 2299 889 2344 Laodamia
907 2300 966 2342 sic
986 2300 1102 2343 dicta

261 2380 284 2406 a
292 2362 497 2421 Phylace,
509 2364 766 2408 Phthiotieae
776 2360 1101 2421 regionisThesss

257 2429 371 2472 saliae
383 2430 490 2473 urbe
503 2462 514 2484 ‚
526 2447 621 2487 quae
632 2432 711 2475 sub
722 2433 816 2489 ejus
828 2431 974 2474 mariti
986 2432 1101 2475 Pro-

261 2493 394 2536 tesilai
407 2494 590 2551 imperio
602 2495 686 2540 fuit
697 2529 709 2551 ‚
722 2504 773 2540 ut
784 2496 910 2540 docet
923 2496 1098 2550 Strabo,

259 2558 331 2599 lib.
348 2559 415 2601 IX
430 2575 440 2610 ;
463 2559 530 2601 vel
548 2575 571 2602 a
588 2560 814 2603 Protesilai
833 2577 912 2604 avo
924 2560 1095 2618 ,Phyla-

261 2638 307 2665 ce
321 2655 332 2676 ,
356 2622 508 2679 Iphicli
526 2632 659 2680 patre.
684 2625 855 2668 MICYL.

315 2690 382 2741 40.
400 2690 578 2732 Iliacam
600 2692 729 2733 celeri
747 2694 816 2732 vir
823 2692 932 2744 pede
945 2695 1105 2744 pressit

262 2755 438 2795 humum.
453 2755 592 2796 Primo
597 2757 705 2809 pede
717 2770 829 2797 unus
839 2754 1039 2798 Vatican.
1055 2763 1100 2798 et

262 2819 369 2863 alter
389 2819 523 2864 Palat.
542 2835 593 2863 ex
615 2819 701 2865 fide
722 2819 923 2865 historiae.
942 2821 997 2864 In
1016 2837 1098 2864 su·-

1181 1457 1340 1514 periori
1362 1473 1489 1501 versu
1504 1473 1596 1500 non
1612 1455 1749 1513 placet
1762 1454 1869 1498 illud
1890 1455 2026 1498 Utvi-

1183 1522 1416 1575 aatfama,
1449 1522 1600 1565 malim
1632 1526 1748 1565 vivat
1763 1519 1929 1574 famae‚·
1963 1519 2024 1563 sic

1181 1591 1315 1630 vivere
1331 1591 1437 1636 sibi,
1474 1591 1607 1631 vivere
1628 1589 1778 1636 alteri5
1801 1585 1898 1627 Art.
1920 1583 2023 1627 Am.

1180 1650 1252 1693 lib.
1279 1650 1377 1704 ΙΙΙ,
1398 1666 1458 1693 vs.
1480 1650 1560 1705 413
1575 1682 1588 1705 ,
1608 1648 1831 1704 sedsamae
1850 1651 2025 1703 vigilare

1171 1715 1303 1769 juret.
1322 1715 1490 1758 Hnms.

1233 1781 1260 1834 4
1267 1797 1282 1822 1
1291 1811 1301 1821 .
1314 1780 1381 1823 At
1388 1794 1487 1822 nece
1497 1782 1671 1835 nilopus
1681 1786 1758 1821 est.
1770 1779 1909 1820 Morte
1918 1779 2033 1819 nihil

1180 1838 1283 1900 opus
1292 1853 1383 1900 est‚·
1400 1845 1594 1902 plerique
1609 1853 1799 1888 veteres:
1815 1851 1902 1886 tres
1913 1844 2025 1885 Mor-

1178 1917 1298 1965 teque
1314 1913 1390 1952 nil.
1410 1909 1622 1965 Excerpta
1644 1906 1788 1954 Vossii
1815 1909 1896 1951 Nil
1921 1921 2025 1960 opus

1178 1979 1244 2017 est
1258 1977 1340 2016 leto
1353 1989 1370 2027 ,·
1387 1974 1501 2017 bene
1522 1988 1533 2016 :
1552 1989 1654 2015 mox
1660 1975 1814 2027 puppis
1825 1979 1917 2021 eat,
1942 1985 2023 2026 pro

1180 2043 1300 2082 ηανιίι·
1310 2071 1324 2091 ,
1347 2039 1472 2082 multi
1487 2047 1666 2082 veteres.
1684 2038 1747 2080 H.
1763 2060 1817 2068 —
1829 2039 1910 2080 Nil
1920 2051 2025 2091 opus

1179 2111 1245 2146 est
1261 2106 1356 2147 leto.
1379 2102 1514 2159 Quod
1537 2102 1590 2145 ad
1609 2101 1804 2158 exempla
1822 2100 2025 2144 referen-

1181 2168 1289 2211 dum
1313 2184 1324 2211 ε
1349 2167 1576 2212 Alcestidis
1603 2167 1760 2212 scilicet
1778 2199 1791 2221 ,
1822 2181 1918 2222 quae
1943 2180 2024 2222 pro

1181 2233 1339 2276 marito
1360 2232 1554 2276 Admeto
1581 2232 1693 2276 mori
1724 2231 1952 2285 sustinuit,
1974 2238 2027 2272 ut

1181 2307 1246 2343 est
1257 2299 1373 2356 apud
1388 2298 1648 2355 Euripidem
1666 2315 1676 2342 t
1693 2297 1912 2352 Evadnes,
1928 2311 2025 2353 quae

1180 2373 1225 2408 et
1254 2365 1344 2421 ipsa
1377 2379 1535 2421 rogum
1567 2363 1716 2406 mariti
1746 2361 2024 2415 conscendit,

1181 2428 1421 2486 eademque
1441 2444 1486 2472 se
1506 2427 1690 2472 cremari
1718 2443 1839 2484 passa
1864 2435 1928 2470 est
1949 2441 1960 2469 ι
1981 2434 2027 2469 et

1181 2493 1450 2548 Laodamiae,
1471 2492 1525 2536 de
1544 2493 1668 2549 cujus
1688 2493 1809 2536 obitu
1829 2499 1874 2535 et
1892 2506 2024 2533 mor—

1179 2567 1223 2602 te
1240 2575 1370 2616 supra
1390 2557 1692 2602 adnotavimus
1705 2590 1717 2613 ,
1747 2565 1829 2602 etc.
1849 2555 2023 2600 Mlcn.

1234 2626 1300 2678 44.
1325 2626 1431 2667 Vela
1443 2627 1605 2667 damus.
1626 2621 1767 2678 Quasi
1782 2621 1896 2665 dicat
1907 2635 1918 2663 ε
1931 2619 2023 2662 haec

1179 2704 1329 2731 amore
1342 2688 1478 2746 magis
1491 2687 1703 2745 impulsus
1711 2685 1765 2729 ad
1778 2694 1821 2728 te
1834 2684 2021 2728 scriben-

1180 2754 1234 2798 da
1252 2756 1425 2812 putavi,
1451 2770 1582 2812 quam
1599 2753 1717 2810 quod
1729 2751 1962 2795 arbitrarer
1977 2758 2020 2793 te

1179 2820 1403 2877 praeceptis
1424 2828 1470 2864 et
1488 2818 1665 2863 monitis
1684 2817 1792 2862 meis
1809 2832 1950 2874 egere.
1968 2815 2021 2859 P.

868 3075 1042 3115 1:¹1le
1090 3072 1343 3111 TRISTIU
1358 3072 1417 3109 M.
