2268 3848
506 333 943 391 TRISTIUM
985 335 1151 390 LIB.
1195 335 1244 389 Ι.
1288 335 1534 391 ELEG.
1580 338 1651 390 X.
1897 340 1955 392 51

287 453 486 514 Seston
515 450 785 535 Abydena
815 464 1028 533 separat
1055 450 1192 511 urbe
1218 449 1444 512 fretum:

209 549 460 632 Hincque
490 545 869 630 Propontiacis
900 545 1189 606 haerentem
1219 545 1455 629 Cyzicon
1483 545 1619 619 oris,

293 645 555 728 Cyzicon,
584 640 885 703 Haemoniae
909 640 1098 702 nobile
1128 643 1304 721 gentis
1333 657 1476 726 o‘pus
1501 666 1514 703 ε
1924 661 1976 703 30

207 741 448 824 Quaque
478 755 665 801 tenent
690 738 856 799 Ponti
883 738 1144 822 Byzantia
1174 738 1338 802 litora
1370 738 1551 802 fauces
1576 765 1589 801 ε

290 837 394 896 Hic
424 835 577 896 locus
607 849 691 895 est
720 833 920 913 gemini
946 835 1110 916 janua
1137 849 1287 897 vasta
1318 836 1499 896 mariS.

211 931 366 1004 Haec,
399 927 894 1015 precorqevincat,
925 928 1297 1013 propulsaque
1325 930 1588 994 flantibus
1613 929 1834 991 Austris

261 1095 326 1138 28.
361 1094 509 1137 Seston
540 1095 755 1152 Abydena.
789 1094 840 1137 In
875 1092 1048 1149 Europa

203 1160 326 1203 enim
346 1159 503 1204 Seston
527 1160 710 1214 urbem,
735 1159 778 1202 in
803 1159 902 1203 Asia
927 1158 1051 1218 Aby-

205 1224 294 1267 don
313 1223 445 1268 ‘fuisse
464 1257 474 1279 ,
502 1223 648 1268 scribit
670 1223 861 1267 Plinius:
886 1222 930 1266 in
952 1238 1045 1266 me·

204 1288 278 1332 dio
294 1303 398 1333 vero
416 1288 639 1345 utriusque
662 1287 777 1331 urbis
790 1287 1048 1343 Hellespon·

205 1364 274 1399 tus
295 1353 390 1398 fuit.

261 1434 324 1479 29.
341 1420 530 1475 thcque
541 1419 829 1473 Propontiacis
839 1418 1051 1461 herentem

209 1484 249 1527 C
237 1487 392 1543 yu’cou
411 1487 509 1527 orae's.
523 1483 639 1527 Puto
653 1480 930 1526 scribendum
944 1483 1051 1525 Pro-

197 1551 413 1606 poatt’acr‘s
438 1555 668 1603 surgentem
700 1548 914 1606 Cyzicon‚·
949 1562 1052 1589 nam

206 1613 251 1657 in
267 1612 384 1658 edito
396 1611 502 1657 colle
517 1611 594 1656 sita
613 1620 703 1656 erat
717 1629 727 1663 ;
745 1611 838 1655 Val.
853 1611 1027 1655 Flaccus
1041 1644 1053 1666 ,

209 1679 255 1723 11
272 1711 284 1734 ,
302 1678 382 1724 635
394 1693 473 1736 sqq
495 1693 504 1721 z
526 1695 547 1715 «
566 1677 657 1721 Nec
671 1676 819 1734 procul
838 1676 891 1720 ad
910 1676 1053 1721 tenuis

207 1743 345 1803 surgit
363 1743 555 1790 confinia
582 1742 706 1801 ponti
736 1742 854 1787 Urbs
882 1741 1056 1800 placidis

209 1808 541 1866 demissajugis;
566 1824 640 1851 rex
653 1806 794 1851 divitis
814 1807 901 1863 agri
929 1805 1056 1866 Cyzi-

208 1890 309 1927 cus;
342 1892 364 1914 ι»
395 1871 472 1918 sed
506 1881 550 1917 et
569 1871 826 1930 Apollonius
858 1869 1056 1915 Rhodius

207 1940 252 1984 in
275 1940 370 1997 ejus
389 1938 708 1996 descriptione:
727 1931 826 1983 ἐστι
852 1940 892 1981 δι’
913 1957 970 1987 τις
990 1941 1032 1981 αἱ

207 2013 296 2050 κιῒα
316 2012 455 2066 Προκον
436 2009 558 2052 urim
594 2007 772 2048 ruvo-oo«
755 2012 889 2055 νῆσος,
916 2005 1057 2046 Turo'v

211 2071 282 2114 ἄπο
295 2077 343 2132 01.
348 2088 454 2126 imin
467 2073 665 2119 κολυληῖου
690 2071 876 2129 iit-cipue,
895 2070 963 2116 Εἰς
983 2068 1056 2110 ἅλα

204 2137 376 2191 κεκλιμὲν
358 2154 399 2187 νη
419 2164 432 2190 ,
473 2136 581 2179 See-u
612 2131 647 2177 τ’
677 2135 895 2191 ’κιμυρεται
922 2135 1055 2188 inune

207 2203 344 2262 Χέρσῳ
365 2202 532 2269 incepti-u
514 2205 578 2250 νὴς
605 2204 806 2254 καταιίμεν
811 2210 857 2246 ος·
889 2198 926 2240 ἕν
908 2199 988 2241 νδ(
1021 2202 1057 2242 οἱ

207 2265 323 2310 ἀκταὶ
343 2251 586 2322 Δμοίὣιμοι
610 2282 665 2306 κει
670 2282 753 2306 ieron
785 2259 820 2306 δ’
853 2265 939 2323 ὑπὲρ
958 2266 1057 2306 adbe-

208 2350 268 2380 τος
285 2334 483 2381 Αἰσήποιο.
505 2327 640 2372 Recte
654 2335 802 2371 autem
821 2325 940 2369 addit
956 2328 1056 2368 Ησ-

208 2399 506 2450 managam
527 2406 661 2449 opus·
646 2424 658 2445 ,
698 2408 801 2435 n-nm
833 2391 885 2434 ab
909 2391 1055 2434 AEneo

211 2460 420 2514 Thessalo
432 2459 589 2518 ¹Cyzici
610 2468 778 2516 partem
796 2466 1056 2501 exstructam

210 2525 343 2570 fuisse
370 2540 450 2569 nos
477 2524 605 2567 docet
629 2523 875 2568 scholiastes
910 2521 1056 2577 Apol-

211 2590 332 2635 lonii.
346 2590 497 2634 Posset
513 2596 558 2632 et
572 2593 800 2642 ite-gentem
816 2585 898 2642 legi
914 2585 959 2627 in
975 2585 1056 2628 Na·

209 2663 316 2699 sone
347 2669 357 2698 :
388 2668 493 2697 nam
519 2651 731 2696 declivem
752 2648 950 2692 Vale-rius
978 2647 1058 2690 de-

210 2720 370 2765 scribit.
391 2718 557 2762 Hnms

255 2787 322 2830 30.
336 2786 531 2844 Cyzicon,
537 2784 760 2826 Ila-monia
773 2781 921 2821 nobile.
935 2776 1058 2836 Cyzi·

214 2868 287 2897 cos
307 2848 516 2908 oppidum
537 2847 622 2891 fuit
642 2846 694 2890 ad
718 2844 1054 2901 Propontidem:

213 2918 331 2978 quod
344 2918 366 2976 (
379 2926 428 2962 ut
438 2916 593 2961 Florus
610 2912 784 2966 scribit)
809 2910 893 2954 fuit
913 2907 1056 2952 nobile

214 3000 332 3038 arce,
349 2981 588 3033 moenibus,
606 2986 761 3036 portu,
782 2975 1056 3031 turribusque

215 3049 471 3095 marmoreis
499 3064 510 3092 ε
542 3045 738 3090 Asiaticae
770 3043 901 3100 plagae
933 3043 1058 3085 litora

215 3105 422 3159 lustravit.
434 3112 563 3156 Mun
565 3112 673 3155 —ln
686 3109 767 3152 hac
777 3108 883 3150 urbe
898 3106 981 3150 fuit
993 3122 1056 3148 re—

215 3179 415 3237 ligiosum
442 3191 610 3234 magnae
634 3173 785 3218 matris
812 3171 1056 3216 delubrum.

219 3246 352 3291 Clor.
366 3266 434 3297 -·,
447 3246 605 3288 Gentis.
633 3242 787 3286 Gentis
813 3239 1027 3283 Thessalae
1041 3271 1053 3293 ‚

218 3319 396 3369 propter
406 3309 614 3369 Cyzicum
624 3305 880 3350 Thessalum
894 3337 906 3358 ,
919 3313 964 3347 et
973 3299 1057 3347 Mi-

219 3390 407 3435 nyarum
419 3388 559 3416 unum
575 3406 587 3427 ,
608 3381 658 3415 ut
676 3371 872 3414 diximus.
891 3370 1057 3428 Minyae

214 3440 338 3483 enim
354 3438 515 3482 familia
534 3437 618 3480 fuit
631 3470 642 3491 ‚
664 3452 757 3492 quae
772 3436 875 3478 'olim
892 3434 1057 3478 Orcho-

1135 1110 1298 1138 menon
1323 1094 1370 1137 in
1393 1094 1559 1138 Boeotia
1579 1094 1744 1138 tenuit:
1765 1102 1910 1151 postea
1934 1092 1976 1136 in

1133 1158 1402 1202 Thessaliam
1415 1159 1615 1215 migravit
1629 1158 1680 1202 ad
1700 1158 1864 1202 lolcum
1881 1173 1891 1201 ε
1906 1173 1981 1201 un-

1134 1223 1189 1269 de
1214 1225 1480 1281 Argonauta
1501 1226 1674 1268 oriundi
1694 1234 1877 1268 sunt.—
1895 1227 1979 1284 Cy-

1133 1295 1255 1334 zicon
1280 1292 1513 1334 Hoemoru'ae.
1538 1290 1747 1350 Cyzicum
1765 1323 1776 1344 ,
1803 1291 1984 1334 Ilaemo-

1134 1355 1218 1398 nioe
1245 1355 1384 1412 gentis
1403 1387 1415 1409 ,
1449 1354 1531 1398 hoc
1555 1365 1620 1399 est
1638 1387 1650 1408 ‚
1675 1353 1982 1398 Thessalorum

1135 1435 1244 1476 opus
1260 1452 1271 1474 ,
1293 1428 1440 1473 vocat,
1457 1430 1547 1462 non
1566 1418 1682 1476 quod
1700 1417 1882 1479 Cyzicus
1898 1420 1982 1476 ipse

1134 1499 1186 1526 ex
1199 1482 1380 1543 Minyis,
1393 1482 1699 1527 sivi-Thessalis
1707 1499 1820 1526 unus
1834 1482 1983 1537 suerit,

1135 1548 1210 1593 sed
1226 1549 1342 1606 quod
1360 1558 1483 1605 pater
1502 1548 1647 1609 Cyzici
1663 1549 1831 1593 AEneus
1844 1548 1985 1592 Tbes-

1133 1614 1247 1658 salus
1270 1614 1445 1658 natione
1465 1614 1561 1657 suit.

1187 1680 1254 1723 3ι.
1279 1682 1453 1735 Quaque
1472 1686 1612 1721 tenen!
1626 1679 1757 1722 Ponte·
1765 1680 1983 1738 Byzantia

1133 1747 1259 1788 litora
1258 1745 1427 1800 fauces.
1446 1745 1482 1787 A
1501 1743 1662 1803 Cyzico
1676 1761 1719 1789 se
1735 1744 1894 1789 deinde
1910 1763 1987 1790 ve-

1137 1810 1246 1853 nisse
1262 1808 1365 1853 dicit
1381 1808 1435 1852 ad
1457 1808 1694 1852 Thracium
1715 1809 1983 1867 Bosporum,

1135 1873 1181 1916 in
1208 1874 1331 1929 cujus
1361 1873 1486 1916 litore
1513 1873 1687 1916 sinistro
1707 1873 1758 1917 ad
1792 1875 1986 1918 Pontum

1138 1938 1361 1983 Euxinum
1382 1939 1681 1997 navigantibus
1701 1950 1795 1984 erat
1813 1941 1988 2000 Byzan-

1138 2004 1247 2047 tium
1262 2036 1275 2059 ,
1294 2004 1397 2047 urbs
1411 2020 1548 2060 quum
1570 2013 1724 2048 natura
1742 2004 1822 2049 loci
1845 2007 1987 2050 niuni-

1136 2067 1314 2122 tissima,
1327 2076 1422 2112 tum
1438 2068 1491 2113 ad
1506 2068 1773 2113 fertilitatem
1786 2071 1987 2115 omnium

1136 2149 1286 2177 rerum
1308 2134 1684 2191 opportunissima.

1190 2198 1255 2242 32.
1280 2200 1454 2242 Gemini
1471 2204 1614 2241 murcie.
1641 2199 1920 2255 Propontidis
1942 2210 1988 2245 et

1136 2263 1270 2306 maris
1283 2261 1442 2306 Euxini
1460 2279 1470 2305 ε
1487 2263 1603 2306 inter
1619 2279 1715 2319 quae
1736 2265 1870 2307 maria
1883 2275 1986 2310 sunt

1133 2326 1302 2381 fauces,
1324 2342 1421 2383 quae
1444 2326 1656 2370 Thracius
1677 2327 1895 2384 Bosporus
1916 2345 1987 2386 ap·

1134 2391 1367 2450 pellantur.

1192 2456 1257 2500 33.
1291 2457 1572 2512 propulsaque
1583 2456 1773 2511 sorlibus
1802 2458 1986 2504 Austris.

1133 2522 1328 2565 flatibus
1363 2525 1519 2566 Austri
1545 2531 1711 2565 veteres
1745 2539 1903 2579 magna
1935 2540 1985 2567 cx

1137 2595 1286 2642 parte:
1304 2586 1780 2643 Medonianusflatibus
1790 2589 1983 2632 Austris:

1135 2653 1272 2698 scribe
1258 2656 1485 2715 finttbus
1498 2654 1683 2703 Austrtlr.
1702 2663 1750 2696 ut
1763 2654 1874 2711 apud
1889 2655 1987 2698 Sta·

1135 2716 1247 2759 tium
1263 2748 1274 2770 ,
1296 2716 1436 2759 Theb.
1456 2716 1528 2760 lib.
1551 2718 1621 2761 XI
1642 2750 1654 2772 ,
1677 2733 1788 2760 vers.
1804 2719 1862 2772 4²
1876 2735 1980 2775 sqq:

1140 2798 1268 2826 «ceu
1299 2781 1670 2826 circumflantibus
1701 2784 1870 2828 Austris
1901 2786 1982 2827 Al·

1138 2855 1289 2890 ternus
1301 2848 1544 2904 procumbit
1559 2864 1684 2904 ager:
1708 2867 1728 2885 »ι
1743 2850 1777 2892 si
1797 2850 1985 2906 quissta-

1135 2917 1247 2956 tibus
1263 2916 1416 2957 Austri
1428 2915 1549 2958 malit
1565 2947 1576 2968 ,
1603 2932 1699 2959 ecce
1730 2917 1847 2972 paria
1871 2917 1983 2960 Met.

1139 2979 1254 3033 Vll,
1267 2995 1326 3022 vs.
1345 2980 1448 3022 532:
1463 2998 1484 3016 α
1498 2979 1730 3024 Lethiferis
1747 2981 1871 3024 calidi
1891 2982 1982 3037 spi-

1136 3053 1290 3086 rarunt
1315 3043 1485 3087 flatibus
1518 3045 1682 3088 Austri.
1708 3064 1730 3082 »
1763 3048 1829 3089 Ita
1860 3047 1980 3089 enim

1137 3107 1305 3151 codices
1337 3108 1536 3151 nonnulli
1570 3110 1734 3166 antiqui
1751 3128 1761 3161 ;
1794 3109 1865 3153 lib.
1886 3112 1951 3155 XI
1966 3124 2004 3167 ,⁴

1137 3189 1246 3216 vers.
1266 3173 1348 3227 664
1367 3189 1378 3215 :
1396 3191 1418 3209 «
1434 3174 1595 3216 Auster
1612 3183 1654 3216 et
1668 3174 1833 3231 ingenti
1849 3176 1984 3232 jacta-

1137 3248 1228 3283 tam
1255 3238 1432 3281 flamine
1459 3240 1594 3282 solvit.
1627 3258 1647 3276 »
1678 3239 1835 3284 Cicero
1859 3241 1983 3285 Cor-

1138 3306 1304 3359 nificio,
1326 3305 1396 3348 lib.
1420 3306 1510 3349 XII
1531 3305 1665 3363 Epist.
1683 3326 1704 3344 κ
1725 3307 1887 3352 Auster
1903 3309 1983 3351 ad-

1137 3387 1285 3414 versus
1303 3370 1492 3413 maximo
1512 3370 1618 3415 ssatu
1637 3387 1707 3415 me
1729 3372 1782 3415 ad
1804 3373 1980 3417 tribules

1139 3444 1235 3479 tuos
1249 3435 1468 3492 Rhegium
1488 3437 1649 3480 retulit.
1663 3454 1685 3474 »
1706 3437 1767 3480 H.
