2280 3776
447 286 902 344 TRISTIUM
947 285 1105 343 LIB.
1150 286 1278 341 111.
1327 285 1571 342 ELEG.
1620 288 1729 343 VI.

1871 307 1964 341 121

222 447 224 450 -
291 404 724 488 Pectoribusque
752 404 920 465 dabas
951 402 1120 465 multa
1150 404 1380 483 tegenda
1404 404 1572 464 meis:
1928 434 1975 460 ιο

211 502 428 586 Cuique
458 527 557 583 ego
586 503 871 564 narrabam
902 502 1094 563 secreti
1124 503 1399 586 quidquid
1424 502 1722 575 habebam,

294 600 538 682 Excepto
571 597 723 681 quod
751 620 838 658 me
867 597 1137 682 perdidit,
1171 623 1312 660 unus
1343 623 1476 660 eras.

212 692 274 752 ld
305 715 526 775 quoque
555 691 601 752 si
630 692 857 765 scisseS,
890 691 1040 753 salvo
1071 693 1309 755 fruerere
1338 693 1539 767 sodali,

293 786 650 870 Consilioque
680 786 854 849 forem
884 811 1106 871 sospeS,
1137 789 1332 862 amice,
1366 803 1480 850 tuo.

213 884 320 946 Sed
346 909 461 946 mea
489 909 573 945 me
599 885 658 944 in
687 909 904 969 poenam
934 885 1195 946 nimirum
1221 886 1331 946 sata
1361 885 1679 957 trahebant;
1934 901 1980 942 ιε

294 982 476 1041 Omne
503 982 662 1042 bonae
692 982 955 1043 claudunt
983 981 1239 1044 utilitatis
1271 983 1389 1043 iter.

211 1078 335 1139 Sive
363 1079 566 1140 malum
596 1081 756 1163 potui
791 1096 967 1142 tamen
995 1082 1102 1142 hoc
1133 1083 1301 1143 vitare
1329 1081 1600 1151 cavendo;

292 1176 400 1237 Seu
430 1177 570 1238 ratio
599 1177 771 1238 fatum
799 1176 1015 1239 vincere
1043 1176 1194 1239 nulla
1227 1176 1398 1250 valet;

210 1272 298 1332 Tu
328 1287 534 1347 tamen,
565 1298 599 1335 o
626 1274 793 1336 nobis
820 1299 924 1336 usu
951 1274 1292 1356 junctissime
1322 1274 1492 1354 longo
1510 1321 1525 1347 ,

288 1366 705 1436 Parsdesiderii
734 1370 965 1431 maxima
998 1393 1150 1454 paene
1179 1371 1316 1442 mei,
1937 1396 1988 1422 πυ

213 1463 302 1526 Sis
330 1488 564 1541 memor;
594 1482 650 1528 et
668 1514 683 1542 ,
713 1469 761 1530 si
789 1492 928 1552 quas
955 1468 1087 1529 fecit
1114 1468 1216 1528 tibi
1247 1469 1420 1547 gratia
1447 1468 1587 1528 vires
1605 1514 1619 1537 ,

290 1559 421 1624 Illas
445 1587 548 1646 pro
575 1563 741 1626 nobis
772 1566 1045 1649 experiare
1075 1589 1248 1644 rogo:

213 1657 468 1719 Numinis
496 1674 560 1720 ut
587 1658 700 1721 laesi
727 1660 824 1723 fiat
851 1662 1189 1722 mansuetior
1216 1661 1294 1720 ira
1314 1706 1328 1731 ,

293 1755 627 1840 Mutatoque
658 1759 839 1819 minor
868 1759 941 1820 sit
971 1782 1088 1820 mea
1116 1782 1276 1843 poena
1306 1756 1465 1817 loco!

214 1849 390 1934 quue
417 1851 520 1926 ita,
553 1853 601 1913 si
629 1852 839 1915 nullum
868 1853 1046 1916 scelus
1076 1868 1158 1915 est
1183 1854 1239 1914 in
1267 1867 1489 1938 pectore
1516 1866 1746 1924 nostro;
1934 1869 1988 1911 25

293 1948 742 2036 Principiumque
770 1951 877 2013 mei
908 1953 1151 2014 criminis
1178 1976 1331 2014 error
1357 1952 1542 2013 habet.

213 2047 328 2107 Nec
355 2044 469 2110 leve
488 2094 503 2122 ,
533 2066 634 2110 nec
665 2064 846 2111 tutum
876 2065 989 2124 est,
1022 2074 1135 2135 quo
1158 2051 1271 2112 sint
1296 2072 1440 2123 mea,
1475 2047 1651 2110 dicere
1670 2095 1685 2120 ,
1718 2072 1844 2110 casu

292 2145 530 2217 Lumina
554 2146 763 2218 funesti
791 2147 1011 2209 conscia
1037 2147 1181 2209 sacta
1206 2145 1352 2208 mali.

139 2309 141 2313 ι
216 2237 488 2323 Mensque
513 2241 857 2316 reformidat,
887 2242 1057 2304 veluti
1088 2267 1187 2304 sua
1213 2241 1438 2303 vulnera
1456 2287 1471 2314 ,
1503 2255 1716 2325 tempus

275 2390 340 2418 ιο.
359 2377 673 2433 Pectat-ibasque
690 2379 826 2421 dabas
840 2381 971 2425 multa
986 2385 1059 2422 Ie-

215 2440 353 2493 genda
378 2444 492 2484 meis.
523 2442 805 2499 Tanaquillus
823 2442 965 2487 Faber
979 2474 991 2497 ‚
1012 2442 1058 2484 in

220 2502 430 2559 epistolis,
447 2505 518 2551 lib.
538 2506 560 2550 Ι
575 2538 588 2561 ,
607 2507 677 2564 67,
695 2509 868 2563 reponit
882 2523 933 2550 ex
944 2522 1060 2551 con-

220 2569 385 2625 jectura
398 2602 411 2625 ‚
429 2578 582 2615 cuncta
606 2575 782 2628 tegenda
801 2588 814 2615 .·
832 2571 923 2629 jam
942 2572 1062 2623 enim

219 2635 429 2692 superiori
443 2652 570 2681 versu
581 2637 746 2681 dixerat
765 2637 939 2691 Noster,
954 2636 1063 2680 nihil

219 2701 299 2744 sibi
318 2701 504 2746 celatum
521 2702 651 2746 fuisse
673 2703 725 2747 ab
741 2701 825 2747 hoc
838 2702 988 2746 amico.
1008 2724 1063 2734 —

220 2767 442 2812 Junianus
455 2800 467 2824 ,
489 2770 681 2826 regenda.

281 2850 298 2876 1
309 2850 326 2877 1
334 2865 343 2876 .
354 2835 506 2890 Cuique
517 2850 592 2890 ego
603 2835 836 2877 narrabam.
847 2832 962 2890 Leg'e
970 2849 1062 2876 nar-

222 2913 366 2941 rarem.
387 2899 447 2943 H.

283 2962 344 3007 16.
368 2965 499 3008 Omne
514 2967 628 3008 bone
649 2972 695 3008 et
709 2966 921 3009 claudunt.
942 2967 997 3008 Τὸ
1015 2972 1059 3007 et

225 3027 344 3072 abest
355 3044 379 3071 a
390 3028 602 3086 plerisque
614 3031 695 3075 scri
700 3031 792 3088 ptis.
811 3031 912 3075 Hbc
930 3031 1063 3074 etiam

225 3091 440 3136 distichon
467 3093 581 3138 male
610 3095 754 3139 feriati
778 3097 923 3140 nescio
942 3097 1064 3152 cuius

224 3156 543 3214 interpolatoris
552 3167 626 3204 est.
636 3160 926 3217 sequentibus
933 3161 1064 3205 etiam

225 3222 442 3275 versibus,
464 3222 599 3267 otiosa
618 3223 688 3267 illa
706 3225 906 3281 repetitio
923 3235 987 3272 τοῦ
1004 3235 1066 3270 ta-

225 3303 316 3331 men
334 3296 528 3344 suspecta
550 3296 627 3332 est.
651 3289 772 3332 H.—
784 3289 936 3335 Douza
949 3287 1066 3350 lege-

225 3351 299 3395 bat
311 3383 324 3407 ,
345 3368 464 3395 omne
481 3355 627 3396 bonum
643 3355 740 3397 haec.

285 3421 346 3466 18.
360 3422 439 3466 Seu
455 3426 563 3467 ratio
571 3420 725 3477 satum.
735 3421 800 3467 Ex
815 3422 1062 3469 Stoicorum

1139 2376 1358 2421 sententia
1380 2407 1393 2429 ,
1426 2376 1585 2419 Fatum
1619 2390 1708 2418 esse
1742 2374 1988 2419 inevitabile

1141 2441 1256 2486 dicit.
1281 2442 1352 2485 De
1377 2441 1419 2484 vi
1444 2449 1589 2485 autem
1607 2473 1619 2495 ,
1652 2451 1696 2486 et
1713 2441 1809 2485 Fati
1827 2457 1987 2486 neees-

1141 2508 1265 2553 sitate
1275 2541 1288 2564 ,
1307 2509 1407 2554 vide
1417 2509 1530 2554 Gelt.
1549 2509 1621 2553 lib.
1636 2510 1718 2553 VI.

1197 2591 1244 2617 αι
1254 2609 1263 2618 .
1282 2577 1344 2618 Et
1354 2610 1363 2626 ,
1392 2581 1438 2620 si
1445 2592 1549 2632 quas
1551 2575 1667 2631 ficit
1674 2579 1761 2620 tibi
1767 2580 1910 2633 graleu
1922 2580 1990 2619 vi—

1142 2657 1218 2684 res.
1240 2641 1287 2685 Si
1307 2642 1412 2698 quid
1432 2642 1546 2686 vales
1564 2643 1697 2699 gratia
1714 2642 1828 2699 apud
1846 2641 1989 2686 Caesa·

1142 2721 1252 2748 rem.
1278 2706 1407 2750 Mun.
1425 2731 1481 2740 —
1511 2710 1641 2751 Vires.
1670 2707 1986 2751 Auctoritatem

1142 2789 1242 2817 cum
1261 2782 1470 2830 potestate
1486 2773 1666 2832 juvandi
1681 2775 1853 2818 amicos.
1869 2775 1919 2818 Β.

1199 2839 1266 2881 26.
1287 2841 1622 2896 Pn'nct'pe’umque
1640 2843 1731 2883 mei.
1746 2840 1861 2883 Puto
1873 2843 1989 2883 Pre—

1142 2908 1393 2960 cipuumque.
1419 2904 1479 2947 H.

1198 2985 1263 3024 27.
1282 2970 1371 3011 Nec
1389 2971 1523 3019 breve,
1547 2986 1624 3012 nec
1639 2979 1771 3013 tutum
1784 2977 1860 3012 est.
1883 2970 1991 3011 leae

1145 3032 1491 3089 Gottorphianus
1513 3051 1524 3086 ;
1555 3034 1667 3077 bene
1685 3050 1695 3077 t
1717 3037 1759 3078 τὲ
1776 3041 1844 3076 est
1857 3033 1990 3076 etiam

1145 3100 1354 3143 omittunt
1379 3099 1574 3157 plerique
1592 3117 1603 3151 ;
1630 3109 1674 3142 at
1692 3101 1821 3143 Pont.
1843 3099 1914 3142 lib.
1938 3100 1959 3143 Ι
1975 3132 1987 3154 ,

1145 3164 1267 3221 Eleg.
1294 3177 1369 3218 vx,
1396 3181 1456 3207 vs.
1486 3182 1532 3207 21
1560 3180 1570 3207 z
1593 3183 1614 3202 «
1638 3165 1731 3208 Nec
1755 3163 1848 3208 leve
1864 3197 1877 3219 ,
1906 3181 1989 3208 nec

1145 3236 1290 3271 tutum
1304 3236 1368 3271 est
1379 3227 1539 3284 peccati
1556 3243 1651 3284 quae
1663 3228 1717 3271 sit
1734 3229 1857 3286 origo
1871 3228 1987 3271 Scri-

1144 3292 1248 3336 bere
1268 3310 1289 3330 »
1309 3309 1320 3344 ;
1341 3292 1401 3336 sic
1420 3301 1463 3335 et
1483 3292 1541 3335 ibi
1562 3302 1729 3336 veteres
1743 3293 1958 3336 nonnulli.

1199 3375 1264 3418 ²9·
1286 3359 1463 3414 Tempus
1479 3361 1597 3401 illud.
1616 3359 1724 3414 Quo
1739 3358 1986 3415 Augustum

1144 3425 1229 3471 laesi
1245 3457 1258 3482 ,
1282 3425 1459 3483 ejusque
1483 3425 1594 3470 iram
1614 3425 1661 3470 in
1678 3442 1750 3470 me
1766 3425 1991 3470 concitavi.
