2280 3776
292 290 396 342 302
739 289 803 340 P.
851 287 1156 343 0V1D11
1208 287 1597 344 NASONIS

288 402 453 464 Nulla
481 417 660 464 tamen
689 402 931 461 subeunt
957 402 1091 462 mihi
1118 419 1393 487 tempora
1379 405 1616 465 densius
1645 403 1783 478 illis,

371 498 510 577 Quae
536 495 726 556 vellem
756 498 879 556 vitae
910 520 1119 558 summa
1147 499 1314 561 fuisse
1340 524 1485 560 meae.
1555 503 1559 514 '

291 595 482 673 Quum
513 591 752 651 domus
738 592 946 669 lugenti
978 592 1163 653 subito
1190 618 1307 653 mea
1334 594 1487 678 lapsa
1512 595 1670 655 ruina

372 685 659 757 Concidit,
693 685 753 745 in
782 686 988 746 domini
1015 688 1421 771 procubuitque
1450 703 1615 771 caput
1638 736 1652 760 ‚

291 783 489 843 Adfuit
515 783 607 843 ille
636 783 804 856 mihi,
837 809 1007 867 quum
1034 788 1161 867 pars
1188 810 1272 846 me
1301 811 1495 865 magna
1522 785 1771 870 reliquit,
1962 826 1964 828 -
2008 804 2054 845 15

369 883 635 954 Maxime,
669 881 904 942 fortunae
932 905 1030 942 nec
1061 883 1167 942 fuit
1193 883 1315 964 ipse
1339 886 1536 944 comes..

286 980 450 1041 Illum
479 974 579 1060 ego
612 1005 726 1066 non
751 981 908 1041 aliter
933 980 1153 1041 flentem
1182 1005 1300 1042 mea
1327 982 1518 1043 funera
1545 982 1691 1054 vidi,

367 1079 670 1140 Ponendus
699 1102 861 1162 quarn
890 1077 936 1138 si
965 1078 1133 1138 frater
1159 1079 1219 1137 in
1246 1078 1373 1157 igne
1400 1079 1542 1140 foret
1567 1104 1580 1138 :

291 1175 467 1234 Haesit
495 1175 553 1233 in
582 1172 827 1256 amplexu
848 1219 863 1244 ,
895 1172 1320 1256 consolatusque
1342 1174 1606 1255 jacentem
1637 1188 1718 1234 est
1735 1221 1749 1246 ,

371 1269 619 1351 Cumque
650 1269 782 1328 meis
810 1266 1061 1349 lacrymis
1087 1268 1306 1328 miscuit
1333 1293 1507 1351 usque
1539 1293 1681 1330 suas.
1998 1297 2050 1325 ρο

295 1367 347 1427 O
380 1367 619 1448 quoties,
644 1366 765 1426 vitae
793 1380 979 1427 custos
1008 1364 1213 1426 invisus
1243 1389 1459 1437 amarae,

372 1461 663 1521 Continuit
691 1476 935 1543 promtas
964 1460 1023 1519 in
1049 1484 1167 1520 mea
1195 1460 1306 1521 fata
1336 1463 1557 1523 manus!

291 1561 344 1619 O
376 1558 591 1641 quoties
620 1558 757 1617 dixit
783 1583 795 1616 z
819 1556 1103 1640 placabilis
1134 1558 1213 1617 ira
1241 1559 1489 1617 Deorum
1518 1573 1635 1630 est;

367 1656 528 1726 Vive,
562 1680 660 1715 nec
685 1654 895 1733 ignosci
923 1670 984 1714 tu
1012 1654 1117 1714 tibi
1145 1678 1308 1737 posse
1336 1678 1489 1732 nega.

288 1756 413 1813 Vox
440 1770 618 1814 tamen
644 1752 739 1813 illa
767 1753 873 1813 fuit
903 1751 1250 1812 celeberrima
1276 1776 1287 1810 ε
1313 1752 1522 1834 respice
1554 1765 1820 1834 quantum
2005 1767 2058 1811 25

369 1851 586 1910 Debeat
613 1848 801 1909 auxilii
827 1849 1103 1909 Maximus
1131 1872 1245 1908 esse
1275 1848 1375 1909 tibi
1404 1874 1416 1907 ε

289 1947 565 2006 Maximus
593 1946 904 2016 incumbet;
937 1969 1152 2028 quaque
1183 1960 1265 2006 est
1291 1946 1493 2029 pietate
1511 1992 1525 2017 ‚
1556 1944 1772 2023 rogabit
1791 1992 1807 2016 ‚

368 2045 452 2103 Ne
483 2043 556 2102 sit
586 2042 654 2101 ad
684 2057 984 2102 extremum
1015 2042 1243 2101 Caesaris
1272 2041 1352 2101 ira
1381 2056 1540 2100 tenax
1564 2065 1577 2099 :

292 2139 541 2220 Cumque
570 2137 685 2198 suis
715 2137 896 2198 fratris
922 2138 1061 2197 vires
1088 2137 1410 2210 adhibebit,
1444 2152 1501 2198 et
1527 2159 1739 2197 omnem
1767 2184 1782 2206 ‚

350 2321 412 2348 11.
436 2305 622 2346 Densius
636 2308 746 2347 istis.
756 2304 852 2345 Illis
869 2302 1013 2358 scripti
1032 2318 1137 2345 me·—

290 2369 417 2412 liores
432 2386 444 2420 ;
465 2378 509 2412 et
523 2378 670 2425 postea
684 2401 696 2422 ‚
712 2385 786 2411 nec
792 2368 889 2424 suit
896 2371 985 2422 ipse
999 2383 1136 2410 comes

291 2451 371 2492 pro
391 2438 476 2478 ille.
490 2433 551 2477 H.
563 2458 617 2467 —
632 2436 828 2477 Densius.
847 2431 1069 2476 Crebrius.
1081 2455 1136 2465 —-

290 2504 407 2544 Istis.
420 2500 471 2543 Id
481 2509 561 2554 est,
575 2499 842 2556 temporibus
852 2497 990 2554 Celsi,
1003 2515 1136 2556 quan·

291 2566 348 2608 do
364 2582 452 2608 una
472 2582 645 2609 eramus
667 2566 837 2609 Romae.

347 2647 408 2673 12.
431 2632 578 2673 Fuisse
597 2644 789 2682 summa5
817 2646 872 2673 sc.
902 2637 1133 2685 postrema.

353 2698 410 2751 ¹4·
447 2698 651 2739 Concidit.
694 2694 887 2737 Corruit.
923 2694 1134 2752 Designat

292 2772 439 2807 autem
463 2773 635 2819 tempus
653 2779 738 2818 quo
757 2762 880 2820 jussit
903 2777 1006 2805 eum
1027 2762 1133 2804 Au-

289 2829 497 2886 gustus.in
513 2828 706 2871 exsilium
725 2827 909 2870 ite—In
923 2835 1051 2881 caput
1062 2829 1135 2869 do-

291 2898 405 2937 mini.
427 2895 480 2937 In
494 2901 679 2949 caputet
694 2891 929 2948 perniciem
946 2907 1104 2934 meam.

352 2958 412 3001 16.
427 2959 615 3000 Fortunoe
628 2973 704 3000 nec
702 2956 799 3011 fuit
808 2960 878 3000 ille
892 2972 1039 2999 comes.
1054 2956 1132 2999 Ille

292 3041 315 3067 a
347 3040 420 3067 me
468 3023 762 3067 discedentem
794 3021 1018 3065 fortunam
1054 3037 1133 3064 se-

290 3097 413 3131 cutus
430 3097 504 3137 est.
520 3088 585 3131 Illi
601 3087 719 3130 enim
739 3096 840 3130 sunt
855 3086 1044 3129 fortunae
1057 3101 1133 3128 co-

292 3155 419 3197 mites
433 3187 444 3208 ,
468 3154 541 3210 qui
561 3169 646 3210 quo
666 3171 709 3197 se
725 3153 816 3208 illa,
839 3170 890 3196 eo
905 3162 948 3196 et
961 3153 1040 3210 ipsi
1055 3185 1067 3207 ,
1088 3161 1132 3196 et

292 3234 446 3262 eorum
471 3218 594 3260 favor
612 3218 802 3262 inclinat.

351 3301 410 3338 17.
431 3283 706 3337 Measunera.
732 3284 883 3327 Meam
903 3282 1131 3327 calamita-

291 3358 382 3392 tem
403 3347 695 3404 exsiliumque.

350 3428 413 3453 21.
451 3413 602 3455 Custos
635 3416 803 3457 invisus.
840 3411 990 3456 Celsus
1022 3411 1130 3455 mihi

1217 2302 1401 2346 infestus
1415 2336 1427 2357 ,
1451 2301 1569 2358 quod
1595 2300 1887 2361 custodiebat,
1909 2317 1966 2344 ne
1985 2317 2057 2344 me

1216 2369 1526 2414 interficerem.

1271 2451 1336 2477 22.
1373 2435 1596 2478 Continuit.
1625 2435 1887 2478 R'e'moratus
1912 2441 1987 2478 est.
2004 2457 2059 2464 —

1214 2502 1407 2543 Promtas
1430 2505 1476 2543 in
1497 2516 1592 2544 mea
1602 2501 1720 2557 sata.
1754 2499 1983 2556 Expeditas
2013 2507 2058 2542 et

1215 2573 1383 2622 paratas
1405 2565 1458 2608 ad
1475 2582 1544 2610 me
1566 2564 1934 2609 interficiendum.

1271 2631 1334 2674 23.
1372 2633 1443 2673 Ira
1471 2633 1665 2674 Deorum.
1698 2631 1770 2674 Ira
1801 2628 1986 2685 Augusti
2012 2637 2057 2671 et

1215 2695 1310 2752 ejus
1328 2695 1577 2741 liberorum.
1613 2703 1617 2707 ”

1270 2763 1335 2803 25.
1363 2763 1449 2803 Illa
1465 2761 1562 2815 snit
1584 2763 1856 2804 celeberrima.
1883 2760 2058 2803 Creber-

1215 2828 1320 2867 rima
1335 2858 1347 2880 ‚
1370 2825 1534 2868 Moreti
1555 2834 1599 2867 et
1620 2824 1818 2868 Francos.
1840 2839 1919 2881 pro
1940 2824 2057 2867 varia

1214 2888 1396 2932 lectione
1421 2906 1432 2940 ;
1465 2904 1561 2945 quae
1593 2896 1658 2932 est
1682 2887 1829 2945 glossa.
1860 2888 1920 2931 Et
1944 2903 2057 2943 saepe.

1214 2954 1329 3011 apud
1351 2956 1572 2999 Nasonem
1589 2963 1856 3012 permutatas
1879 2955 1955 2999 has
1974 2971 2057 2998 vo-

1214 3037 1283 3063 ces
1298 3019 1483 3064 vidimus
1500 3039 1511 3073 ;
1528 3030 1576 3063 ut
1594 3020 1747 3064 Amor.
1763 3021 1835 3066 III
1849 3055 1861 3076 ‚
1875 3022 1922 3074 33
1945 3021 2057 3064 Met.

1214 3087 1299 3141 IV,
1317 3088 1369 3146 89
1383 3120 1395 3142 ‚
1418 3096 1462 3131 et
1475 3087 1587 3130 alibi.
1601 3087 1722 3132 Male
1735 3089 1946 3144 explicant
1958 3086 2058 3144 qui-

1214 3151 1332 3206 dam,
1342 3154 1466 3210 praeci
1471 3170 1554 3211 pue
1565 3155 1912 3209 memorabilem,
1920 3169 2058 3211 quum

1212 3220 1293 3274 sit,
1314 3219 1569 3276 frequenter
1586 3220 1752 3263 usitata.
1773 3244 1826 3253 -
1850 3222 2057 3274 Quantum

1212 3286 1360 3326 debeat
1376 3287 1591 3328 auxilium.
1611 3287 1818 3338 Quantum
1836 3286 1992 3327 auxilii
2006 3282 2054 3324 in

1213 3364 1304 3391 uno
1316 3350 1557 3402 Vatican03
1582 3350 1752 3392 rectius.
1777 3349 1836 3392 H.

1269 3430 1331 3472 29.
1357 3416 1457 3457 Oum
1475 3419 1578 3457 smlr.
1600 3414 1978 3459 subaudiamus.
1998 3435 2053 3444 ·—-

2264 1972 2280 2111 qam-82⁴3&
2264 1883 2280 1961 dr*-
2265 1731 2280 1877 :an—222⁵·—
2268 1709 2274 1726 ⁴-
2268 1690 2280 1704 .-
2278 1675 2280 1677 .

2262 2541 2273 2553 ’Ᾱ
2264 2439 2280 2529 roim?
2270 2367 2277 2391 «2-
2271 2334 2280 2352 ν.-
2266 2316 2267 2322 ⁴
2267 2293 2280 2307 -ᾳ-
