2268 3848
163 378 365 401 ΙΜΜἚἎΜ

280 537 725 628 PUBLII
799 535 1211 623 OVIDII
1270 530 1813 621 NASONIS

632 743 1421 856 TRISTIUM
1698 675 1707 686 ’

512 979 1574 1078 LIBER-SECUNDUS,

636 1326 1024 1397 ELEGIA
1087 1325 1440 1397 UNICA.

698 1612 1371 1670 ARGUMENTUM.

167 1757 377 1800 Precatur
394 1754 643 1812 Augustum
662 1752 871 1809 Ovidius,
904 1763 952 1797 ut
967 1787 979 1809 ,
998 1753 1030 1797 si
1051 1769 1142 1797 non
1162 1752 1352 1797 reditum
1372 1750 1503 1807 velit,
1526 1749 1672 1795 mitius
1700 1758 1848 1794 tamen
1880 1766 1927 1794 ac

217 1825 352 1869 tutius
370 1824 562 1869 exsilium
580 1824 814 1876 concedam
835 1824 1021 1882 dicitque
1041 1840 1085 1867 se
1105 1833 1272 1868 tentare
1289 1855 1300 1877 ,
1321 1823 1353 1866 si
1379 1822 1490 1866 sorte
1514 1821 1728 1876 carmina,
1750 1836 1846 1877 quae
1870 1819 1930 1862 illi

218 1903 346 1938 antea
365 1910 553 1938 nocuere
568 1927 580 1949 ,
596 1910 714 1938 nunc
736 1894 900 1951 possint
923 1894 1102 1937 salutem
1124 1892 1307 1936 reddere
1329 1908 1339 1934 ε
1362 1890 1733 1948 quemadmodum
1753 1888 1929 1933 Achillis

216 1965 336 2010 hasta
353 1998 365 2021 ,
391 1980 486 2022 quae
508 1964 756 2022 Telephum
784 1974 828 2009 et
850 1964 1094 2008 vulneravit
1115 1973 1159 2008 et
1187 1963 1364 2008 sanavit.
1384 1962 1537 2020 Longo
1563 1962 1695 2019 igitur
1716 1970 1761 2005 et
1781 1960 1928 2004 artifi-

216 2034 332 2079 cioso
362 2035 554 2079 carmine
586 2043 769 2078 conatur
802 2034 1021 2079 Caesarem
1055 2035 1220 2092 placare
1240 2067 1251 2089 ,
1284 2032 1518 2077 ostendens
1545 2048 1587 2076 se
1619 2031 1755 2075 multa
1793 2030 1846 2074 de
1873 2046 1927 2073 eo

217 2103 427 2160 scripsisse
444 2121 455 2157 ;
478 2112 793 2160 enumeratque
813 2113 960 2161 poetas
978 2103 1080 2147 alios
1099 2119 1230 2159 quam
1250 2102 1480 2159 plurimos,
1502 2100 1574 2158 qui
1591 2114 1819 2156 nunquam
1841 2097 1924 2140 ulla

215 2173 334 2219 clade
358 2174 515 2220 adfecti
532 2184 662 2230 sunt,
685 2175 880 2232 quamvis
900 2174 1119 2219 mordacia
1134 2208 1146 2230 ,
1167 2182 1240 2217 aut
1262 2173 1402 2231 turpi-a
1421 2181 1622 2230 poemata
1641 2170 1869 2215 ediderint.

169 2327 380 2434 Qum
407 2355 543 2416 mihi
571 2356 855 2417 vobiscum
885 2354 1217 2428 est‚1nfelix
1246 2379 1401 2424 eura,
1434 2353 1639 2426 libeni,

242 2452 470 2531 Ingenio
499 2453 638 2536 perii
665 2454 761 2536 qui
789 2455 954 2514 miser
981 2453 1099 2536 ipse
1128 2476 1250 2513 meo
1274 2454 1298 2512 ?

166 2548 306 2619 Cur,
334 2547 500 2607 modo
531 2548 838 2621 damnatas,
872 2562 1087 2632 repet0‚
1118 2571 1235 2607 mea
1263 2547 1513 2619 crimina,
1546 2548 1780 2608 Musas?

242 2642 333 2702 An
358 2641 523 2702 semel
553 2657 636 2704 est
662 2666 878 2726 poenam
905 2643 1288 2703 commeruisse
1316 2647 1554 2726 parum?

166 2729 417 2801 Carmina
445 2739 715 2813 fecerunt,
746 2757 810 2802 ut
838 2764 924 2801 me
951 2764 1282 2820 cognoscere
1310 2739 1508 2802 vellent
1900 2757 1923 2795 r,

245 2836 446 2898 Omine
475 2860 590 2897 non
612 2836 792 2898 fausto
821 2837 1024 2898 femina
1050 2837 1268 2920 virque,
1298 2861 1445 2898 mea:
1487 2912 1497 2919 ·

164 2933 414 2995 Carmina
429 2932 710 3006 fecerunt,
740 2949 805 2993 ut
831 2958 915 2995 me
943 2958 1231 3016 moresque
1258 2950 1473 2996 notaret

242 3029 367 3087 Jam
391 3028 609 3088 demum
636 3028 747 3089 visa
775 3029 956 3088 Caesar
979 3028 1049 3088 ab
1079 3029 1216 3088 Arte
1241 3053 1407 3091 meos.

218 3167 254 3208 5.
288 3165 537 3220 Cognoscere
554 3169 688 3210 vellet.
719 3169 878 3210 Vellent
896 3182 1001 3209 me-
1081 3164 1196 3209 chon
1215 3164 1320 3218 hoc,
1335 3181 1392 3208 ne
1412 3164 1516 3221 quid
1536 3164 1800 3208 dissimulem
1815 3198 1827 3219 ,
1850 3181 1925 3223 ge-

163 3228 317 3280 liores;
351 3229 432 3272 nisi
460 3229 575 3285 quod
603 3229 649 3272 in
676 3231 1001 3288 Hamburgensi
1082 3231 1229 3273 nuinae
1246 3239 1362 3274 notae
1379 3246 1469 3273 non
1489 3246 1577 3274 esse
1597 3229 1735 3274 habeo
1747 3247 1925 3287 persua-

162 3297 316 3347 velle-s,-
347 3294 534 3349 quinque
557 3294 624 3338 alii
640 3304 824 3350 possent.
848 3296 1002 3340 Proxi-
1082 3310 1192 3338 sum.
1215 3295 1381 3339 Hnms.

162 3374 236 3401 mo
247 3374 372 3401 versu
387 3374 465 3415 pro
478 3375 566 3402 meo
577 3359 883 3416 reponendum
894 3377 1002 3416 mea,·
1142 3363 1179 3405 8.
1211 3364 1466 3417 Jamprzdem
1494 3366 1641 3408 ιἠρίω.
1671 3365 1927 3419 Iampridem

164 3424 361 3469 videlicet
378 3426 594 3470 carmina:
613 3436 741 3484 atque
762 3428 821 3471 ita
842 3429 1006 3472 Putea·
1085 3432 1180 3472 visa
1198 3427 1325 3470 multi
1341 3437 1536 3481 veteres;
1563 3437 1750 3486 quatuor
1773 3428 1929 3471 melio-

164 3507 272 3534 neus
289 3490 423 3535 codex
440 3508 451 3545 ;
480 3491 711 3537 patavinus
730 3509 839 3537 meae.
860 3493 1004 3538 Disti-
1085 3511 1157 3540 res
1174 3496 1275 3538 Jam
1291 3497 1451 3539 demum
1474 3500 1595 3549 visas
1624 3495 1740 3552 quod
1759 3509 1930 3549 sequor-
