2280 3776
423 320 537 375 EX
578 318 874 376 PONTO
914 319 1070 374 LIB.
1115 320 1163 372 1.
1210 317 1494 375 EPIST.
1537 321 1735 375 VIII.

1859 346 1968 397 299

201 438 361 518 Quos
388 461 488 516 ego
516 436 700 497 nescio
730 435 817 496 cui
845 433 1026 506 colui,
1057 430 1262 519 quibus
1294 436 1412 520 ipse
1440 435 1690 497 solebam
1914 458 1967 511 (1⁵

280 533 369 595 Ad
399 548 511 594 sata
538 533 816 604 fontanas,
847 555 946 593 nec
975 532 1148 615 pudet
1166 579 1181 604 ‚
1210 533 1405 594 addere
1431 558 1615 616 aquas.

202 633 342 694 Sunt
370 632 480 704 ibi,
510 631 559 693 si
585 631 803 702 vivunt,
834 645 1018 691 nostra
1052 654 1273 714 quoque
1303 633 1513 694 consita
1541 631 1847 716 quondam,

284 727 390 789 Sed
419 749 530 787 non
563 740 617 787 et
642 740 829 787 nostra
858 750 1020 809 poma
1048 724 1274 804 legenda
1301 750 1483 787 manu.

201 823 311 883 Pro
340 821 544 906 quibus
573 821 786 883 amissis
815 821 1021 883 utinam
1050 821 1366 900 contingere
1392 822 1569 905 possit

283 917 388 978 Hic
417 917 603 978 saltem
633 917 867 1000 profugo
895 914 1052 994 gleba
1079 916 1310 977 colenda
1338 916 1473 977 mihi
1498 919 1509 976 !
1916 934 1970 975 50

202 1014 325 1095 Ipse
351 1036 453 1091 ego
480 1011 806 1095 pendenteS‚
838 1010 999 1071 liceat
1027 1010 1224 1084 modo,
1254 1034 1390 1094 rupe
1418 1010 1683 1095 capellas,

280 1110 405 1195 lpse
433 1108 593 1170 velim
620 1107 818 1169 baculo
842 1131 1061 1191 pascere
1086 1109 1246 1169 nixus
1278 1132 1407 1168 oves
1433 1134 1445 1167 :

199 1207 325 1291 Ipse
359 1229 459 1285 ego
481 1253 495 1278 ‚
524 1230 591 1267 ne
622 1205 798 1268 solitis
823 1207 1083 1267 insistant
1109 1220 1333 1288 pectora
1365 1204 1510 1264 curis
1529 1251 1541 1275 ,

277 1302 490 1362 Ducam
517 1301 782 1362 ruricolas
812 1301 916 1362 sub
943 1302 1071 1382 juga
1103 1299 1283 1383 panda
1313 1299 1484 1359 boves
1509 1323 1520 1358 ε

199 1398 274 1458 Et
300 1398 500 1459 discam
534 1399 710 1459 Getici
744 1422 862 1482 quae
893 1397 1084 1459 norint
1108 1397 1271 1457 verba
1301 1394 1547 1476 juvenci;

1918 1410 1940 1451 ιἾ

1944 1422 1968 1451 2*
1951 1411 1962 1419 v

281 1492 556 1556 Adsuetas
574 1493 691 1576 ,illis
721 1494 1078 1577 adjiciamque
1106 1492 1311 1554 minas:

200 1593 352 1676 Ipse,
387 1616 551 1653 manu
581 1591 836 1676 capulum
869 1592 1044 1676 pressi
1073 1590 1386 1652 moderatus
1415 1587 1616 1661 aratri,

200 1744 283 1789 hoc
293 1745 730 1804 locointelligendum
743 1747 818 1802 sit,
839 1760 934 1803 quae
947 1761 1042 1802 pro-

199 1810 292 1868 prie
325 1809 507 1854 Claudia
542 1810 653 1855 dicta
695 1810 779 1855 suit
805 1843 816 1866 ,
846 1811 890 1853 in
922 1819 1041 1867 parte

200 1873 406 1929 Etruriae,
421 1890 509 1917 non
525 1874 675 1932 procul
688 1891 710 1918 a
727 1875 818 1918 lacu
835 1873 1015 1918 Cimino
1028 1906 1039 1927 ‚

198 1939 273 1984 ubi
287 1948 330 1983 et
344 1939 612 1997 praefecturae
624 1939 821 1994 Claudii,
837 1947 880 1982 et
894 1939 1042 1982 sorum

200 2003 372 2058 Claudii
394 2004 625 2062 aliquando
642 2005 780 2048 fuere.
800 2004 867 2048 De
889 2004 1044 2061 quibus

197 2068 301 2114 locis
326 2078 370 2114 et
397 2068 566 2114 Plinius
586 2069 817 2124 meminit,
848 2069 918 2113 lib.
946 2070 1010 2114 ΙΙΙ
1031 2102 1042 2123 ,

198 2150 240 2191 p.
259 2135 296 2178 5.
317 2134 384 2181 Ut
400 2135 454 2179 sit
469 2135 685 2179 sententia
707 2143 870 2193 poetae:
890 2150 934 2176 se
952 2134 1041 2191 jam

199 2215 342 2256 neque
367 2200 540 2255 hortos,
567 2199 655 2244 sive
687 2216 836 2257 agros,
867 2215 974 2256 quos
998 2200 1043 2242 in

199 2262 390 2323 Pelignis
406 2265 580 2320 habuit,
603 2265 849 2310 desiderare
869 2283 879 2309 :
893 2282 1042 2330 peque

200 2346 275 2374 eos
290 2329 396 2386 quos
409 2329 527 2387 juxta
540 2330 802 2388 Flaminiam
815 2330 946 2375 coluit
960 2364 971 2385 ‚
989 2347 1043 2375 eo

201 2394 669 2454 loco,ubiFlaminiaet
680 2394 861 2439 Claudia
871 2396 1046 2453 viajun·

202 2456 375 2518 guntur}
390 2456 617 2519 Μμοῐιπ-
625 2458 713 2502 Pro
729 2461 1044 2512 Claude‘a‚recte

207 2524 360 2568 Clodia
387 2523 672 2584 Sa'rravianus
696 2541 707 2575 3
742 2521 882 2580 prima
913 2521 1047 2565 editio

207 2590 372 2637 Cludia.
415 2591 567 2634 Clodia
594 2588 714 2632 enim
754 2585 1048 2643 adpellabatur

202 2654 296 2699 haec
310 2654 378 2698 via
393 2688 406 2709 ‚
428 2671 506 2712 per
521 2670 653 2712 quam
673 2652 758 2697 iter
770 2652 912 2696 Roma
923 2683 935 2705 ,
956 2652 1048 2694 Lu-

203 2736 326 2778 cam,
348 2720 586 2768 Pistorium
605 2728 649 2764 et
673 2718 941 2762 Florentiam
962 2717 1050 2761 fie-

203 2786 277 2834 bat
290 2820 302 2842 ,
323 2796 372 2831 ut
385 2804 436 2831 ex
451 2786 682 2831 Itinerario
698 2785 914 2829 Antonini
929 2784 1050 2828 disci-

205 2865 303 2896 mus
319 2884 331 2908 ,
349 2852 434 2896 hoc
452 2861 541 2907 est,
562 2869 641 2910 per
662 2851 977 2909 Apenninum;
1000 2859 1050 2894 ut

205 2911 294 2973 jam
306 2912 473 2963 constet
487 2951 499 2974 ,
525 2920 703 2976 quinam
726 2917 903 2976 piniferi
921 2917 1048 2961 colles

207 2980 293 3024 sint
312 2981 502 3037 Nasoni,
534 2999 671 3040 quum
694 2983 955 3039 Apenninus
973 2983 1050 3038 pi-

208 3059 318 3094 num
331 3045 572 3090 etiamnum
582 3047 981 3104 frequentissimam
990 3045 1050 3088 fe-

206 3118 286 3153 rat.
314 3110 368 3154 In
395 3110 561 3154 Tabula
581 3111 920 3169 peutingeriana
937 3143 948 3165 ,
975 3112 1056 3153 Ad

207 3181 369 3217 sextum
387 3178 461 3216 via
487 3176 647 3218 Clodia.
677 3175 731 3218 In
754 3175 934 3219 Gruteri
964 3175 1053 3218 In-

207 3239 350 3295 script.
371 3255 413 3296 p.
433 3251 624 3283 CCCXCIX
642 3272 653 3294 ,
678 3249 722 3283 et
741 3256 781 3296 p.
804 3252 1049 3295 cccchvl,

207 3305 378 3349 mentio
401 3304 452 3349 fit
478 3304 770 3350 Curta-roms.
791 3320 898 3350 vim.
922 3304 1052 3351 Cro-

210 3385 314 3415 ΜΕ.
329 3372 514 3415 AlsmAE.
531 3371 1052 3417 CAsS1AE.G11v1m1AE.seu

214 3436 761 3499 CIMINAE.H.——Gyraldus
773 3439 816 3484 in
833 3441 934 3484 Vita
947 3439 1052 3485 Ovi-

1124 1745 1183 1788 ‹lii
1203 1744 1376 1788 videtur
1395 1742 1542 1800 legisse
1557 1774 1569 1796 ,
1596 1743 1772 1794 casum
1793 1755 1895 1783 nam
1911 1738 1975 1782 di·

1123 1811 1180 1854 cit
1205 1827 1215 1854 z
1237 1828 1257 1846 κ
1283 1810 1448 1852 Hortos
1472 1807 1668 1850 habuisse
1702 1821 1834 1863 prope
1861 1805 1974 1848 viam

1123 1876 1382 1919 Flaminiam
1410 1907 1423 1929 ‚
1470 1889 1566 1930 quae
1619 1871 1777 1915 Cassiae
1825 1872 1973 1926 juncta

1124 1940 1221 1984 fuit.
1248 1959 1269 1978 ιι
1310 1939 1377 1983 De
1417 1948 1599 1995 utraque
1639 1937 1707 1980 via
1741 1938 1895 1979 Cassia
1932 1945 1977 1978 et

1130 2009 1279 2050 Clodia
1298 2006 1383 2049 vid.
1403 2006 1580 2063 Berger.
1603 2003 1657 2047 de
1679 2001 1868 2047 Publicis
1890 2002 1974 2045 Ro-

1126 2071 1357 2115 manorum
1381 2070 1497 2124 Viis,
1521 2068 1589 2112 lib.
1612 2068 1703 2122 111,
1726 2071 1816 2124 ca'p.
1841 2083 1905 2108 αα.

1180 2138 1245 2193 47.
1268 2137 1443 2179 consita
1454 2135 1653 2191 quedam.
1667 2131 1822 2175 Malim
1843 2147 1975 2186 quon·
2016 2180 2022 2187 ·

1126 2204 1247 2254 darm·
1263 2211 1392 2258 atque
1408 2202 1467 2244 ita
1483 2217 1596 2244 unus
1608 2200 1975 2243 Vaticanuszmox

1126 2271 1360 2321 contingere
1372 2270 1513 2320 possit
1530 2264 1744 2308 meliores.
1768 2264 1828 2306 H.

1184 2334 1247 2374 52.
1270 2333 1406 2373 Nixus
1425 2333 1585 2372 baculo.
1599 2329 1786 2371 Haerens
1805 2328 1974 2382 baculo,

1129 2395 1182 2438 de
1203 2411 1326 2438 more
1349 2402 1585 2451 pastorum.

1185 2463 1247 2517 54.
1280 2462 1362 2503 Sub
1384 2461 1497 2516 juga
1520 2462 1682 2514 panda.
1717 2459 1809 2502 Sub
1846 2474 1978 2503 curva

1127 2527 1242 2583 juga.

1118 2623 1123 2627 -
1188 2595 1254 2635 55.
1280 2592 1379 2645 Qua·
1396 2599 1550 2634 norunt
1565 2594 1701 2634 wrba.
1724 2590 1879 2633 Malim
1900 2605 1979 2632 no-

1130 2659 1215 2698 rint
1241 2672 1341 2699 cum
1375 2672 1465 2698 uno
1488 2655 1707 2700 Vaticano
1731 2673 1742 2708 ;
1776 2664 1820 2699 et
1851 2670 1978 2697 versu

1130 2720 1392 2777 praecedenti
1410 2754 1422 2774 ,
1443 2723 1608 2764 Ducere
1629 2736 1709 2777 pro
1725 2721 1892 2762 Ducam
1908 2753 1918 2770 ‚
1946 2719 1981 2762 si

1130 2802 1209 2842 per
1227 2787 1407 2844 scriptos
1425 2787 1594 2831 codices
1615 2787 1760 2840 liceat,
1788 2795 1837 2829 ut
1858 2784 1979 2828 refe-

1131 2860 1253 2895 ratur
1269 2850 1320 2894 ad
1336 2855 1377 2896 τὲ
1392 2855 1516 2894 velim
1529 2886 1539 2903 ,
1558 2850 1675 2909 quod
1693 2858 1981 2909 praecesserat.

1189 2917 1255 2959 56.
1288 2917 1434 2959 Minas
1461 2919 1664 2959 adsuetas
1697 2919 1798 2959 illt‘s.
1833 2915 1980 2958 Minas

1133 2983 1286 3039 quibus
1306 2981 1597 3025 adsueverunt
1615 2983 1679 3025 uti
1697 2981 1834 3025 Getae.

1187 3051 1252 3105 57.
1272 3048 1471 3102 capulum
1479 3051 1623 3102 pressi
1635 3050 1868 3090 moderatus
1879 3063 1983 3089 ara-

1132 3117 1197 3157 tri.
1216 3113 1768 3157 Prensiaraln'Sarravian.
1792 3113 1920 3156 Polit.
1937 3123 1982 3157 et

1133 3179 1259 3224 multi
1275 3179 1343 3222 alii
1370 3196 1379 3222 :
1407 3179 1483 3223 sed
1506 3188 1549 3222 et
1574 3178 1745 3237 vulgata
1769 3180 1981 3237 scriptura

1132 3245 1239 3289 ferri
1253 3253 1394 3301 potest
1409 3262 1419 3296 ;
1435 3245 1567 3287 Trist.
1581 3244 1669 3299 III,
1687 3259 1714 3286 x
1730 3278 1742 3300 ,
1761 3245 1837 3288 68:
1853 3263 1873 3282 κ
1889 3245 1982 3288 Nec

1135 3309 1362 3365 quisquam
1385 3324 1531 3364 presso
1551 3324 1728 3352 vomere
1743 3309 1878 3352 sulcat
1894 3308 1981 3351 hu-

1134 3391 1270 3418 mum.
1285 3376 1617 3432 H.—Capulum.
1636 3375 1980 3435 Stivam.—··Ara-

1135 3445 1352 3499 trt'pressq'.
1378 3441 1519 3484 Aratri
1543 3440 1744 3498 depressi.
