2280 3776
530 283 642 337 EX
682 281 988 338 PONTO
1026 281 1192 337 LIB.
1237 282 1348 335 IV.
1394 281 1677 337 EPIST.
1723 285 1796 338 X.

1938 285 2044 354 455

282 399 454 461 Gutta
484 414 633 461 cavat
661 398 925 482 lapidem;
957 398 1300 460 consumitur
1326 397 1562 460 annulus
1590 423 1728 472 usu;
2021 421 2045 460 5

360 497 435 555 Et
456 493 649 555 teritur
675 516 862 578 pressa
891 517 1079 554 vomer
1103 493 1348 556 aduncus
1378 494 1569 556 humo.

280 594 523 676 Tempus
552 590 686 651 edax
714 590 909 669 igitur,
945 604 1142 673 praeter
1170 614 1298 662 noS‚
1334 591 1519 652 omnia
1546 589 1773 675 perdet?

363 687 554 748 Cessat
575 686 776 748 duritia
804 711 954 749 mors
982 711 1204 770 quoque
1233 687 1374 749 victa
1402 711 1537 749 mea.

282 783 609 867 Exemplum
640 797 721 844 est
748 782 915 844 animi
946 782 1179 845 nimium
1204 782 1467 866 patientis
1495 782 1752 867 Ulysses‚

362 881 609 941 Jactatus
639 879 810 940 dubio
834 903 935 964 per
966 880 1078 941 duo
1106 879 1280 942 lustra
1306 880 1458 941 mari.
2012 912 2061 941 u·

280 975 555 1058 Tempora
582 974 801 1036 solliciti
830 975 925 1036 sed
952 999 1066 1036 non
1098 990 1276 1037 tamen
1306 976 1490 1036 omnia
1516 976 1616 1037 sati

364 1068 629 1141 Pertulit,
660 1083 717 1130 et
747 1068 973 1154 placidae
999 1094 1140 1154 saepe
1172 1070 1322 1133 fuere
1351 1095 1535 1133 morae.

282 1164 369 1223 An
400 1186 558 1243 grave
590 1187 684 1225 sex
713 1164 872 1225 annis
900 1163 1187 1249 pulchram
1218 1164 1418 1227 fovisse
1449 1165 1723 1250 Calypso,

363 1261 762 1345 AEquoreaeque
789 1262 897 1324 fuit
921 1262 1289 1325 concubuisse
1317 1264 1488 1324 Deae?

279 1357 500 1442 Excipit
526 1358 899 1442 Hippotades,
927 1360 1023 1443 qui
1051 1358 1144 1420 dat
1172 1384 1277 1445 pro
1302 1384 1528 1422 munere
1556 1375 1780 1435 ventoS‚
2008 1381 2055 1422 15

363 1453 566 1515 Curvet
590 1468 653 1515 ut
681 1453 950 1538 impulsos
978 1455 1130 1517 utilis
1159 1481 1289 1518 aura
1314 1458 1485 1518 sinuS.

281 1551 396 1610 Nec
422 1549 566 1611 bene.
594 1565 873 1616 cantantes
898 1551 1059 1614 labor
1086 1567 1171 1615 est
1198 1553 1417 1615 audisse
1441 1552 1683 1637 puellas;

362 1648 478 1708 Nec
506 1647 818 1727 degustanti
847 1649 997 1711 lotos
1028 1673 1206 1712 amara
1233 1650 1355 1712 fuit.

285 1743 407 1804 Hos
434 1767 567 1823 ege,
599 1746 694 1828 qui
722 1747 911 1829 patriae
937 1746 1141 1807 saciant
1169 1747 1404 1821 oblivia,
1435 1772 1628 1810 succos

337 1902 375 1946 6.
394 1905 455 1946 ΕΙ
467 1907 618 1947 teritur.
635 1902 790 1947 Malim
808 1906 1038 1959 Adterz‘tur,
1056 1905 1124 1949 vel

283 1971 511 2023 Dete-ritum
532 1970 856 2028 Rottendorph.
873 1973 1120 2025 Conteritur,

283 2049 370 2091 quo
383 2035 518 2079 verbo
539 2051 640 2080 usus
654 2044 718 2079 est
731 2035 1027 2079 Medicamine
1046 2036 1123 2079 Fa-

277 2095 359 2144 ciei
374 2115 385 2143 ς
400 2115 501 2143 mox
508 2103 654 2155 perdet
664 2115 744 2157 pro
750 2102 895 2156 perdit
903 2098 1119 2143 meliores.

341 2181 402 2208 ια.
416 2166 565 2210 More.
577 2166 810 2210 Intervalla
824 2164 1043 2209 morandi.
1058 2164 1124 2209 M.

282 2252 336 2262 —
350 2231 413 2272 Et
417 2233 600 2285 placide
617 2247 724 2285 sepe
734 2230 856 2286 suere
871 2247 1008 2274 mora.
1024 2231 1125 2273 Hoc

283 2303 363 2350 est,
389 2295 560 2340 tamztsi
570 2296 717 2340 multis
737 2313 785 2340 ac
804 2296 933 2340 variis
950 2296 1123 2352 pericu-

283 2360 333 2404 lis
348 2361 853 2419 totodecenniojactatus
864 2362 963 2415 fuit,
977 2361 1129 2404 habuit

284 2434 434 2470 tamen
448 2426 689 2481 interdum,
707 2426 862 2482 quibus
874 2425 986 2469 mala
1001 2434 1127 2482 atque

288 2491 532 2536 maestitiam
554 2508 678 2536 suam
699 2492 862 2536 levaret
878 2525 890 2546 ‚
916 2501 964 2536 ut
989 2506 1127 2548 quum

288 2562 402 2620 apud
451 2560 743 2623 Calypsonem
785 2570 981 2606 moratus
1020 2569 1086 2604 est
1116 2576 1127 2603 z

287 2625 394 2670 item
413 2642 549 2683 quum
567 2627 619 2670 ab
637 2626 768 2670 AEolo
787 2626 975 2682 hospitio
998 2640 1127 2669 acce—

287 2700 385 2748 ptus
397 2724 409 2745 ‚
422 2699 466 2735 et
483 2707 668 2735 munere
688 2700 924 2735 ventorum
943 2689 1129 2733 donatus

288 2766 365 2801 est.
382 2757 600 2801 Praeterea
614 2756 832 2800 audiendo
851 2755 1045 2809 Sirenes,
1060 2770 1130 2797 ve·

288 2823 450 2869 scendo
463 2824 577 2878 loto,
600 2833 644 2868 et
664 2823 709 2866 id
727 2840 862 2882 genus
885 2823 979 2866 alia.
997 2823 1061 2866 M.

348 2889 410 2930 15.
437 2890 615 2943 Excipit
639 2890 912 2944 Hippotades.
943 2886 1132 2943 Suscipit

290 2952 494 3012 Ulyssem
515 2954 668 2998 AEolus
690 2955 897 3012 Hippotae
925 2953 1051 2998 filius.
1075 2974 1132 2987 —-

290 3017 548 3071 Heppotades
574 3021 651 3062 dat
671 3036 750 3075 pro
782 3035 944 3063 munere
972 3024 1130 3061 ventos.

294 3087 396 3148 Audite
419 3084 459 3126 δέ
471 3102 538 3137 μοι
559 3089 681 3146 σ”είρας
699 3085 810 3129 ἀσκὸν
827 3088 911 3141 βοὸς
931 3087 1131 3147 Emancipato,

292 3153 395 3189 Ενθα
416 3151 453 3190 δὲ
474 3149 646 3201 βυκτάων
672 3150 817 3204 ἀνέμων
846 3152 1030 3200 ›caritha-e
1060 3152 1133 3193 κε’-

294 3216 414 3254 λευθα.
429 3209 606 3270 Ulysses
633 3211 723 3268 ipse
749 3212 863 3269 apud
884 3213 1018 3256 Hom.
1042 3212 1131 3256 Od.

294 3284 330 3319 K
343 3308 355 3331 ,
375 3293 485 3320 vers.
505 3293 564 3338 ¹9·
581 3278 711 3321 lllum
726 3295 829 3322 vero
840 3287 988 3322 utrem
1002 3312 1014 3334 ,
1025 3279 1131 3322 dum

294 3340 471 3399 Ulysses
483 3341 659 3397 dormit,
670 3342 773 3386 socii
782 3343 1025 3388 solverunt:
1036 3361 1133 3389 cau-

293 3421 388 3448 sam
408 3405 552 3451 reddit
570 3405 702 3451 Ovid.
727 3407 911 3453 Metam.
927 3410 1056 3464 XIV,
1072 3427 1130 3454 vs.

1207 1921 1303 1966 ²²9²
1318 1924 1340 1945 κ
1355 1906 1525 1951 Invidia
1540 1906 1697 1959 socios,
1719 1906 1962 1964 predaque
1978 1924 2049 1952 cu-

1205 1972 1354 2030 pidine
1385 1972 1545 2027 victos,
1581 1972 1685 2016 Esse
1718 1981 1832 2016 ratos
1863 1989 2018 2016 aurum
2037 2007 2048 2027 ,

1205 2036 1410 2081 demsisse
1431 2037 1635 2095 ligamina
1649 2036 1803 2080 ventis.
1824 2055 1845 2074 ι»

1263 2104 1325 2147 16.
1362 2105 1492 2147 Utilis·
1526 2120 1645 2147 aura.
1678 2102 1751 2147 Sic
1786 2105 1830 2147 in
1868 2104 2051 2147 Metam.

1206 2170 1356 2224 XIII,
1383 2172 1554 2214 utilibus
1593 2174 1724 2213 ventis
1737 2203 1747 2220 ,
1789 2178 1967 2226 estuque
1994 2186 2054 2213 se-

1206 2237 1340 2279 cundo
1362 2251 1375 2278 .·
1396 2238 1618 2297 ε’καύρεσθαι
1642 2237 1793 2291 ἀνέμοιο
1813 2238 1933 2284 ἕσθλᾶς
1953 2241 2054 2283 ἐπεὶ·

1206 2321 1266 2362 ρος
1281 2333 1293 2355 ,
1315 2307 1559 2355 πλησίστιος,
1583 2300 1733 2357 Eur-ip.
1755 2310 1801 2344 et
1826 2302 2012 2346 Homer.

1268 2384 1330 2424 ¹7·
1358 2369 1476 2410 Bene
1494 2374 1712 2410 cantantes
1723 2369 1902 2422 puellas.
1932 2368 2055 2411 Sire-

1208 2447 1286 2474 nes
1306 2431 1418 2474 bene
1434 2440 1639 2474 canentes
1654 2464 1665 2485 ,
1688 2446 1793 2487 quas
1813 2439 1901 2474 tres
1919 2431 2050 2475 fuisse

1207 2492 1391 2551 legimus
1404 2525 1417 2549 ,
1433 2495 1761 2551 Parthenopen,
1780 2495 2051 2551 leucosiam,

1210 2568 1254 2602 et
1274 2559 1455 2619 Lygiam
1477 2593 1489 2615 ,
1525 2559 1821 2616 habitasseque
1860 2560 2050 2604 Siciliam

1207 2625 1320 2670 circa
1341 2627 1562 2670 Pelorum.
1585 2627 1727 2670 Fuere
1751 2637 1897 2671 autem
1930 2628 2052 2673 Sire-

1208 2707 1286 2734 nes
1302 2691 1401 2736 filiae
1427 2691 1607 2736 Acheloi
1628 2701 1673 2736 et
1695 2691 1914 2748 Calliopes
1929 2725 1941 2747 ,
1961 2692 2048 2736 sive

1210 2757 1536 2815 Terpsichores.
1580 2759 1665 2801 Hae
1703 2757 1882 2814 quidem
1921 2767 2052 2801 cantu

1210 2824 1413 2867 mortales
1435 2823 1606 2867 allectos
1628 2823 1674 2865 in
1696 2838 1816 2865 mare
1845 2822 2055 2866 deturba·-

1210 2889 1328 2933 bant.
1339 2889 1516 2947 Ulysses
1526 2904 1630 2932 vero
1642 2921 1654 2943 ,
1673 2887 1823 2931 Circes
1835 2904 1935 2930 usus
1945 2904 2054 2931 con-

1211 2952 1305 2996 silio
1321 2985 1334 3007 ,
1363 2969 1461 2996 cera
1483 2969 1607 2996 aures
1632 2952 1850 2996 sociorum
1872 2953 2052 2995 obtura-

1211 3018 1286 3061 vit.
1305 3019 1403 3075 Ipse
1421 3033 1525 3061 vero
1543 3017 1738 3074 alligatus
1756 3017 1895 3073 malo,
1916 3034 1971 3061 ne
1989 3033 2056 3062 co-

1213 3091 1389 3140 geretur
1414 3083 1461 3126 in
1488 3099 1611 3126 mare
1645 3081 1816 3126 desilire
1833 3116 1845 3137 ,
1882 3083 2053 3126 illarum

1212 3157 1363 3192 cantus
1378 3147 1543 3192 audivit
1565 3148 1759 3204 impune.

1274 3215 1334 3258 18.
1350 3216 1440 3259 Nec
1458 3215 1704 3269 degustanti.
1723 3212 1767 3255 U
1771 3212 1915 3271 lysses,
1939 3221 2055 3255 tem-

1213 3289 1376 3336 pestate
1398 3279 1564 3324 delatus
1593 3280 1646 3323 ad
1675 3279 1976 3337 Lotophagos,
2010 3280 2054 3322 in

1214 3344 1411 3390 Africam
1431 3346 1572 3403 agitur
1586 3379 1597 3401 ,
1620 3347 1756 3390 socios
1787 3346 2054 3402 exploratum

1215 3410 1352 3454 mittit
1374 3428 1384 3455 :
1407 3412 1482 3468 qui
1500 3420 1666 3468 gustata
1686 3412 1801 3464 loto,
1825 3427 1906 3454 nec
1927 3409 2054 3465 quic-
