2280 3776
573 329 684 384 EX
724 322 1019 382 PONTO
1058 325 1215 379 LIB.
1260 325 1309 377 1.
1354 319 1628 376 EPIST.
1674 323 1759 375 ΙΙ,

1942 322 2039 374 261
2111 396 2129 405 -

363 447 439 506 Et
462 442 655 507 similis
680 442 845 504 morti
871 454 1094 524 pectora
1125 454 1317 522 torpor
1343 437 1527 499 habet.
1993 455 2047 494 30

282 540 516 604 Felicem
542 539 760 601 Nioben
777 585 792 612 ‚
827 537 1073 622 quamvis
1099 550 1183 596 tot
1207 536 1397 596 funera
1422 534 1587 605 vidit,

370 638 510 718 Quae
535 636 723 720 posuit
751 658 971 696 sensum
988 681 1004 707 ‚
1035 656 1193 694 saxea
1216 632 1383 705 facta,
1406 630 1564 692 mali!

272 735 410 798 ,Vos
444 756 663 816 quoque
686 730 893 803 feliceS‚
927 753 1157 813 quarum
1188 727 1471 789 clamantia
1498 727 1715 793 fratrem

370 828 585 889 Cortice
613 827 807 889 velavit
833 826 1075 911 populus
1105 848 1198 886 ora
1225 849 1387 885 novo.

286 924 386 987 Ille
417 950 518 1005 ego
547 950 695 998 sum,
728 925 939 1004 lignum
971 923 1066 1007 qui
1097 946 1209 982 non
1240 921 1494 981 admittar
1520 918 1577 977 in
1605 916 1808 979 ullum:
2002 934 2056 977 35

367 1018 467 1082 Ille
497 1044 599 1099 ego
627 1044 773 1091 sum,
805 1020 1008 1080 frustra
1037 1018 1131 1100 qui
1164 1016 1301 1100 lapis
1326 1039 1442 1076 esse
1465 1013 1653 1074 velim.

287 1116 414 1197 Ipsa
446 1116 677 1177 Medusa
707 1115 883 1177 oculis
913 1115 1093 1175 veniat
1119 1111 1246 1173 licet
1269 1111 1429 1172 obvia
1455 1109 1657 1170 nostris
1676 1155 1691 1181 ‚

366 1210 601 1271 Amittat
626 1211 766 1271 vires
794 1210 914 1293 ipsa
940 1208 1176 1269 Medusa
1203 1230 1345 1267 suaS.

288 1304 562 1377 Vivimus,
596 1320 661 1365 ut
685 1328 848 1366 sensu
874 1327 1157 1386 uunquam
1185 1324 1460 1373 careamus
1489 1323 1672 1360 amaro
1696 1322 1709 1371 3

369 1402 445 1461 Et
477 1402 693 1480 gravior
720 1401 884 1480 longa
913 1400 976 1460 fit
1001 1423 1118 1461 mea
1146 1422 1308 1482 poena
1336 1421 1507 1459 mora.
2004 1412 2058 1467 40

292 1498 380 1558 Sic
408 1499 815 1559 inconsumtum
844 1498 1022 1581 Tityi,
1053 1518 1374 1580 semperque
1402 1517 1713 1566 renascenS‚

369 1597 497 1656 Non
524 1596 701 1679 perit,
730 1610 794 1655 ut
821 1594 1002 1679 possit
1028 1618 1168 1678 saepe
1196 1594 1371 1677 perire
1388 1639 1404 1666 ‚
1431 1593 1600 1674 jecur.

348 1757 600 1802 31.Fel1·cem
614 1757 935 1803 NiobamNiobe
952 1757 1038 1801 filia
1053 1756 1137 1801 suit

295 1821 467 1865 Tantali
488 1831 533 1867 et
553 1823 757 1882 Taygetae
771 1856 783 1878 ,
805 1839 999 1880 uxorque
1024 1823 1137 1866 Am-

292 1887 475 1944 phionis.
491 1887 622 1944 Quae,
638 1896 682 1931 et
695 1889 843 1931 orbata
857 1888 950 1931 viro
965 1896 1009 1931 et
1022 1887 1134 1942 filiis,

291 1951 406 2010 apud
419 1968 551 1996 urnas
567 1968 723 1996 eorum
741 1953 786 1995 in
807 1951 993 2009 lapidem
1014 1969 1136 1996 versa

292 2017 480 2076 diriguit.
494 2015 654 2075 'negito
671 2018 802 2063 ovid.
820 2018 863 2061 in
885 2018 995 2061 Met.
1011 2016 1037 2061 l.
1055 2017 1135 2061 Vl.

291 2084 550 2137 —Quamvis
562 2090 626 2126 tot
623 2081 783 2137 funera
789 2085 908 2126 vidit.
921 2082 1136 2139 Quamvis

291 2145 448 2190 viderit
466 2154 530 2190 tot
548 2145 657 2191 filios
674 2155 884 2190 mortuos.

345 2211 412 2254 32.
439 2214 540 2266 Qua·
550 2216 695 2267 posuit
705 2227 868 2255 sensum
883 2245 893 2260 ,
916 2210 1137 2264 ,ναπαία-

293 2281 365 2319 cta
380 2307 391 2326 ‚
435 2279 572 2319 mahir.
609 2277 726 2319 Mali
758 2277 1062 2319 Putaneorum
1094 2283 1138 2318 et

295 2339 460 2383 Moreti
473 2339 731 2395 exemplaria
742 2355 755 2391 ;
766 2355 866 2382 vere
879 2357 890 2391 ;
908 2339 1042 2383 Trist.
1052 2339 1137 2392 lv,

285 2404 418 2461 -Eleg.
437 2418 487 2448 vl
501 2436 515 2458 ,
538 2421 587 2446 aa
607 2419 656 2447 1«
679 2404 897 2460 Mensque
918 2403 1019 2448 mali
1038 2420 1137 2447 sen-

297 2483 395 2511 sum
414 2476 562 2512 nostra
577 2469 762 2512 recentis
780 2468 939 2520 haben
962 2485 985 2505 »
1008 2469 1137 2512 Pont.

299 2533 381 2588 IV,
405 2532 528 2590 Eleg.
556 2532 633 2577 ult.
665 2535 718 2575 50
744 2549 754 2575 :
778 2550 799 2568 «
829 2531 1139 2575 tantummodo

297 2598 383 2641 vita
404 2597 551 2640 relicta
573 2605 656 2652 est,
681 2597 880 2640 Praebeat
899 2605 947 2638 ut
963 2611 1140 2643 sensum

298 2662 614 2720 materiamque
639 2663 740 2706 mali
758 2680 769 2715 ;
789 2681 810 2700 »
829 2662 888 2705 ita
907 2662 1004 2705 libri
1023 2671 1141 2706 vete-

298 2741 380 2770 res.
397 2726 565 2770 Hssms.

287 2819 300 2828 -
353 2791 418 2836 33.
447 2794 533 2836 Vos
554 2808 708 2848 quoque
717 2792 884 2848 felices.
907 2790 1137 2847 Heliades,

299 2854 345 2898 id
362 2866 454 2912 est,
484 2858 597 2902 Solis
621 2858 754 2911 filias,
786 2873 957 2901 sorores
988 2857 1141 2901 Phae-

302 2918 463 2966 thontis
480 2921 581 2967 dicit
600 2939 610 2966 :
626 2939 720 2980 quae
737 2956 748 2978 ‚
771 2923 964 2967 fraterna
983 2922 1140 2967 funera

301 2983 421 3039 juxta
440 2986 686 3031 Eridanum
703 2989 977 3045 deplorantes
991 3021 1003 3042 ‚
1033 3003 1142 3031 con-

303 3063 435 3092 versae
453 3049 658 3095 dicuntur
682 3053 728 3095 in
753 3053 899 3107 alnos,
930 3061 983 3096 ut
1007 3053 1143 3095 voluit

303 3114 445 3158 Maro.
469 3115 557 3159 Pro
567 3121 795 3161 clamantia
809 3152 818 3168 ‚
836 3118 916 3175 leg.
926 3122 1144 3161 clementia

305 3178 454 3222 Barth.
475 3179 603 3224 vine.
620 3198 670 3224 ex
689 3182 885 3240 Gryphio
903 3215 916 3237 ,
939 3191 988 3226 ut
1005 3183 1113 3226 solet
1130 3201 1140 3234 ;

305 3242 424 3285 idem
444 3243 614 3288 Sarrav.
635 3245 833 3302 Fragm.;
856 3248 981 3291 male.
999 3249 1142 3291 Fran-

305 3310 394 3352 cius
415 3310 584 3354 volebat
602 3315 888 3369 lacrymantia.

362 3375 428 3418 35.
443 3377 530 3429 Qui
537 3392 619 3418 non
630 3380 836 3421 admittor.
852 3378 1145 3422 Admittat-se-

310 3440 486 3496 quentia
505 3440 758 3498 requirunt3
783 3450 907 3498 atque
927 3443 984 3487 ita
1001 3443 1146 3488 Sarra·

1213 1756 1376 1801 vianus.
1411 1756 1470 1799 H.
1491 1778 1545 1787 —
1567 1757 1617 1798 In
1642 1757 1772 1797 ullum
1802 1756 1971 1810 lignum.
2004 1754 2057 1797 In

1214 1821 1347 1865 ullam
1369 1820 1583 1863 arborem.

1268 1886 1420 1929 35.llle
1431 1892 1595 1940 egoetc.
1605 1881 1911 1939 Nequidquam
1925 1882 2056 1925 etiam

1212 1951 1339 2008 cupio
1354 1951 1397 1994 in
1413 1949 1601 2007 lapidem
1614 1949 1799 2002 mutari,
1817 1958 1864 1991 ut
1878 1948 2030 1992 Niobe.

1245 2065 1246 2068 Ἴ
1268 2018 1334 2073 37.
1362 2018 1463 2071 Ipsa
1489 2017 1669 2059 bledam
1693 2018 1838 2058 oculis.
1867 2014 2060 2057 Phorcus

1215 2098 1267 2125 ex
1290 2079 1435 2125 Cetho
1463 2082 1648 2137 conjuge
1677 2090 1764 2123 tres
1785 2079 1934 2123 habuit
1956 2079 2062 2122 filias

1215 2147 1382 2191 eximiae
1413 2145 1769 2203 pulchritudinis,
1799 2145 2059 2204 Eur-ydem,

1217 2212 1508 2265 Sthenionem
1525 2245 1537 2265 ,
1562 2221 1607 2255 et
1632 2211 1878 2255 Medusam.
1910 2212 2063 2254 Fabu-

1216 2277 1302 2320 lam
1323 2277 1462 2321 refert
1482 2277 1695 2330 Ovidius,
1718 2277 1829 2320 Met.
1851 2276 1920 2321 lib.
1945 2276 2024 2320 lV.

1273 2342 1339 2384 38.
1361 2344 1539 2385 Amittet
1556 2357 1658 2383 suas
1679 2346 1801 2383 virts.
1831 2340 1955 2395 Quia
1971 2357 2063 2384 non

1218 2406 1404 2449 mutabit
1424 2421 1495 2448 me
1516 2405 1562 2447 in
1582 2421 1692 2448 saxa.

1274 2471 1339 2529 39.
1353 2471 1523 2513 Amam.
1547 2471 1697 2526 Ine‘quo
1710 2470 1911 2513 Politian.
1931 2480 1979 2514 ut
1991 2486 2066 2515 εκ·

1223 2553 1276 2593 pe
1297 2535 1364 2579 bae
1382 2551 1508 2579 voces
1526 2545 1819 2579 commutatae.

1275 2602 1342 2654 4ο.
1371 2601 1435 2643 Sc’t
1452 2616 1544 2643 mea
1557 2615 1698 2655 paena.
1725 2602 1796 2642 Fit
1820 2599 1936 2643 idem
1962 2600 2068 2643 Sar-

1220 2665 1423 2708 ravianus
1451 2664 1607 2720 aliique
1637 2664 1839 2707 nonnulli
1865 2681 1875 2707 ε
1899 2675 1943 2708 et
1964 2682 2066 2708 mox

1219 2731 1408 2772 Amittat
1436 2744 1516 2784 pro
1545 2729 1728 2772 Amittet
1750 2727 1955 2772 Politiani
1988 2747 2062 2774 ex·

1221 2803 1367 2851 cerpta
1384 2802 1429 2837 et
1446 2810 1560 2838 unus
1574 2795 1822 2838 Vaticanus.
1841 2796 1902 2838 H.

1276 2861 1343 2913 41.
1373 2860 1442 2902 Sic
1463 2863 1766 2903 inconsolatum
1799 2861 1924 2918 Tityi.
1946 2860 2068 2919 Tityi

1221 2923 1418 2979 exemplo
1437 2923 1565 2967 docet
1579 2940 1708 2967 suum
1729 2923 1927 2967 dolorem
1948 2941 2067 2967 sem·-

1221 3007 1301 3046 per
1323 2989 1502 3034 renasci.
1528 2991 1615 3034 Hic
1644 2991 1804 3034 amavit
1825 2991 2065 3043 Latonam;

1222 3063 1401 3111 propter
1417 3055 1532 3110 quod
1545 3087 1557 3109 ,
1575 3055 1787 3115 Apollinis
1807 3056 1900 3097 telis
1923 3056 2068 3098 confi-

1223 3136 1299 3162 xus
1320 3152 1332 3173 ,
1363 3128 1407 3162 et
1432 3118 1512 3162 hac
1536 3135 1664 3175 poena
1691 3119 1922 3162 damnatus
1951 3121 2064 3177 apud

1222 3185 1386 3228 inferos
1411 3184 1633 3237 adficitur3
1657 3186 1751 3241 ejus
1779 3186 1902 3240 iecur
1919 3188 2068 3229 vultur

1223 3250 1378 3293 exedit.
1391 3274 1444 3282 —
1460 3251 1713 3307 D‘tsijecur.
1726 3251 1793 3293 De
1808 3251 2065 3309 quorVirgil.

1227 3316 1308 3366 VI,
1326 3317 1406 3373 595
1422 3332 1432 3357 ε
1449 3333 1470 3352 «
1484 3316 1578 3359 Nec
1590 3331 1681 3358 non
1694 3325 1739 3359 et
1748 3316 1928 3374 Tityon,
1946 3326 2072 3360 terrae

1227 3379 1542 3435 omniparentis
1569 3380 1796 3424 alumnum
1824 3414 1836 3434 ,
1871 3380 2068 3425 Cernere

1228 3453 1319 3488 erat
1332 3460 1431 3500 :per
1448 3453 1536 3488 tota
1552 3446 1796 3489 novem-cui
1811 3447 1962 3502 jugera
1975 3463 2070 3489 cor-
