2280 3776
334 244 442 299 256

775 245 837 297 P.
903 245 1200 300 OVIDII
1247 244 1625 302 NASONIS

330 358 459 418 Vidi
491 381 593 435 ego
623 357 862 435 linigerae
892 353 1099 423 numen*
1124 360 1352 422 violasse
1379 362 1639 423 fatentem

363 511 367 515 .
406 454 598 526 Isidis,
630 454 833 513 Isiacos
862 468 986 514 ante
1016 455 1198 517 sedere
1223 458 1416 519 focos:
1517 468 1520 471 ’

328 549 485 610 Alter
503 597 517 622 ,
547 549 621 608 ob
653 549 782 608 huic
813 549 1044 611 similem
1066 553 1310 635 privatus
1339 554 1545 614 lumine
1573 553 1815 638 culpam,

410 648 694 708 Clamabat
725 648 925 721 media,
957 673 1012 710 se
1041 652 1328 729 meruisse,
1358 653 1457 714 via.

325 743 477 802 Talia
504 742 739 803 caelestes
767 743 884 804 fieri
912 748 1184 828 praeconia
1209 749 1477 827 gaudent,
2036 771 2088 811 55

404 839 511 908 Ut,
543 862 639 897 sua
670 837 804 920 quid
834 839 1044 901 valeant
1071 843 1326 915 numina,
1359 858 1493 904 teste
1522 845 1777 927 probent.

324 933 476 1017 Saepe
503 933 685 993 levant
714 958 931 1016 poenaS‚
966 953 1259 1022 ereptaque
1286 939 1490 1000 lumina
1518 941 1780 1013 reddunt,

404 1031 593 1109 Quum
620 1030 763 1090 bene
788 1034 995 1114 peccati
1024 1036 1347 1117 poenituisse
1370 1037 1572 1098 vident.

321 1126 562 1186 Poenitet
593 1151 624 1186 o
647 1129 658 1186 !
689 1128 735 1188 si
764 1130 897 1212 quid
925 1131 1249 1193 miserorum
1276 1134 1516 1195 creditur
1543 1133 1667 1208 ulli,

401 1221 669 1293 Poenitet,
704 1237 758 1281 et
786 1223 932 1283 facto
958 1240 1223 1308 torqueor
1251 1229 1371 1310 ipse
1398 1229 1554 1289 meo!
2033 1248 2089 1288 δυ

320 1318 620 1401 Quumque
648 1320 721 1379 sit
754 1320 1034 1396 exsilium,
1063 1324 1237 1402 magis
1263 1340 1347 1386 est
1375 1327 1512 1386 mihi
1543 1325 1702 1409 culpa
1731 1325 1943 1398 dolori;

388 1418 609 1498 Estque
630 1418 746 1499 pati
775 1443 991 1501 poenaS‚
1022 1445 1184 1502 quam
1210 1424 1499 1497 meruisse,
1526 1425 1725 1485 minus.

316 1516 396 1574 Ut
424 1516 559 1574 mihi
590 1517 663 1575 Di
690 1515 931 1601 faveant,
966 1518 1169 1599 quibus
1201 1534 1283 1579 est
1315 1521 1657 1581 manifestior
1684 1521 1832 1603 ipse,

394 1614 563 1673 Poena
592 1627 780 1696 potest
808 1613 977 1686 demi,
1011 1613 1173 1698 culpa
1202 1616 1457 1699 perennis
1484 1618 1603 1677 erit.

311 1762 400 1806 tus,
420 1769 511 1795 non
532 1761 700 1796 recusat
719 1761 866 1795 tamen
891 1768 914 1796 a
934 1754 1059 1797 nobis
1079 1754 1161 1798 coli

310 1826 460 1860 nostro
483 1816 692 1861 carmine.

367 1889 432 1929 51.
452 1886 656 1939 Lim‘geroe
675 1886 821 1926 Isidis.
845 1884 954 1927 Haec
974 1899 1076 1927 vera
1095 1884 1161 1926 le-

309 1951 395 1995 ctio
410 1984 421 2005 ,
444 1951 655 2007 quidquid
676 1951 944 1994 membranae
972 1951 1089 1995 inter
1114 1968 1158 1995 se

309 2026 522 2074 pugnant.
535 2017 777 2060 H.—Isidis
784 2018 908 2073 cujus
916 2016 1159 2061 sacerdotes

306 2081 399 2125 lino
418 2082 522 2125 tecti
542 2098 661 2125 sacra
676 2081 784 2125 Deae
801 2081 1091 2125 celebrabant.

365 2152 429 2192 52.
448 2150 597 2191 Sedere
614 2158 712 2192 ante
719 2149 851 2203 focos
870 2151 1050 2191 Isiacos.
1072 2148 1154 2192 Se-

306 2212 410 2255 dere
432 2220 532 2255 ante
554 2212 703 2255 altaria
725 2211 872 2266 Isidis,
896 2211 934 2255 ei
952 2211 1158 2255 sacrifica-

307 2286 484 2331 turum,
518 2285 800 2333 posteaquam
818 2286 913 2332 post
931 2277 1158 2333 poeniten-

303 2343 411 2386 tiam
436 2343 532 2386 Dea
559 2342 721 2399 placata
744 2342 804 2385 illi
827 2343 1001 2386 veniam
1025 2342 1157 2386 dedit.

361 2409 428 2451 53.
456 2409 592 2451 Alter.
620 2406 794 2451 Scilicet
823 2408 983 2452 Isiacus
1007 2423 1158 2452 sacer—

304 2474 396 2517 dos.
429 2498 484 2507 —-
516 2477 711 2518 Privatus
747 2478 913 2518 lumine.
955 2475 1155 2518 Privatus

304 2539 439 2584 oculis
470 2543 680 2597 tanquam
712 2542 928 2598 perjurus.
966 2540 1155 2598 Quoties

304 2605 427 2648 enim
461 2622 540 2661 per
575 2605 738 2648 Isidem
780 2606 977 2661 jurantes
1017 2605 1154 2648 fidem

301 2684 396 2711 non
422 2669 653 2712 servabant
671 2702 683 2723 ,
719 2670 986 2725 putabantur
1015 2685 1037 2711 a
1058 2669 1154 2712 Dea

299 2733 394 2777 visu
414 2734 588 2790 privari.
607 2734 810 2778 Juvenal.
827 2734 916 2777 Sat.
933 2734 1071 2785 XIII,
1092 2751 1152 2777 vs.

300 2799 356 2856 93
376 2815 450 2855 sq:
473 2817 494 2836 «
513 2798 738 2841 Decernat
759 2798 1051 2855 quodcunque
1072 2815 1154 2842 vo-

299 2863 362 2908 let
383 2865 436 2908 de
456 2880 639 2921 corpore
660 2874 810 2908 nostro
834 2864 912 2908 Isis
927 2898 939 2920 ,
970 2874 1016 2908 et
1040 2865 1151 2908 irato

297 2931 428 2975 feriat
441 2948 538 2974 mea
553 2931 720 2973 lumina
734 2931 878 2974 sistro:
893 2930 1151 2974 Dummodo

296 2998 365 3040 vel
395 3013 531 3041 caecus
562 3006 770 3051 teneam,
804 3013 913 3053 quos
948 2998 1144 3054 abneg0,

298 3078 518 3105 nummos.
536 3080 557 3099 »
573 3063 628 3105 In
641 3061 905 3118 Anthologia
921 3077 1058 3118 graeca
1067 3060 1149 3103 Lu-

297 3128 418 3171 cilius
440 3146 450 3172 :
474 3137 528 3184 μὴ
556 3120 750 3192 κᾷταροὶσῃ
786 3136 868 3180 Τὴν
901 3123 982 3174 few
1002 3131 1144 3184 τούτῳ;

297 3190 383 3234 huc
403 3201 447 3234 et
466 3194 642 3237 Persius
659 3227 670 3248 ‚
702 3194 792 3236 Sat.
813 3194 873 3246 V,
898 3209 1009 3235 vers.
1042 3191 1134 3244 186,

296 3257 497 3312 respexit,
511 3258 623 3313 apud
637 3274 771 3314 quem
784 3257 994 3312 obcurrit,
1012 3275 1033 3295 «
1044 3271 1146 3300 cum

296 3321 421 3370 sistro
443 3321 559 3364 lusca
582 3322 794 3364 sacerdos.
812 3340 832 3359 υ

351 3387 415 3428 55.
444 3386 569 3426 Talia
576 3391 803 3439 praeconia.
818 3385 976 3427 Talem
988 3398 1143 3428 vocem

1241 1756 1476 1799 fatentium
1487 1771 1564 1799 sua
1577 1755 1761 1811 crimina
1773 1788 1786 1811 ,
1805 1764 1849 1799 et
1863 1771 1908 1799 se
1918 1755 1978 1798 ita
1993 1770 2084 1798 me-

1241 1822 1360 1865 ritos.

1297 1889 1362 1931 56.
1377 1889 1667 1942 Qm'dvaleant
1673 1902 1754 1930 sua
1763 1889 1943 1929 numina.
1959 1883 2084 1940 Quid

1240 1954 1405 2010 possint
1420 1953 1621 1996 Deorum
1639 1951 1766 1995 vires.
1778 1951 1970 1994 —Tesle.
1988 1949 2084 1993 Ali-
2098 1960 2102 1963 “
2120 1981 2123 1983 »

1241 2034 1329 2075 quo
1347 2025 1534 2061 nocente
1551 2050 1563 2071 ,
1592 2017 1639 2060 in
1659 2032 1792 2073 quem
1809 2015 2087 2059 animadver-

1239 2082 1389 2126 terint.

1277 2147 1303 2189 6
1311 2164 1325 2189 1
1334 2180 1344 2189 .
1362 2149 1574 2202 Quumque
1583 2149 1644 2189 sit
1651 2148 1858 2195 exsilium,
1868 2147 2003 2199 magis
2009 2151 2086 2185 est.

1240 2213 1306 2256 Ita
1321 2220 1489 2255 veteres
1500 2218 1761 2254 constanter.
1775 2208 1948 2252 Censeo
1959 2207 2084 2251 nihi-

1238 2277 1428 2321 lominus
1440 2275 1718 2321 scribendum
1733 2292 1822 2319 esse
1840 2291 1850 2319 t
1871 2293 1893 2312 «
1907 2274 2083 2330 Quum-

1240 2358 1323 2399 que
1337 2342 1391 2385 sit
1405 2342 1600 2385 exsilium
1613 2374 1625 2396 ‚
1638 2341 1773 2398 magis
1786 2357 1829 2384 es
1842 2340 1948 2383 mihi
1960 2338 2083 2396 culpa

1240 2407 1392 2450 dolori.
1413 2425 1434 2444 ι»
1461 2407 1578 2450 Nam
1597 2409 1640 2451 τὶ
1656 2413 1723 2449 est
1739 2421 1866 2448 versu
1885 2405 2082 2462 proximo

1235 2490 1384 2518 rursus
1396 2473 1593 2530 sequitur
1602 2505 1613 2526 ,
1634 2473 1708 2516 ubi
1715 2487 1862 2528 peenas
1874 2481 1975 2515 cum
1989 2470 2078 2513 Ar-

1235 2537 1531 2595 gentoratensi
1562 2537 1677 2580 malo
1698 2568 1710 2590 ,
1747 2551 1876 2593 quam
1899 2549 2077 2590 penam.

1234 2602 1396 2646 Similis
1418 2601 1627 2658 loquendi
1645 2600 1802 2644 modus
1820 2599 1935 2643 infra
1956 2597 2077 2653 Eleg.

1215 2667 1298 2722 ‘1v,
1314 2683 1372 2710 vs.
1393 2667 1442 2710 31
1463 2683 1472 2710 :
1497 2685 1519 2704 «
1537 2666 1741 2710 Junctior
1761 2663 1993 2708 Haemonia
2011 2670 2077 2704 est

1234 2732 1401 2786 Ponto,
1427 2746 1560 2787 quam
1584 2730 1727 2773 Roma
1749 2729 1804 2772 sit
1824 2730 1948 2772 Istro.
1969 2742 1991 2762 »
2015 2725 2076 2767 H.

1286 2796 1354 2839 62.
1375 2797 1534 2852 Estque
1548 2797 1650 2848 pati
1653 2808 1818 2848 paenas.
1829 2791 2076 2834 'Rationem

1232 2860 1446 2917 adsignat,
1467 2875 1546 2902 cur
1560 2859 1695 2915 magis
1708 2857 1853 2900 doleat
1865 2856 2048 2899 crimine
2061 2889 2074 2905 ‚

1231 2941 1364 2981 quam
1383 2923 1542 2967 exsilio.
1566 2923 1685 2979 Quia
1706 2922 1841 2978 magis
1861 2937 1933 2963 me
1957 2920 2077 2977 angit

1229 2982 1454 3047 peccatum
1467 3005 1618 3032 meum
1631 3022 1643 3043 ‚
1658 3004 1788 3045 quam
1805 3003 1930 3045 poena
1948 2995 1991 3030 et
2009 3002 2074 3029 ex-

1227 3055 1440 3098 silium.—
1447 3055 1580 3108 Quam
1593 3057 1801 3096 meruzkse.
1815 3051 1964 3107 Quam
1980 3066 2073 3107 pec-

1227 3130 1373 3164 catum
1399 3119 1663 3164 commisisse
1681 3152 1693 3174 ,
1716 3134 1804 3176 quo
1822 3117 1972 3161 videar
1996 3115 2072 3158 di-

1229 3203 1340 3244 gnus
1361 3186 1432 3231 tali
1449 3201 1588 3243 poena.

1280 3252 1346 3294 63.
1368 3253 1525 3306 Quibus
1541 3257 1608 3293 est
1618 3248 1881 3304 mamsestior
1895 3250 1993 3301 gase.
2013 3246 2068 3288 In

1227 3318 1382 3373 quibus
1399 3316 1493 3361 Diis
1505 3318 1594 3374 ipse
1610 3316 1831 3373 Augustus
1848 3313 1981 3370 magis
1995 3311 2067 3354 ad·-

1226 3391 1348 3439 paret
1366 3415 1376 3438 ,
1400 3381 1501 3438 quia
1518 3398 1543 3425 a
1561 3381 1686 3426 nobis
1705 3379 1889 3423 videtur.
