2280 3776
493 302 838 360 JACOBO
880 300 1311 357 AUGUSTO
1351 299 1751 355 THUANO.

240 425 478 487 Buccina
507 423 787 485 concinuit
813 422 1064 483 Tritonia
1090 419 1271 483 flebile
1301 443 1545 493 carmem

320 523 432 581 Nec
468 519 643 580 tenuit
672 518 906 595 gemitus
933 516 1123 576 Nereis
1155 515 1259 575 uda
1291 539 1440 576 suos

242 615 524 676 Adnavere
550 613 629 674 tui
656 635 897 695 puppem
926 609 1244 693 delphineS‚
1273 610 1480 681 Arion;

321 713 445 771 Hoc
473 733 694 793 quoque
726 709 925 780 laturi,
958 707 1005 767 si
1032 706 1195 766 modo
1225 705 1413 775 detur,
1445 728 1602 765 onus.

242 809 318 870 At
348 823 428 881 te,
462 809 642 868 Caesar
667 822 851 879 atrox,
877 804 1164 866 hominum
1192 802 1270 863 nil
1297 817 1423 863 vota
1450 802 1720 886 deumque
1738 849 1753 874 ‚

321 905 554 966 Pectora
581 903 660 964 nil
690 904 872 965 Clario
903 902 1126 964 numine
1154 902 1282 963 foeta
1312 914 1572 972 movent3

240 999 333 1062 Nil
366 1024 488 1084 quae
520 1001 820 1061 Maeonium
850 998 1101 1060 facundia
1129 997 1297 1057 vincit
1327 996 1588 1080 Ulyssem

323 1096 713 1180 Antilochique
741 1111 981 1179 patrem,
1012 1093 1467 1177 Tyndaridosque
1496 1093 1686 1153 virum.

241 1194 519 1256 Maenadas
550 1194 777 1277 Orphea
804 1192 1041 1254 flexisset
1070 1190 1210 1251 caede
1237 1206 1528 1261 nocenteS‚

319 1290 598 1352 Bistonias
625 1305 808 1350 cautes
835 1289 943 1349 hoc
972 1288 1262 1349 animasset
1294 1288 1447 1347 ebur.

240 1390 485 1450 Sarmata
513 1387 755 1447 cantanti
784 1386 932 1447 serus
960 1384 1283 1455 assurrexit,
1320 1399 1374 1446 et
1403 1386 1549 1445 Ister

323 1483 645 1565 Quamlibet
672 1484 951 1545 adstrictis
981 1482 1182 1562 frigore
1204 1481 1405 1566 plausit
1436 1481 1609 1565 aquis.

243 1583 358 1644 Cur
387 1582 492 1644 soli
522 1582 624 1644 tibi
653 1597 803 1643 muta
830 1581 945 1665 lyra
977 1582 1099 1642 est?
1129 1580 1293 1664 quid,
1322 1580 1510 1652 surde,
1539 1578 1747 1659 relegas

321 1680 582 1740 Auditam
610 1682 799 1740 Boreae
829 1678 1279 1761 Sauromatisque
1308 1674 1544 1760 chelyn?

241 1778 357 1838 Ah!
390 1800 527 1837 caeso
558 1777 737 1837 minor
764 1775 855 1836 illa
886 1776 998 1848 tui,
1030 1798 1194 1859 quam
1226 1774 1420 1836 saecula
1445 1775 1733 1845 damnant,

323 1873 559 1953 Collegae
588 1875 767 1934 rabies
794 1874 852 1932 in
882 1873 1149 1932 Cicerone
1173 1873 1313 1932 fuit!

242 1971 388 2032 Huic
419 1986 583 2054 caput
613 1971 852 2031 exsecuit
880 1984 1173 2052 properata
1199 1968 1341 2029 caede
1371 1968 1589 2029 satelles
1614 1993 1627 2029 :

321 2069 516 2131 Vivere
546 2069 751 2129 Nasoni
780 2068 913 2150 quid
939 2066 1047 2126 nisi
1073 2089 1213 2149 saepe
1242 2067 1381 2126 mori
1412 2070 1537 2127 est?

238 2166 506 2227 Invidiam
536 2189 710 2249 poenae
738 2164 962 2225 Rostris
980 2212 995 2236 ‚
1020 2163 1276 2224 scelerate
1295 2211 1311 2232 ,
1336 2162 1579 2241 negasti;

321 2263 402 2321 Ut
431 2261 632 2343 Scytha
658 2261 766 2341 jam
796 2282 908 2341 prae
938 2273 990 2318 te
1018 2258 1167 2318 mitis
1198 2274 1255 2318 et
1281 2282 1471 2340 aequus
1499 2260 1627 2319 eat?

243 2357 434 2436 Quum
464 2353 648 2416 vultus
671 2356 918 2414 Fortuna
945 2353 1113 2432 fugax
1141 2353 1338 2414 avertit
1363 2354 1598 2425 amicm,

322 2451 530 2512 Nubila
558 2450 648 2512 lux
676 2449 888 2534 aliquid
917 2451 1107 2511 funere
1135 2451 1292 2533 pejus
1320 2451 1505 2511 habet.

245 2549 305 2609 Si
335 2558 443 2632 q'ua
468 2548 604 2609 fides
633 2549 798 2622 veris,
825 2547 1082 2608 Busiride
1110 2549 1303 2609 saevior
1330 2548 1452 2632 ipso
1479 2573 1562 2621 eS,

326 2648 441 2727 Qui
471 2647 730 2709 miserum
758 2646 1022 2729 prohibes
1049 2660 1254 2718 morte,
1284 2646 1513 2727 neeique
1538 2670 1722 2727 negas.

243 2748 309 2806 In
343 2744 588 2804 Geticam
616 2743 746 2822 fuga
771 2745 923 2825 jussa
947 2743 1165 2826 plagam
1195 2757 1278 2802 est
1296 2789 1311 2814 ‚
1345 2766 1414 2803 ne
1445 2742 1563 2803 sola
1591 2743 1811 2805 ruboris

327 2841 504 2900 Roma
530 2839 614 2899 sui
648 2838 803 2899 testis
821 2884 836 2910 ‚
868 2837 1086 2898 conscia
1115 2837 1231 2898 sola
1256 2837 1418 2899 foret.

247 2933 402 3012 Quid
429 2933 596 3007 furis,
624 2933 884 2994 infestum
913 2933 1130 2994 Phoebo
1160 2935 1365 3016 caput?
1388 2933 1547 2995 Actia
1575 2934 1642 2994 de
1669 2949 1722 2995 te

325 3033 454 3090 Non
480 3032 621 3090 hanc
648 3031 878 3091 emeruit
905 3031 1190 3092 Leucados
1216 3031 1362 3092 unda
1390 3046 1599 3092 notam.

246 3126 340 3188 Nil
369 3142 546 3187 tamen
574 3127 734 3206 egisti
760 3154 772 3188 ε
798 3130 1010 3189 canitur
1037 3143 1165 3189 tuus
1195 3128 1377 3202 exsul,
1409 3122 1462 3189 et
1487 3153 1600 3190 aevo

329 3227 540 3285 Lumen
564 3226 955 3286 inexstinctum
983 3226 1273 3309 (rumpere
1292 3273 1306 3299 ,
1340 3227 1581 3307 Caesar‚)
1613 3226 1782 3288 adest.

249 3323 465 3385 Limine
491 3348 593 3406 pro
625 3325 803 3407 patrio
833 3324 1137 3407 spatiosum
1162 3325 1415 3407 possidet
1444 3326 1634 3387 orbem
1658 3351 1672 3386 ε

334 3418 654 3500 Hospitium
682 3433 836 3478 tanto
866 3442 966 3501 par
996 3418 1152 3480 locus
1182 3419 1274 3481 ille
1302 3420 1420 3481 viro
1447 3436 1546 3482 est.

1896 300 2005 376 487

1953 437 2005 477 55
