2280 3776
490 282 606 338 EX
645 279 942 337 PONTO
981 280 1139 336 LIB.
1185 280 1299 337 IV.
1342 278 1625 336 EPIST.
1672 282 1802 336 III.

1923 283 2031 352 425

336 402 478 462 Nam
501 397 611 459 nisi
637 396 781 478 justa
810 410 902 456 tua
927 411 1034 470 est,
1065 397 1209 478 justa
1239 396 1459 480 querela
1485 420 1604 458 mea
1630 411 1728 458 est.

261 498 401 579 Quae
434 510 486 557 te
515 490 852 555 consimilem
881 515 968 552 res
997 515 1146 552 nunc
1168 507 1313 553 vetat
1341 516 1457 554 esse
1486 492 1659 575 priori
1683 494 1705 552 ?

340 594 431 654 An
463 591 666 652 crimen
687 635 702 661 ‚
730 588 871 671 coepi
901 587 1053 671 quod
1081 589 1247 649 miser
1271 610 1415 662 esse,
1445 589 1646 649 vocas?

263 687 321 767 Si
351 686 487 748 mihi
511 686 680 747 rebus
709 708 870 768 opem
901 682 1108 745 nullam
1134 685 1400 768 factisque
1427 685 1666 757 ferebas,
1987 703 2040 745 25

343 783 598 846 Venisset
625 780 806 843 verbis
837 780 1022 841 charta
1051 796 1243 843 notata
1271 783 1468 844 tribus.

208 886 211 889 ⁴
260 882 311 946 „V
315 880 370 942 ix
402 877 656 963 equidem
684 877 874 950 credo,
908 877 1004 937 sed
1030 892 1083 939 et
1114 876 1376 940 insultare
1407 878 1601 959 jacenti

341 979 422 1039 Te
448 976 584 1038 mihi
602 1022 616 1048 ‚
646 999 746 1036 nec
771 975 953 1037 verbis
983 1000 1202 1059 parcere
1220 1024 1235 1051 ,
1270 976 1410 1037 fama
1440 977 1622 1037 refert.

265 1075 422 1157 Quid
449 1074 611 1147 facis,
645 1074 715 1135 ah
744 1073 1012 1136 demens?
1039 1099 1167 1147 cur,
1201 1075 1247 1135 si
1277 1074 1497 1135 fortuna
1523 1073 1767 1144 recedat,

344 1168 647 1248 Naufragio
677 1168 940 1252 lacrymas
965 1170 1133 1252 eripis
1161 1171 1279 1253 ipse
1307 1171 1448 1230 tuo?
1997 1187 2051 1229 30

265 1270 397 1331 Haec
421 1268 540 1327 Dea
566 1291 680 1327 non
711 1264 925 1339 stabili,
955 1289 1119 1349 quam
1151 1265 1224 1326 sit
1254 1265 1412 1334 levis,
1445 1264 1580 1325 orlie
1607 1264 1842 1335 fatetur,

349 1364 535 1445 Quem
565 1386 841 1424 summum
870 1361 1044 1422 dubio
1076 1360 1181 1422 sub
1209 1360 1349 1444 pede
1373 1384 1589 1444 semper
1615 1361 1801 1423 habet.

271 1459 544 1542 Quolibet
573 1474 655 1522 est
686 1457 844 1531 folio,
875 1458 1068 1543 quavis
1096 1458 1364 1519 incertior
1391 1481 1520 1518 aura
1542 1504 1558 1527 ‚

352 1557 462 1618 Par
486 1555 568 1616 illi
592 1555 811 1630 levitas,
843 1556 1126 1640 improbe,
1154 1553 1272 1616 sola
1305 1569 1397 1616 tua
1427 1569 1524 1615 est.

276 1652 478 1714 Omnia
508 1665 639 1712 sunt
666 1650 954 1712 hominum
987 1650 1139 1712 tenui
1167 1649 1463 1734 pendentia
1492 1647 1588 1710 filo
1607 1695 1623 1720 ‚
2003 1668 2058 1711 35

354 1751 430 1810 Et
457 1748 646 1809 subito
675 1771 830 1822 casu,
861 1772 982 1832 quae
1008 1747 1249 1819 valuere,
1281 1760 1469 1807 ruunt.

276 1845 484 1907 Divitis
508 1845 696 1906 audita
727 1860 809 1906 est
835 1845 924 1906 cui
955 1869 1071 1905 non
1101 1844 1381 1928 opulentia
1413 1843 1632 1904 Croesi?

275 1984 478 2029 bantibus
510 1985 770 2029 Burmanno
795 1992 840 2028 et
878 1983 1094 2028 Oberlino
1112 2016 1123 2038 ,

276 2058 407 2108 atque
429 2050 586 2094 nostris
604 2049 835 2093 codicibus.

333 2131 400 2160 22.
429 2115 532 2159 Nisi
549 2114 676 2170 justa
702 2122 777 2157 tua
797 2121 872 2157 est.
895 2113 987 2157 Nisi
1016 2128 1127 2170 que-

277 2177 369 2222 rela
412 2187 488 2223 tua
520 2178 723 2222 habuerit
755 2179 915 2235 iustam
944 2193 1120 2222 mecum

277 2243 560 2288 succensendi
572 2258 758 2287 causam.
769 2267 823 2275 —
837 2245 1015 2298 Querela
1022 2259 1126 2286 mea.

281 2307 387 2352 Mea
396 2307 652 2352 lamentatio
667 2307 720 2351 de
737 2316 779 2351 te
793 2339 805 2362 ,
822 2307 938 2364 quod
955 2323 1027 2350 me
1049 2307 1130 2350 de-

284 2371 483 2417 serueris.

338 2439 404 2482 23.
438 2438 566 2493 Quod
575 2443 616 2481 te
633 2453 744 2481 nunc
769 2441 923 2481 crimen
941 2440 1131 2480 similem.

286 2501 416 2546 Polit.
445 2502 709 2560 plurimique
732 2501 802 2546 alii
815 2519 867 2546 ex
886 2501 1131 2558 castigatio-

285 2567 422 2623 ribus,
434 2585 456 2605 «
469 2567 586 2625 Quae
596 2567 921 2611 teconsimilem
931 2583 1000 2610 res
1011 2583 1131 2611 nunc

246 2643 250 2646 “
284 2639 404 2675 vetat
422 2647 514 2676 esse
535 2632 693 2689 priori3
727 2649 751 2670 n
772 2641 889 2676 recte
907 2648 918 2684 3
943 2639 1132 2675 utuntur

285 2710 338 2740 ea
367 2713 474 2741 voce
493 2697 649 2755 passim
680 2696 934 2751 Lucretius,
959 2696 1135 2739 Teren-

287 2763 396 2820 tius,
428 2779 477 2808 ac
499 2763 682 2817 Cicero;
717 2764 900 2819 Noster,
937 2763 1010 2806 lib.
1031 2763 1101 2808 111
1120 2796 1132 2818 ,

290 2827 412 2884 Eleg.
439 2840 509 2872 vn
525 2861 536 2883 ,
554 2842 614 2873 vs.
635 2829 659 2872 3
677 2844 687 2872 x
708 2847 729 2866 «
748 2828 897 2872 Taedia
922 2827 1136 2872 consimili

284 2891 389 2937 'fieri
408 2892 462 2937 de
482 2893 678 2938 carmine
693 2894 825 2938 vobis.
841 2912 862 2932 n
886 2895 944 2938 H.

348 2957 416 3000 26.
460 2961 650 3003 Venisset
667 2963 804 3003 verbis
833 2962 984 3003 charta
1002 2966 1136 3003 nota-

294 3030 353 3065 ta.
367 3021 532 3079 Saltem
548 3024 678 3068 verba
688 3034 732 3069 et
747 3024 891 3069 literas
905 3024 958 3068 ad
974 3041 1044 3068 me
1062 3024 1139 3067 mi·

294 3085 432 3130 aisses.

353 3168 418 3210 ²9·
448 3154 500 3196 Si
500 3151 680 3206 fortuna
692 3158 868 3200 recedat.
891 3156 938 3200 Si
958 3156 1139 3201 fortuna

298 3226 374 3260 tua
398 3219 588 3262 secunda
612 3229 655 3264 te
683 3237 852 3278 quoque
875 3221 1066 3272 deserat,
1091 3231 1140 3267 ut

301 3298 372 3325 me
396 3282 600 3328 deseruit.
617 3307 672 3316 —
686 3286 916 3342 Naufragio
931 3290 1015 3330 tho.
1040 3287 1140 3331 Tuo

303 3349 446 3406 aliquo
467 3350 711 3396 infortunio
728 3385 740 3407 ,
768 3353 885 3410 quod
902 3352 979 3396 tibi
1002 3363 1142 3409 potest

305 3414 568 3471 contingere.

1264 1982 1330 2025 30.
1359 1982 1505 2037 Eripis
1523 1983 1746 2038 lacrymas.
1770 1979 1914 2023 Amici
1933 1980 2056 2023 enim

1206 2048 1242 2091 si
1258 2045 1450 2090 viderint
1471 2044 1576 2102 quid
1600 2053 1750 2089 contra
1778 2060 1850 2087 me
1871 2044 2027 2088 seceris
2045 2079 2057 2098 ,

1208 2121 1254 2157 et
1272 2127 1404 2170 quam
1417 2111 1552 2155 fueris
1567 2110 1612 2154 in
1630 2126 1701 2154 me
1719 2110 1906 2154 crudelis
1922 2111 1965 2153 in
1981 2110 2059 2154 hac

1209 2193 1308 2221 mea
1338 2177 1584 2221 calamitate
1599 2209 1611 2230 ,
1635 2175 1753 2219 idem
1773 2191 1947 2232 quoque
1969 2192 2066 2219 me-

1211 2242 1372 2285 cumin
1386 2250 1426 2284 te
1450 2239 1661 2284 efficient.

1266 2306 1334 2348 32.
1367 2307 1469 2359 ραι
1481 2320 1696 2347 summum.
1717 2306 1848 2358 Quem
1866 2322 2031 2363 repone
2047 2324 2058 2357 ;

1211 2387 1355 2427 neque
1375 2371 1500 2414 aliter
1517 2371 1836 2428 Fragmentum
1855 2372 2064 2415 Boxhor-

1218 2436 1416 2479 nianum.
1440 2435 1499 2478 H.

1270 2501 1337 2546 35.
1373 2503 1527 2545 omnia
1553 2508 1653 2545 sunt
1669 2505 1892 2547 hominum.
1911 2504 2066 2547 Omina

1220 2567 1395 2624 plurimi
1412 2585 1463 2612 ex
1479 2568 1672 2626 scriptis:
1690 2569 1753 2612 nil
1776 2578 1910 2612 muta.
1935 2570 1994 2613 H.
2008 2592 2065 2602 —

1224 2634 1362 2676 Tenui
1356 2635 1454 2690 filo.
1480 2632 1628 2676 Tenui
1647 2633 1890 2677 retinaculo
1911 2643 1956 2677 et
1977 2634 2061 2677 fir-

1213 2713 1391 2741 mamen
1399 2708 1456 2741 to.
1472 2697 1664 2741 Videtur
1676 2708 1824 2742 autem
1837 2708 1964 2755 poeta
1974 2699 2065 2744 hoc

1216 2763 1271 2807 de
1291 2763 1493 2823 Dionysii
1511 2764 1691 2808 historia
1713 2766 1886 2809 traxisse
1903 2799 1914 2816 ‚
1938 2774 1983 2809 et
2005 2765 2060 2808 ad

1216 2844 1315 2872 eam
1340 2829 1571 2882 adludere3
1593 2847 1725 2886 quam
1744 2831 2062 2887 elegantissime

1218 2892 1377 2937 Cicero
1391 2893 1531 2937 refert
1547 2896 1592 2937 in
1619 2896 1774 2952 quinto
1794 2895 2066 2939 Tusculana-

1217 2974 1317 3001 rum
1343 2960 1632 3016 quaestionum
1656 2960 1779 3004 libro.
1807 2947 1997 3023 I'ipri‘oeooet
2031 2964 2067 3004 ἓν

1218 3031 1358 3069 λεκτῶν
1372 3026 1573 3080 νημάτων,
1596 3026 1771 3070 Lucian.
1794 3026 1906 3068 Dial.
1929 3025 2066 3069 Con-

1219 3089 1501 3145 templantes,
1540 3090 1627 3132 sive
1665 3089 1861 3133 Charon.
1890 3090 2062 3134 Luccei.

1218 3156 1290 3199 lib.
1302 3157 1366 3210 II,
1383 3156 1462 3200 sub
1475 3156 1551 3199 fin.
1563 3157 1676 3213 apud
1691 3157 1885 3200 Gellium
1902 3192 1913 3206 ‚
1930 3157 2060 3212 XIII,

1223 3239 1288 3266 20.
1317 3242 1339 3261 «
1368 3223 1515 3267 Aurea
1550 3223 1604 3267 de
1627 3224 1731 3268 caelo
1758 3224 1920 3268 dimisit
1951 3224 2066 3267 funis

1220 3288 1268 3331 in
1288 3304 1401 3331 arva.
1434 3307 1456 3326 »
1493 3289 1614 3332 Eun.
1646 3289 1757 3345 apud
1793 3290 1991 3333 Macrob.
2022 3290 2066 3343 1,

1222 3371 1248 3413 9
1262 3387 1273 3407 ,
1301 3371 1322 3391 «
1338 3354 1435 3398 Hac
1457 3364 1592 3398 noctu
1613 3354 1688 3397 fito
1706 3354 1924 3411 pendebat
1939 3355 2068 3397 Etru·

1221 3419 1285 3461 ria
1298 3426 1401 3461 tota.
1419 3436 1441 3457 u
1462 3418 1576 3463 Vide
1595 3418 1771 3462 Colum.
1786 3436 1878 3477 pag.
1895 3424 1960 3462 55.
