2268 3848
288 268 377 365 ἱ56

497 314 561 366 P.
595 313 846 368 OVIDII
879 313 1199 369 NASONIS
1237 313 1486 369 TRIST.
1531 315 1576 369 Ι.
1618 315 1732 370 EL.
1773 313 1877 371 XI.

384 429 784 508 Quam'cruor,
817 444 869 489 et
898 429 1095 503 caedes,
1121 429 1374 514 bellaque
1407 427 1617 515 semper
1641 431 1863 493 habent.

307 529 604 610 Quumque
633 529 703 589 sit
729 528 974 588 hibernis
1003 527 1268 605 agitatum
1295 528 1555 589 fluctibus
1581 552 1769 612 aequor
1788 577 1803 603 ,

385 623 612 709 Pectora
646 639 773 685 sunt
800 625 921 706 ipso
950 625 1257 685 turbidiora
1285 626 1442 685 mari.

308 718 437 796 Quo
462 719 634 796 magis
661 719 749 778 his
779 719 944 780 debes
972 720 1275 798 ignoscere,
1308 720 1534 780 candide
1562 720 1763 793 lector,
2015 736 2067 777 35

386 814 446 872 Si
476 838 570 896 spe
602 829 761 885 sunt,
790 830 854 875 ut
880 830 1039 887 sunt,
1071 815 1328 875 inferiora
1359 831 1468 876 tua.

304 909 430 969 Non
458 911 573 970 haec
600 911 658 970 in
683 911 914 984 nostriS,
946 928 1008 972 ut
1037 912 1310 995 quondam
1333 959 1351 984 ,.
1380 912 1668 973 scribimus
1693 910 1904 971 hortis:

389 1007 532 1076 Nec,
565 1021 818 1066 consuete
839 1053 853 1078 ,
886 1030 1065 1066 meum
1083 1054 1098 1079 ,
1132 1006 1327 1067 lectule
1346 1053 1363 1078 ‚
1392 1030 1593 1088 corpus
1620 1005 1807 1065 habes,

307 1099 494 1158 Jactor
522 1099 580 1157 in
609 1099 904 1173 indomite,
936 1100 1169 1162 brumali
1201 1099 1351 1173 luce,
1381 1100 1685 1185 profund03

389 1197 625 1279 Ipsaque
653 1197 890 1284 caeruleis
917 1198 1103 1258 charta
1132 1198 1326 1258 feritur
1351 1197 1524 1280 aquis.
2020 1211 2074 1266 40

309 1291 572 1374 Improba
604 1310 816 1376 pugnat
842 1295 1060 1376 hyems,
1093 1294 1547 1375 indignaturque,
1583 1291 1727 1375 quod
1758 1291 1935 1352 ausim

392 1389 641 1450 Scribere
662 1437 676 1462 ,
708 1415 765 1452 se
792 1391 994 1468 rigidas
1022 1391 1319 1451 incutiente
1346 1390 1537 1449 minas,

309 1483 507 1544 Vincat
540 1487 725 1568 hyems
763 1487 1074 1559 hominem;
1105 1488 1198 1548 sed
1229 1487 1419 1547 eodem
1450 1501 1720 1568 tempore,
1751 1506 1931 1567 quaeso
1950 1528 1965 1554 ,

396 1582 521 1662 Ipse
550 1582 773 1642 modum
803 1597 1037 1643 statuam
1068 1582 1350 1655 carminis,
1378 1580 1472 1641 illa
1501 1580 1602 1642 sui.

311 1725 507 1772 Thraciae
521 1730 634 1783 litus,
652 1730 766 1786 quod
783 1732 926 1774 Ponto
941 1729 1153 1775 adluitur:

312 1794 427 1849 quod
450 1795 594 1838 scribit
614 1796 771 1839 Strabo
792 1796 1012 1839 desertum
1034 1813 1124 1839 esse
1141 1829 1153 1850 ,

313 1869 534 1916 petrosum
555 1893 565 1912 ,
599 1860 929 1916 importuosum.
955 1862 1085 1904 MER.
1103 1884 1158 1894 ——

311 1925 455 1967 Avida
492 1928 727 1967 substracta
756 1930 922 1980 rapine.
954 1925 1040 1968 Alii
1065 1924 1155 1983 leg.

314 1990 463 2032 Avt'doe
473 1994 681 2032 submissa
692 1998 800 2042 ,-etc.
822 1990 966 2033 dedita
979 1999 1022 2033 et
1038 1990 1158 2046 quasi

314 2055 573 2110 mancipata..
584 2055 762 2098 BERSM.
776 2077 837 2090 -ν
851 2058 1043 2097 Barbara
1055 2071 1159 2109 pars

314 2124 416 2162 laeva
425 2129 497 2162 est.
516 2120 950 2176 Intelligamus,.hanc
964 2119 1158 2177 Elegiam

315 2185 459 2227 statim
494 2193 588 2240 post
625 2184 898 2240 superiorem·
927 2185 1128 2240 scriptam
1145 2217 1157 2238 ,

319 2266 456 2306 quum
477 2266 532 2293 em
550 2250 845 2293 Samothracia
865 2250 1160 2306 ipsamThra-

318 2316 428 2359 ciam
442 2315 675 2357 veheretur
689 2323 814 2371 poeta
830 2331 840 2358 ι
862 2316 1159 2369 Barbarosque

319 2379 399 2421 dici
418 2395 490 2422 eos
504 2411 516 2432 ,
538 2379 613 2435 qui
632 2379 677 2421 in
700 2395 776 2422 ora
796 2379 835 2423 T
838 2378 992 2422 hraciae
1012 2378 1065 2420 ad
1086 2377 1161 2421 lae-

316 2458 415 2486 vam
446 2443 690 2486 habitarint.
721 2444 811 2486 Aut
835 2452 975 2497 certe,
1006 2451 1055 2486 ut
1082 2458 1163 2499 po-

316 2522 474 2550 namus
491 2539 509 2559 ‚.
530 2522 605 2562 per
628 2506 858 2550 Thraciam
874 2515 993 2563 parte
1010 2507 1163 2550 saltem·

319 2573 459 2629 aliqua
479 2573 627 2615 fecisse
651 2573 830 2629 pedibus
850 2573 935 2616 iter
956 2582 1130 2629 poetam
1144 2606 1164 2633 9

317 2647 551 2693 posteaque
570 2637 620 2678 ad
645 2653 801 2679 navem
823 2653 1046 2680 reversum
1064 2654 1074 2680 ε
1095 2646 1164 2681 at-

321 2720 404 2759 que
428 2704 486 2746 ita
507 2711 654 2746 tamen
683 2702 876 2759 Elegiam
910 2703 1021 2745 hanc
1049 2704 1162 2746 scri-

319 2768 460 2825 psisse.
492 2768 663 2810 MICYL.
688 2790 742 2799 -
764 2768 911 2811 ΛνίιΙιε
931 2771 1164 2810 substructa

318 2835 485 2887 rapinae.
498 2832 697 2888 Uterque
717 2831 936 2877 Palatinus
951 2832 1164 2888 multique

322 2893 420 2950 alii,
453 2900 692 2950 substratas
723 2899 849 2953 prim.
872 2899 1011 2941 Vatic.
1034 2906 1163 2953 atque

320 2969 486 3017 septem
500 2970 706 3017 praeterea
722 2965 935 3005 subtracta
944 2976 961 3015 ,·
982 2962 1164 3016 totidem

1235 1732 1426 1786 subjecta
1445 1764 1455 1782 ‚
1496 1738 1547 1774 ut
1572 1730 1687 1773 forte
1719 1728 1772 1773 sit
1799 1725 2073 1772 scribendum

1235 1798 1444 1851 avidaque
1479 1795 1643 1850 objecla
1674 1795 1827 1848 rapine
1849 1824 1861 1846 ,
1901 1790 1970 1834 vel
2001 1794 2076 1834 in-

1236 1869 1404 1903 structa.
1428 1861 1592 1904 HEms.
1605 1859 1867 1902 —Vossiana
1883 1862 2078 1910 excerpta

1237 1924 1400 1968 hahent
1421 1927 1554 1967 avida
1571 1927 1785 1966 succincta
1797 1956 1808 1974 ,
1839 1920 1957 1978 quod
1973 1936 2078 1962 ma·-

1237 1992 1351 2035 xime
1372 1992 1529 2048 placet;
1550 1995 1764 2034 succincta
1783 1988 1902 2032 enim
1919 1995 1981 2031 est
2000 2001 2080 2043 pro

1239 2066 1386 2114 parata
1405 2090 1416 2110 ,
1442 2064 1642 2114 prompta
1668 2055 1722 2098 ad
1747 2054 1912 2112 praedas
1939 2068 2079 2110 agen—

1242 2121 1327 2166 das.
1349 2122 1512 2165 Bunm.
1747 2141 1752 2146 ·

1294 2186 1360 2228 35.
1372 2187 1423 2228 Si
1430 2202 1503 2240 spe
1514 2188 1621 2236 sint,
1644 2191 1693 2227 ut
1703 2187 1800 2226 sint.
1818 2183 1946 2238 Sispe
1958 2186 2057 2223 sunt
2068 2211 2079 2232 ,

1240 2258 1288 2292 ut
1296 2259 1416 2303 sunt,
1430 2250 1632 2292 meliores
1645 2266 1656 2299 ;
1674 2257 1718 2291 et
1731 2263 1831 2290 mox
1843 2249 2083 2301 scripsimus

1241 2329 1320 2371 pro
1339 2318 1568 2358 scribimus.
1590 2315 1730 2357 Puto:
1751 2330 1772 2350 «
1794 2311 1843 2355 Si
1862 2327 1935 2366 spe
1952 2318 2054 2353 sunt
2070 2341 2081 2363 ,

1242 2388 1291 2422 ut
1303 2388 1433 2421 erunt
1448 2411 1460 2432 ,
1481 2378 1687 2421 inferiora
1699 2387 1773 2421 tua
1786 2409 1798 2431 ‚
1821 2394 1842 2414 »
1863 2374 1978 2418 infra
1999 2373 2081 2426 IV,

1242 2458 1260 2487 1
1277 2477 1288 2498 ,
1309 2460 1368 2488 vs.
1402 2461 1415 2486 ι
1441 2459 1488 2486 z«
1513 2442 1561 2486 Si
1585 2459 1668 2499 qua
1690 2443 1796 2485 meis
1816 2440 2009 2494 fuerint,
2033 2446 2082 2481 ut

1244 2518 1395 2565 erunt,
1416 2508 1566 2552 vitiosa
1588 2506 1750 2550 libellis.
1776 2524 1798 2544 »
1820 2507 1986 2549 Hnms.

1278 2575 1343 2618 38.
1357 2576 1456 2627 Nec,
1463 2581 1666 2623 consuete,
1675 2589 1818 2621 meum,
1828 2573 1986 2621 lectule,
1998 2586 2083 2614 cor-

1235 2654 1319 2692 pus
1335 2640 1475 2681 babes.
1497 2637 1678 2693 Antiqui
1697 2634 1990 2688 meditationi,
2009 2643 2083 2677 aut

1243 2701 1462 2758 scriptioni
1476 2716 1653 2758 operam
1667 2699 1807 2742 daturi
1821 2731 1833 2753 ‚
1854 2698 1900 2741 in
1919 2698 2082 2741 lectulis

1244 2764 1641 2809 suislucubratoriis
1654 2780 1698 2807 se
1712 2763 2046 2819 componebant.

1285 2835 1365 2886 44,
1388 2831 1558 2874 Modum
1581 2834 1790 2873 carminis.
1804 2830 1961 2873 Finem
1977 2829 2083 2872 scri-

1243 2895 1451 2945 bendi.—
1463 2897 1549 2938 Illa
1566 2895 1738 2942 sutlllla
1758 2894 1909 2953 hyems
1925 2902 2082 2938 statuat

1244 2959 1426 3003 modum
1446 2959 1535 3015 sui,
1556 2958 1598 3002 id
1615 2967 1700 3014 est,
1717 2958 1882 3004 desinat
1895 2958 2055 3002 saevire.
