2280 3776
451 339 555 394 EX
598 335 892 392 PONTO
934 334 1093 389 LIB.
1138 334 1223 387 ΙΙ.
1267 331 1545 388 EPIST.
1591 334 1713 386 111.

1860 333 1957 386 331

290 457 365 515 Et
390 452 574 514 laesum
605 452 744 512 flecti
774 473 922 534 spem
956 449 1082 509 dare
1113 473 1278 532 posse
1308 450 1501 509 Deum.

211 551 389 612 Movit
419 550 663 611 amicitiae
693 563 807 608 tum
838 561 888 607 te
917 546 1223 607 constantia
1252 544 1429 625 longae
1448 594 1462 618 ‚

296 650 440 709 Ante
471 663 595 708 tuos
625 660 779 706 ortus
809 668 928 728 quae
955 644 1087 703 mihi
1122 658 1295 728 coepta
1328 644 1448 704 suit.
1929 676 1982 715 7⁰

212 747 287 805 Et
315 743 462 827 quod
501 766 615 802 eras
644 740 764 829 aliis
794 740 998 813 sactus,
1030 739 1161 800 mihi
1191 755 1352 800 natus
1382 741 1620 814 amicus;

295 841 571 924 Quodque
605 839 704 900 tibi
738 840 794 899 in
822 839 976 899 cunis
998 839 1185 900 oscula
1217 838 1389 923 prima
1422 839 1543 899 dedi
1572 864 1585 911 ;

219 938 385 1019 Quod
407 985 420 1009 ‚
456 961 625 1021 quum
650 951 824 998 vestra
855 936 1050 997 domus
1080 936 1276 996 teneris
1308 935 1438 996 mihi
1468 957 1683 1021 semper
1706 935 1773 996 ab
1803 934 1958 996 annis

297 1031 458 1093 Culta
485 1032 583 1102 sit,
615 1056 728 1093 esse
761 1047 915 1092 vetus
944 1055 1088 1092 nunc
1124 1031 1221 1091 tibi
1253 1055 1423 1110 cogor
1450 1055 1606 1092 onus.

214 1130 307 1189 Me
340 1144 467 1189 tuus
496 1128 587 1189 ille
616 1143 802 1212 pater,
835 1128 1002 1189 Latiae
1031 1128 1285 1188 facundia
1314 1128 1543 1207 linguae,
1926 1141 1978 1199 75

299 1226 437 1304 Quae
465 1250 575 1286 non
608 1226 836 1299 inferior
862 1225 1148 1286 nobilitate
1177 1225 1311 1296 suit,

218 1307 436 1381 Primus
454 1366 468 1393 ‚
501 1335 566 1381 ut
591 1321 844 1381 auderem
874 1321 1214 1382 committere
1242 1322 1476 1382 carmina
1503 1319 1682 1392 samae,

303 1416 565 1502 Impulit:
592 1417 799 1503 ingenii
825 1417 936 1480 dux
967 1417 1071 1479 suit
1101 1416 1192 1479 ille
1219 1418 1342 1479 mei.

220 1516 365 1588 Nec,
398 1538 509 1599 quo
543 1515 615 1576 sit
640 1515 879 1599 primum
908 1515 1074 1576 nobis
1103 1541 1133 1576 a
1163 1530 1407 1600 tempore
1435 1512 1615 1575 cultus
1633 1560 1648 1586 ‚

304 1611 598 1673 Contendo
623 1611 845 1674 fratrem
877 1636 1038 1698 posse
1065 1611 1263 1673 referre
1294 1626 1467 1672 tuum.
1942 1627 1998 1669 80

221 1709 299 1767 Te
328 1721 509 1769 tamen
535 1723 659 1769 ante
689 1733 877 1770 omnes
907 1710 981 1769 ita
1011 1733 1130 1770 sum
1164 1709 1482 1792 complexus
1500 1754 1514 1779 ‚
1542 1720 1606 1766 ut
1634 1728 1779 1766 unus

305 1806 575 1886 Quolibet
604 1807 662 1868 in
690 1831 818 1868 casu
849 1807 1020 1885 gratia
1049 1822 1235 1868 nostra
1265 1807 1426 1868 sores,

225 1899 430 1961 Ultima
459 1926 543 1963 me
576 1916 752 1961 tecum
778 1901 943 1972 vidit,
970 1902 1289 1985 moestisque
1319 1901 1571 1961 cadentes

276 2029 342 2075 68.
366 2031 502 2075 Deum
528 2034 682 2074 lasum.
711 2031 959 2088 Augustum
989 2030 1068 2074 of-

223 2095 414 2140 sensum.

281 2177 347 2217 70.
358 2162 472 2206 Ante
483 2167 576 2206 tuos
585 2170 712 2207 ottus.
728 2163 981 2220 Antequam
995 2178 1071 2206 na-

226 2229 430 2280 scereris;
460 2236 563 2273 tunc
583 2229 704 2273 enim
727 2238 847 2287 patre
871 2239 946 2273 tuo
973 2238 1072 2274 ute-

227 2293 305 2336 bar
324 2292 607 2338 familiariter.

285 2359 348 2414 74.
367 2360 487 2409 Nuac
510 2362 593 2401 tibi
606 2374 733 2415 cogor
755 2375 875 2403 unus.
902 2361 975 2403 Me
997 2362 1079 2402 tibi

230 2428 344 2478 cogit
389 2431 557 2467 veteres
596 2424 791 2481 plerique
817 2442 828 2476 ;
873 2424 948 2468 sed
984 2439 1075 2466 non

230 2488 380 2546 probo,
396 2489 655 2533 H.—-—Vetus
674 2503 788 2532 onus.
805 2489 941 2533 Vetus
963 2489 1074 2532 ami-

231 2569 305 2597 cus
333 2553 408 2596 tibi
436 2552 642 2597 molestus
666 2562 708 2597 et
733 2569 941 2597 onerosus
965 2569 976 2596 :
1002 2553 1079 2609 qui

232 2619 316 2664 tuis
335 2621 377 2664 in
394 2612 577 2677 pueritia
593 2636 689 2664 mea
705 2620 769 2663 fui
786 2621 1078 2665 oblectationi.

289 2687 353 2745 76.
389 2692 478 2742 Qui
501 2704 582 2731 non
609 2687 791 2743 inferior.
824 2691 945 2743 Quoe,
973 2705 1075 2733 me-

233 2752 372 2798 liores.
395 2752 562 2798 Hunis.

290 2833 354 2873 77.
391 2817 452 2860 Ut
473 2820 665 2860 auderem
697 2823 946 2862 committere
975 2835 1081 2861 cat·-

236 2883 347 2924 nn'oa
363 2881 512 2937 same.
547 2882 611 2926 Ut
647 2883 856 2926 auderem
887 2883 1082 2926 carmina

238 2961 334 2990 mea
355 2947 400 2990 in
421 2946 638 3004 publicum
665 2948 807 2991 edere..

295 3027 359 3070 79.
374 3014 462 3055 Nec
474 3016 585 3067 quod
593 3017 790 3068 sitpmno
802 3018 923 3058 nobis
935 3032 965 3057 a
977 3023 1083 3058 tem-

233 3093 335 3133 pore
353 3080 509 3126 cultus,
539 3081 750 3123 Contendo
756 3082 938 3136 fratrem
957 3098 1085 3135 posse

238 3141 385 3196 referre
402 3150 529 3185 tuum.
554 3146 687 3187 Posse
706 3161 857 3200 negare
882 3146 1085 3190 scriben-

242 3206 349 3250 dum
377 3206 480 3249 olim
507 3209 735 3252 censebam
760 3226 771 3254 ς
795 3220 838 3254 at
857 3211 1087 3255 Sarravia-

242 3288 325 3316 nus
341 3304 352 3326 ,
377 3272 677 3327 Twisdenius,
715 3283 759 3318 et
790 3276 968 3331 Argent.
995 3279 1088 3321 Nec

243 3354 321 3394 quo
340 3339 613 3393 s1‘tpr1‘mum3
635 3348 683 3382 ut
702 3355 852 3384 sensus
870 3341 948 3394 sit,
970 3335 1088 3385 Con-

245 3403 381 3448 tendo
396 3406 573 3448 fratrem
591 3415 715 3450 tuum
730 3407 977 3451 meminisse
995 3425 1086 3452 non

247 3486 368 3527 posse
382 3504 394 3527 ,
411 3487 496 3528 quo
510 3473 703 3528 primum
719 3482 914 3530 tempore
929 3491 952 3518 a
963 3475 1088 3520 nobis

1150 2030 1289 2076 cultus
1314 2032 1368 2075 sit
1392 2049 1401 2075 :
1432 2032 1550 2088 quasi
1576 2030 1678 2075 velit
1707 2031 1794 2086 jam
1821 2046 1843 2072 a
1868 2028 1998 2086 longo

1152 2107 1349 2155 tempore
1377 2107 1422 2141 et
1449 2114 1473 2141 a
1501 2097 1639 2153 prima
1663 2094 1847 2139 infantia
1869 2095 1998 2138 fuisse

1151 2164 1316 2208 cultum
1337 2197 1349 2218 ‚
1381 2173 1451 2206 aut
1476 2172 1576 2206 aute
1598 2178 1731 2205 cunas
1751 2195 1762 2215 ,
1796 2169 1844 2203 ut
1870 2176 1998 2216 supra

1153 2229 1330 2273 dixerat.
1360 2231 1511 2285 Neque
1541 2229 1666 2271 aliter
1697 2227 1832 2271 codex
1862 2228 2001 2269 Bers-

1153 2294 1303 2337 manni
1314 2327 1326 2346 ‚
1348 2309 1530 2349 eamque
1546 2309 1694 2336 veram
1710 2308 1799 2335 esse
1814 2291 2001 2348 scriptu-

1155 2375 1247 2401 ram
1261 2359 1305 2401 in
1320 2358 1519 2415 Epistolis
1535 2358 1623 2413 jam
1644 2357 1750 2399 vidit
1763 2354 2005 2412 Tanaquil-

1156 2426 1221 2469 lus
1247 2426 1413 2475 Faber;
1443 2425 1577 2469 codex
1610 2423 1820 2467 Arondel.
1854 2442 1875 2460 α
1911 2423 2003 2466 Nec

1157 2510 1245 2549 quo
1262 2493 1314 2537 sit
1337 2493 1461 2537 nobis
1482 2509 1505 2536 a
1527 2490 1670 2550 primo
1692 2501 1889 2547 tempore
1912 2488 2005 2533 cul-

1158 2568 1226 2603 tus
1239 2592 1250 2611 ,
1278 2576 1300 2596 ι»
1319 2574 1397 2614 quo
1413 2559 1546 2602 etiam
1562 2558 1606 2600 in
1623 2558 1770 2601 multis
1783 2556 1896 2607 aliis;
1918 2564 2006 2599 tres

1158 2630 1266 2684 quia.
1290 2627 1457 2670 limus.

1214 2694 1279 2736 81.
1304 2693 1363 2735 Ut
1383 2708 1481 2735 una.
1512 2692 1572 2734 Ut
1585 2705 1693 2735 unus
1717 2689 1920 2732 meliores
1936 2703 1946 2729 :
1962 2694 2008 2729 et

1160 2763 1291 2799 reete.

1216 2822 1282 2866 83.
1308 2822 1468 2864 Ultima
1489 2838 1555 2864 me
1577 2827 1711 2864 tecum
1735 2822 1867 2868 vidit,
1898 2832 2011 2860 me-

1161 2893 1318 2944 stisqne
1354 2891 1549 2931 cadentes
1584 2889 1767 2942 Excepi!
1797 2888 2010 2942 lacrymas

1162 2957 1289 2997 Italic
1302 2969 1376 2996 ora
1391 2959 1521 3009 genis.
1543 2952 1667 3009 Quid
1690 2952 1771 2995 hoc
1791 2959 1854 2994 est
1876 2965 2013 2992 mon-

1164 3019 1238 3063 stri
1255 3018 1275 3061 ?
1302 3018 1422 3062 ltalia
1443 3027 1484 3061 te
1505 3017 1656 3060 ultima
1673 3032 1850 3060 mecum
1865 3014 1973 3058 vidit
1989 3014 2010 3057 ?

1167 3084 1284 3140 atqui
1311 3084 1453 3127 locum
1481 3091 1652 3126 certum
1679 3081 1864 3126 debebat
1888 3081 2011 3123 desi-

1167 3166 1298 3207 gnare
1322 3182 1334 3203 ,
1368 3148 1456 3192 sive
1490 3149 1680 3192 Romam
1704 3179 1715 3200 ‚
1751 3147 1840 3189 sive
1878 3145 2012 3188 alium

1166 3232 1501 3273 quemcumque.
1526 3214 1730 3272 Scaliger-i
1754 3213 1889 3258 codex
1911 3216 2023 3255 Itali

1166 3285 1304 3325 silva.-
1329 3280 1445 3323 unde
1468 3280 1721 3324 Avunculus
1742 3296 1865 3322 meus
1890 3279 2014 3322 Rut-

1170 3344 1330 3402 gersius
1347 3345 1598 3400 conjectura
1620 3343 1861 3387 indubitata
1886 3358 2018 3399 repo-

1168 3411 1298 3453 nebat
1310 3443 1322 3464 ,
1333 3413 1520 3453 AEthale's
1528 3413 1619 3454 [lea
1627 3425 1640 3462 ‚·
1657 3426 1684 3452 n
1690 3426 1759 3453 am
1772 3412 1864 3451 Ilva
1872 3411 2015 3451 AEtha-

1169 3479 1231 3518 lia
1261 3485 1368 3519 teste
1402 3474 1546 3519 Plinio
1577 3474 1689 3518 dicta
1719 3491 1729 3517 ε
1759 3475 1940 3530 Argent.
1973 3479 2014 3514 et
