2280 3776
416 313 854 369 'I'RISTIUM
892 313 1054 367 LIB.
1100 315 1226 368 111.
1270 314 1512 370 ELEG.
1557 317 1745 371 XIII.

1858 317 1957 395 Ι47

118 424 121 426 ’
203 426 432 488 Fumida
458 428 704 507 cingatur
729 426 1050 488 florentibus
1080 451 1167 489 ara
1191 428 1453 490 coronis?
1823 486 1830 495 .
1916 452 1963 491 15

284 524 541 607 Micaque
572 522 798 585 solemni
826 523 963 584 turis
992 523 1047 583 in
1074 524 1200 602 igne
1231 526 1429 586 sonet?

201 620 450 704 Libaque
476 622 595 682 dem
621 645 723 704 pro
755 645 840 682 me
865 620 1097 699 genitale
1123 623 1370 683 notantia
1398 627 1653 707 tempus?

286 718 711 803 Concipiamque
737 717 911 779 bonas
941 742 1033 779 ore
1062 718 1272 779 favente
1300 722 1531 801 preces?

202 812 328 872 Non
357 811 432 874 ita
459 837 578 874 sum
605 813 850 898 positus;
878 835 977 874 nec
1007 827 1138 874 sunt
1163 835 1223 873 ea
1252 827 1495 896 tempora
1523 815 1715 889 nobis,

281 908 537 970 Adventu
566 909 776 993 possim
805 907 961 971 laetus
985 923 1047 969 ut
1073 932 1188 970 esse
1219 923 1334 968 tuo.
1917 942 1971 971 20

200 1004 430 1065 Funeris
459 1028 550 1066 ara
574 1005 711 1066 mihi
731 1053 746 1080 ‚
774 1004 930 1066 ferali
962 1004 1135 1065 cincta
1160 1028 1420 1088 cupresso
1439 1052 1455 1078 ‚

285 1103 589 1176 Convenit,
618 1118 673 1164 et
697 1102 919 1164 structis
941 1102 1152 1163 flamma
1180 1116 1364 1185 parata
1387 1103 1569 1181 rogis:

202 1198 316 1259 Nec
348 1198 473 1258 dare
501 1214 622 1259 tura
651 1197 789 1259 libet
810 1245 825 1270 ‚
855 1198 995 1258 nihil
1025 1198 1299 1259 exorantia
1327 1198 1534 1272 Divos-3
1580 1203 1586 1209 ’

283 1294 349 1353 In
373 1293 541 1353 tantis
566 1292 805 1352 subeunt
830 1315 929 1351 nec
956 1292 1101 1350 bona
1131 1293 1296 1353 verba
1324 1292 1497 1354 malis.

203 1389 264 1450 Si
293 1405 470 1451 tamen
500 1404 583 1451 est
612 1387 819 1471 aliquid
844 1387 1010 1447 nobis
1036 1387 1137 1448 hac
1168 1386 1288 1447 luce
1317 1389 1613 1471 petendum
1631 1438 1647 1463 ‚
1923 1414 1975 1455 25

241 1570 259 1597 1
267 1555 304 1597 5.
314 1554 489 1596 Fumida
497 1555 698 1607 cingatur.
709 1550 916 1594 Solebam
927 1549 1045 1593 enim

204 1616 273 1660 die
291 1617 421 1660 natali
437 1616 652 1659 bonorem
665 1614 760 1658 Diis
774 1613 992 1666 exhibere,
1003 1620 1047 1655 et

204 1681 350 1727 Genio
367 1680 637 1738 potissimum
651 1712 663 1734 ‚
682 1680 804 1734 cujus
822 1693 941 1720 aram
954 1694 1048 1720 ser-

203 1748 258 1791 tis
271 1753 523 1791 coronatam
536 1753 632 1788 ture
641 1742 905 1800 vaporabant
921 1758 930 1792 ;
948 1741 1046 1784 Tib.

205 1811 253 1855 II
267 1843 279 1866 ,
301 1825 338 1853 11
355 1843 367 1865 ‚
389 1810 438 1852 3:
455 1828 476 1847 «
497 1810 698 1853 Urantur
711 1808 779 1864 pia
796 1815 892 1850 tura
910 1805 1015 1849 focis
1031 1837 1043 1860 ,
1087 1815 1089 1817 ’

203 1882 391 1918 urantur
410 1872 578 1916 odores.
602 1891 623 1910 υ
646 1873 775 1915 Mna.

261 1958 278 1984 ι
285 1941 324 1984 6.
333 1941 385 1983 1»
393 1941 487 1995 igne
497 1947 626 1982 sonet.
646 1938 1036 1993 CrepetVossianu‘s,

118 2011 125 2019 ’
204 2013 255 2050 ut
275 2005 323 2048 in
348 2004 507 2056 Fastis,
529 2003 599 2048 lib.
621 2004 702 2056 IV,
724 2019 783 2045 vs.
807 2005 882 2058 742
905 2017 915 2044 ε
940 2019 961 2038 «
987 2001 1045 2044 Et

203 2080 353 2129 crepet
372 2072 418 2115 in
441 2069 596 2115 mediis
616 2069 760 2112 laurus
784 2066 933 2110 adusta
964 2065 1045 2108 fo-
1086 2087 1087 2091 =

202 2135 285 2191 εἰη
301 2155 324 2175 ²»
336 2136 411 2181 sed
423 2136 493 2180 lib.
509 2135 592 2190 IV,
609 2133 676 2178 El.
689 2145 725 2176 11
741 2166 752 2187 ,
774 2149 833 2177 vs.
848 2134 873 2187 4
889 2148 934 2175 2«
947 2131 1047 2175 Tu-

202 2218 338 2260 raque
351 2203 395 2247 in
407 2203 506 2261 igne
517 2210 714 2246 sonant.»
725 2200 1047 2243 Mum-sonet.

204 2267 321 2311 Nam
338 2283 363 2310 a
381 2268 526 2312 sonitu
546 2276 591 2311 et
609 2265 776 2323 crepitu
796 2274 886 2308 tam
907 2265 1013 2308 turis
1034 2296 1046 2318 ,

206 2349 338 2389 quam
357 2332 466 2376 lauri
486 2332 735 2376 ardentium
750 2365 762 2384 ,
790 2330 892 2374 felix
911 2345 1045 2372 omen

206 2398 446 2455 captabant.
465 2399 518 2443 P.

265 2479 280 2504 1
290 2479 326 2519 7.
345 2463 532 2518 Libaque
550 2463 640 2503 dem
649 2476 728 2515 pro
745 2467 796 2502 te.
814 2461 924 2502 Dem
935 2475 1045 2513 pro-

199 2533 291 2583 prie
310 2527 517 2584 plerique.
544 2525 630 2570 Sed
655 2525 783 2582 prim.
804 2524 932 2568 Polit.
957 2526 1047 2567 dem

201 2610 280 2650 pro
297 2608 388 2648 me,·
410 2591 528 2649 quod
546 2606 716 2648 sequor.
735 2590 860 2632 H.—
873 2589 1047 2633 Servius

207 2659 353 2703 scribit
363 2691 375 2713 ,
390 2657 526 2701 libum
536 2655 682 2713 placen
690 2663 775 2698 tam
787 2654 918 2697 fuisse
930 2687 941 2708 ‚
953 2669 1048 2710 quae

214 2722 330 2765 farre
346 2753 357 2774 ,
381 2720 507 2764 melle
523 2752 534 2774 ,
561 2727 604 2762 et
625 2718 722 2761 oleo
740 2716 988 2771 constabat,
1010 2725 1054 2760 et

211 2795 311 2844 apta
324 2795 417 2830 erat
434 2784 647 2829 sacrificiis
662 2799 820 2840 :eaque
836 2782 903 2825 die
920 2782 1052 2825 natali

210 2849 575 2896 discumbentibus
584 2847 901 2904 adponebatur:
915 2862 1047 2889 nemo

213 2925 359 2960 autem
381 2917 499 2974 prius
521 2914 740 2972 gustabat,
765 2928 895 2969 quarn
921 2914 954 2957 is
975 2912 1050 2969 qui

212 2996 341 3024 suum
356 2980 543 3024 natalem
557 2979 822 3024 celebrabat:
837 2987 882 3021 et
897 2994 1050 3022 omnes

215 3047 290 3103 qui
309 3046 446 3089 libum
463 3055 700 3102 gustassent
715 3078 725 3096 ‚
751 3046 863 3088 bene
884 3045 1050 3101 precari

214 3111 670 3168 oportebat—Genius
687 3111 809 3154 Deus
824 3118 888 3154 est
899 3143 910 3164 ,
928 3111 1051 3167 cujus

215 3176 261 3219 in
280 3173 413 3219 tutela
429 3207 441 3230 ,
461 3183 511 3218 ut
530 3175 705 3230 quisque
726 3183 853 3217 natus
871 3182 935 3217 est
951 3205 962 3227 ,
985 3175 1049 3217 vi·

215 3240 277 3283 vit
294 3255 305 3283 2
325 3240 411 3283 sive
432 3238 545 3295 quod
571 3254 650 3281 nos
670 3238 836 3295 genitos
853 3238 1052 3296 suscipiat

217 3324 265 3352 ac
285 3316 470 3352 tueatur.

274 3376 337 3418 18.
351 3371 608 3426 Orefavente.
623 3374 873 3428 qumpaoff-are.
888 3370 1052 3416 Favere

217 3446 365 3483 autem
385 3445 448 3482 est
467 3437 581 3482 bona
595 3435 691 3498 fari.

1187 1566 1248 1609 ¹9·
1269 1553 1366 1596 Non
1389 1555 1455 1595 ila
1471 1568 1560 1595 sum
1569 1558 1761 1609 pos1‘1us‚·
1783 1572 1866 1599 non
1881 1567 1982 1601 sunt

1129 1628 1181 1656 ea
1198 1622 1382 1670 tempora
1400 1619 1533 1659 nobis.
1557 1620 1649 1660 Non
1667 1621 1730 1662 ita
1743 1625 1982 1676 subpositus

1132 1677 1259 1735 prim.
1276 1680 1475 1725 Vatican.
1499 1682 1661 1726 Versus
1680 1693 1745 1727 est
1764 1695 1838 1729 aut
1857 1703 1980 1730 men·

1133 1741 1261 1786 dosus
1272 1774 1284 1796 ‚
1300 1751 1375 1787 aut
1389 1744 1653 1790 adulteratus
1668 1766 1677 1798 ς
1700 1749 1978 1795 Hasniensis:

1130 1824 1153 1844 «
1170 1823 1252 1850 nec
1277 1817 1380 1851 sunt
1401 1817 1489 1852 tam
1510 1827 1713 1867 prospera
1730 1816 1865 1859 nobis.
1881 1837 1901 1854 »ι
1920 1818 1981 1861 H.

1127 1871 1248 1914 -Ex
1267 1871 1359 1929 ipso
1372 1874 1506 1917 verbo
1513 1881 1679 1930 positus
1691 1877 1839 1922 Ovidii
1859 1880 1981 1926 iutel-

1133 1934 1278 1992 ligitur
1308 1937 1500 1981 exsilium
1530 1949 1573 1983 et
1600 1941 1748 1985 infelix
1774 1945 1982 1989 conditio.

1131 2001 1195 2045 Ita
1222 2003 1376 2049 Horat.
1407 2006 1456 2060 1,
1488 2006 1575 2051 Od.
1600 2021 1724 2062 xxix,
1750 2026 1808 2054 vs.
1837 2028 1881 2066 ¹7
1903 2029 1949 2069 sq
1971 2034 1981 2060 ς

1130 2085 1152 2105 «
1172 2069 1294 2113 Pone
1315 2085 1385 2114 me
1399 2103 1410 2122 ,
1433 2072 1563 2130 pigris
1586 2073 1657 2116 ubi
1681 2075 1798 2118 nulla
1819 2078 1980 2133 campis

1130 2133 1277 2178 Arbor
1304 2136 1449 2179 estiva
1478 2147 1700 2181 recreatur
1731 2155 1836 2182 aura
1860 2159 1871 2192 ;
1893 2160 1914 2179 a
1936 2151 1981 2184 et

1130 2199 1234 2242 ibid.
1253 2219 1275 2237 «
1292 2201 1415 2244 Pone
1431 2202 1510 2245 sub
1523 2218 1655 2245 curru
1672 2203 1858 2246 nimium
1875 2221 1981 2261 pro-

1130 2265 1283 2322 pinqui
1305 2266 1444 2320 Solis;
1466 2285 1487 2304 ›·
1518 2267 1679 2310 Lucan.
1706 2270 1771 2323 V,
1803 2272 1881 2325 784
1900 2287 1950 2328 sq
1970 2288 1980 2314 :

1133 2347 1156 2367 κ
1191 2338 1417 2372 notescent
1464 2329 1587 2373 litora
1629 2331 1730 2374 clari
1779 2334 1980 2378 Nominis

1134 2392 1303 2447 exsilio,
1325 2394 1548 2450 positaque
1577 2395 1637 2438 ibi
1660 2397 1846 2454 conjuge
1870 2399 1980 2442 Ma-

1135 2459 1221 2515 gni.
1247 2477 1268 2496 »
1297 2459 1460 2503 BURM.

1188 2541 1210 2565 2
1220 2541 1235 2567 1
1244 2556 1252 2565 .
1266 2526 1438 2567 Funeris
1453 2540 1532 2567 ara
1550 2527 1673 2575 mihi,
1688 2526 1829 2580 ferali
1838 2532 1979 2572 cincla

1131 2604 1338 2643 cupressu.
1373 2591 1575 2643 Cupresso
1606 2588 1820 2635 meliores.
1855 2592 1979 2637 Malo

1132 2653 1264 2697 etiam
1285 2657 1484 2698 Funebris
1496 2673 1597 2699 ara:
1616 2658 1674 2700 sic
1682 2656 1888 2711 funebres
1900 2677 1979 2703 cu-

1125 2735 1296 2774 pressos
1309 2728 1352 2764 et
1361 2720 1540 2776 funebre
1556 2724 1718 2771 bellum,
1741 2720 1884 2767 media
1898 2725 1981 2783 syl·

1122 2785 1227 2829 'laba
1241 2794 1455 2845 correpta,
1476 2785 1581 2829 dixit
1596 2786 1808 2831 Horatius
1822 2789 1980 2845 :sicfa-

1133 2854 1275 2894 nebria
1285 2867 1411 2893 sacra
1423 2850 1554 2894 Trist.
1568 2853 1651 2905 IV,
1663 2852 1729 2895 El.
1745 2868 1810 2906 lv,
1824 2871 1882 2898 vs.
1898 2856 1950 2898 85
1966 2874 1979 2907 ;

1133 2915 1179 2957 in
1195 2914 1316 2958 Ibide
1332 2923 1478 2958 tamen
1491 2948 1503 2968 ‚
1517 2932 1575 2959 vs.
1596 2920 1696 2971 104:
1715 2936 1736 2955 «
1753 2919 1856 2961 Jam
1870 2929 1976 2974 stat,

1133 2989 1182 3024 ut
1196 2980 1284 3037 ipse
1303 2980 1421 3024 vides
1435 3013 1448 3034 ,
1469 2980 1638 3024 funeris
1654 2999 1727 3026 ara
1746 2985 1821 3026 tui.
1834 3003 1856 3022 ι»
1879 2985 1939 3027 H.

1190 3063 1254 3089 22.
1272 3047 1462 3088 Flamma
1477 3055 1634 3099 parata
1653 3052 1776 3101 rogis.
1797 3050 1978 3102 Reperla

1136 3111 1328 3167 quinque
1350 3117 1543 3162 veteres;
1567 3110 1694 3166 prim.
1715 3113 1912 3156 Vatican.
1934 3122 1978 3157 et

1136 3183 1321 3231 quatuor
1341 3174 1411 3217 alii
1425 3184 1612 3229 peracta.
1634 3175 1696 3226 H.

1189 3241 1254 3293 24.
1272 3235 1368 3283 ‘Nec
1381 3242 1490 3281 bona
1508 3243 1643 3283 verba.
1666 3241 1884 3294 Tibullus,
1904 3242 1954 3287 II
1967 3276 1979 3298 ,

1138 3303 1204 3346 El.
1217 3317 1253 3346 11
1265 3336 1277 3358 ,
1295 3319 1354 3347 vs.
1370 3320 1386 3346 1
1405 3319 1414 3346 ε
1431 3321 1453 3341 «
1470 3303 1678 3348 Dicamus
1690 3305 1807 3348 bona
1819 3307 1951 3350 verba
1964 3339 1977 3362 ,

1135 3368 1256 3411 venit
1274 3367 1425 3412 natalis
1441 3401 1452 3421 ,
1478 3368 1531 3411 ad
1553 3385 1657 3412 aras.
1677 3388 1698 3406 »
1721 3370 1851 3413 MER-

1194 3437 1260 3477 25.
1275 3434 1327 3477 Se·
1339 3442 1476 3477 tamen
1499 3442 1564 3479 est
1578 3437 1746 3490 aliquid
1758 3438 1879 3479 uobis
1899 3443 1979 3479 etc.
