2280 3776
491 309 948 365 TRISTIUM
987 310 1150 363 LIB.
1195 309 1307 365 IV.
1350 310 1594 365 ELEG.
1636 312 1711 364 X.

1880 314 1975 386 195

300 425 684 487 Emendaturis
713 423 934 503 ignibus
960 423 1079 506 ipse
1106 423 1266 486 dedi:

218 523 363 584 Tum
391 547 634 607 quoque,
665 543 832 605 quum
860 520 1102 599 fugerem
1120 567 1134 591 ‚
1169 521 1412 604 quaedam
1438 521 1703 605 placitura
1727 526 1981 596 cremavi,

304 624 485 684 Iratus
511 620 694 683 studio
725 618 1163 702 carminibusque
1194 620 1344 680 meis.

224 716 429 790 Molle,
462 715 779 801 Cupidineis
803 739 900 776 nec
923 715 1345 798 inexpugnabile
1377 716 1498 777 telis
1938 740 1990 778 η’.

309 814 423 874 Cor
448 813 616 886 mihi,
645 813 903 896 quodque
934 811 1067 874 levis
1096 836 1254 872 causa
1284 828 1547 883 moveret,
1580 830 1709 876 erat.

229 911 418 991 Quum
446 925 624 972 tamen
653 911 759 971 hoc
784 932 986 981 essem,
1016 909 1352 992 minimoque
1382 911 1702 973 accenderer
1726 915 1871 992 igni,

306 1006 544 1067 Nomine
575 1005 680 1067 sub
709 1019 903 1065 nostro
930 1002 1117 1066 fabula
1143 1003 1293 1064 nulla
1322 1004 1442 1064 fuit.

227 1103 387 1163 Paene
412 1102 549 1163 mihi
577 1125 749 1186 puero
777 1124 876 1162 nec
907 1100 1103 1180 digna,
1136 1123 1236 1160 nec
1262 1100 1416 1161 utilis
1446 1125 1588 1162 uxor

307 1198 412 1258 Est
442 1197 597 1268 data;
630 1221 750 1280 quae
781 1210 998 1279 tempus
1025 1197 1283 1279 perbreve
1312 1212 1484 1279 nupta
1512 1198 1645 1259 fuit:

226 1291 318 1354 Illi
343 1292 631 1364 successit,
666 1292 912 1374 quamvis
938 1292 1055 1351 sine
1084 1292 1339 1365 crimine,
1369 1294 1600 1374 conju13

311 1390 441 1450 Non
471 1403 652 1450 tamen
682 1388 739 1447 in
771 1402 964 1448 nostro
993 1387 1147 1448 firma
1177 1389 1359 1450 futura
1392 1405 1548 1452 toro:

232 1483 470 1556 Ultima,
501 1506 622 1567 quae
651 1506 862 1543 mecum
890 1505 1042 1543 seros
1068 1485 1368 1566 permansit
1396 1485 1454 1545 in
1481 1511 1686 1561 annm,

318 1580 596 1643 Sustinuit
623 1580 823 1662 conjux
850 1579 1054 1642 exsulis
1083 1604 1201 1641 esse
1227 1582 1343 1642 viri.

237 1677 374 1740 Filia
403 1700 490 1739 me
516 1677 693 1761 prima
719 1699 837 1737 mea
865 1676 952 1736 bis
981 1676 1232 1738 soecunda
1261 1678 1480 1759 juventa
1497 1727 1512 1752 ‚

321 1775 427 1836 Sed
455 1798 572 1835 non
600 1797 664 1834 ex
694 1797 808 1833 uno
839 1773 1069 1853 conjuge
1089 1819 1103 1845 ‚
1134 1773 1262 1834 secit
1287 1798 1462 1835 avum.

240 1876 315 1934 Et
334 1873 445 1955 jam
471 1869 772 1953 complerat
801 1872 1016 1947 genitor
1045 1892 1143 1928 sua
1170 1868 1279 1927 fata
1297 1915 1311 1938 ‚
1345 1892 1645 1952 novemque

320 1966 629 2030 Addiderat
658 1963 847 2026 lustris
872 1962 1037 2025 altera
1066 1959 1240 2024 lustra
1262 1987 1475 2025 novem.

239 2067 368 2128 Non
395 2063 555 2126 aliter
578 2062 700 2123 flevi
717 2108 732 2134 ‚
763 2084 926 2144 quam
956 2084 1043 2121 me
1070 2060 1298 2121 fleturus
1327 2060 1603 2123 ademtum

320 2160 419 2223 Ille
444 2160 581 2234 fuit;
611 2159 773 2221 matri
803 2158 1053 2242 proxima
1077 2158 1223 2240 justa
1250 2156 1369 2218 tuli.
1517 2216 1519 2221 ,
1959 2187 2012 2224 5..

295 2299 364 2343 63.
387 2299 521 2354 Quum
531 2295 735 2353 fingerem.
761 2294 918 2352 Quum
942 2295 984 2338 in
1013 2311 1090 2338 ex-

243 2363 389 2411 silium
406 2363 721 2422 proficiscerer3
734 2361 805 2405 lib.
823 2362 889 2406 lv
906 2361 959 2404 de
977 2361 1089 2404 Pon·

247 2441 317 2486 to,
341 2431 408 2474 El.
427 2444 484 2485 v,
508 2430 560 2472 33
579 2446 630 2486 sq
653 2445 664 2472 :
686 2446 709 2466 «
731 2427 797 2471 Te
818 2427 896 2471 sibi
914 2460 927 2482 ,
953 2443 1091 2484 quum

246 2496 421 2553 fugeret
433 2526 445 2549 ,
467 2492 653 2537 memori
672 2493 780 2536 solet
799 2508 874 2535 ore
893 2491 1058 2534 referre
1077 2524 1090 2547 ,

167 2606 169 2609 .
248 2559 469 2606 Barbariae
485 2567 598 2602 tutas
615 2556 853 2600 exhibuisse
867 2556 967 2598 vias.
988 2574 1010 2594 »

291 2625 358 2670 65.
366 2626 512 2676 Molle,
527 2624 775 2679 Cupidine&
785 2622 965 2664 Fatetur
975 2636 1094 2677 aper-

251 2700 295 2735 te
309 2723 321 2745 ,
341 2707 386 2733 se
403 2689 551 2732 animo
564 2688 695 2730 nimis
712 2686 831 2730 molli
850 2695 895 2730 et
917 2684 1095 2730 effemi-

251 2763 357 2799 nato
370 2753 499 2797 fuisse
512 2786 524 2808 ‚
547 2767 683 2809 quum
697 2767 742 2795 se
759 2751 884 2808 nugis
902 2751 982 2795 illis
997 2750 1097 2795 scri-

251 2820 404 2866 bendis
425 2819 607 2864 dederit.
624 2819 675 2862 P.

306 2886 374 2930 68.
388 2887 562 2929 Nomine
572 2887 650 2927 sub
664 2881 967 2938 nostrofabula
979 2884 1098 2924 nulla

244 2948 348 3004 suit.
358 2949 459 2994 Hoc
472 2948 599 2993 dicit:
614 2947 733 2991 nulla
747 2963 943 3004 unquam
959 2945 1011 2989 de
1024 2962 1097 2990 me

254 3013 341 3056 fuit
353 3012 498 3057 fabula
510 3045 523 3068 ,
537 3013 606 3057 vel
616 3029 770 3056 rumor
783 3011 894 3056 ullus
908 3012 1098 3066 sinister,

258 3078 376 3136 quod
392 3087 568 3123 notatus
581 3077 744 3123 fuerim
757 3078 952 3123 infamia.
970 3079 1100 3122 Mun.

314 3143 381 3202 69.
405 3145 527 3187 Pane
547 3146 803 3199 mihipuem.
830 3144 917 3186 Vix
944 3144 1100 3201 pueri—

261 3208 369 3252 tiam
382 3223 552 3264 egresso
564 3240 574 3258 ,
604 3208 690 3251 scil.
708 3224 825 3251 anno
838 3209 1008 3254 circiter
1026 3208 1073 3251 16
1087 3240 1100 3262 ,

265 3288 401 3329 quum
428 3271 617 3328 primam
639 3287 820 3315 uxorem
842 3272 1033 3317 duceret.
1050 3295 1104 3304 —

265 3339 354 3382 Nec
360 3340 503 3392 digna,
513 3353 587 3380 nec
594 3339 709 3381 utilis
716 3337 943 3381 uxonTres
952 3353 1104 3381 uxores

266 3402 448 3447 subinde
470 3402 602 3447 duxit.
625 3401 743 3446 Cum
761 3403 926 3446 duabus
949 3403 1108 3460 priori-

268 3467 348 3512 bus
365 3467 468 3514 fecit
485 3467 744 3512 divortium:
765 3463 863 3513 cuni
887 3468 1012 3512 tertia
1031 3468 1108 3512 diu

1170 2295 1297 2350 vixit,
1318 2311 1415 2352 qnae
1436 2296 1627 2340 exsulem
1649 2314 1738 2341 nou
1761 2300 1946 2343 erubuit.
1966 2304 2015 2346 P.

1228 2360 1292 2417 73.
1313 2361 1433 2421 Setos
1445 2366 1682 2415 permansit
1699 2367 1746 2406 in
1762 2381 1909 2407 annos.
1929 2369 2017 2409 So·-

1170 2428 1262 2467 cios
1271 2441 1407 2467 annos
1416 2434 1502 2469 tres
1517 2425 1629 2481 libri,
1642 2435 1687 2470 ut
1701 2429 1877 2485 epistola
1893 2432 2019 2480 lel-

1171 2488 1268 2532 lidis
1290 2522 1302 2543 ,
1332 2490 1385 2532 33
1415 2506 1425 2533 ε
1453 2509 1475 2527 «
1508 2491 1752 2537 Promissus
1780 2497 1917 2538 socios
1944 2484 2017 2541 ubi

1173 2570 1293 2598 nunc
1314 2554 1568 2612 hymenaeus
1590 2558 1636 2601 in
1655 2559 1819 2602 annos?
1841 2580 1861 2598 ι»
1887 2563 1944 2606 H.

1232 2622 1297 2676 75.
1329 2622 1442 2663 Elia
1462 2638 1527 2664 me
1544 2639 1637 2665 mea
1661 2627 1728 2666 5125
1747 2629 1898 2679 prima.
1925 2628 2019 2670 Pe-

1175 2684 1281 2729 rilla.
1296 2685 1479 2729 Turbati
1500 2689 1697 2743 numeri,
1718 2705 1825 2745 quos
1846 2691 1903 2733 ita
1921 2708 2018 2734 con·

1176 2750 1305 2794 cinna
1333 2767 1343 2794 ε
1368 2769 1391 2788 «ι
1421 2750 1529 2794 Filia
1554 2769 1626 2796 me
1659 2754 1800 2810 prima
1829 2772 1927 2800 mea
1957 2757 2022 2799 bis

1176 2814 1378 2859 foecunda
1397 2815 1589 2872 juventa.
1606 2836 1628 2856 »
1645 2819 1707 2862 H.

1234 2897 1254 2937 7
1260 2879 1297 2922 8.
1308 2883 1538 2937 Noas-mque
1550 2882 1790 2927 Addiderat
1798 2887 1943 2928 lustris
1953 2889 2024 2927 al-

1179 2951 1268 2987 tera
1286 2947 1418 2987 lustra
1436 2963 1590 2990 norem.
1611 2948 1713 2992 Hoc
1733 2958 1798 2993 est
1813 2982 1826 3004 ‚
1856 2949 1908 2991 ad
1930 2965 2021 2991 no—

1180 3010 1452 3068 nagesimum
1475 3028 1641 3057 annum
1661 3025 1932 3070 pervenerat.

1235 3078 1300 3119 80.
1323 3078 1462 3119 Matri
1468 3083 1665 3133 proxima
1693 3083 1817 3122 busta
1845 3083 1936 3122 tuli.
1967 3080 2022 3123 In

1182 3141 1339 3185 eodem
1361 3143 1510 3186 matris
1524 3143 1722 3200 sepulcro
1738 3153 1904 3199 patrem
1923 3160 2025 3188 con-

1185 3206 1287 3249 didi.
1307 3206 1420 3263 Lege
1427 3207 1555 3262 justa
1572 3212 1679 3252 tuli.-
1702 3209 1885 3252 alterum
1906 3210 2027 3253 Lati-

1184 3289 1294 3316 num
1311 3273 1378 3316 vix
1396 3283 1472 3318 est.
1489 3273 1633 3317 Valer.
1652 3273 1828 3320 Flaccus
1844 3310 1855 3329 ,
1873 3276 1943 3319 lib.
1966 3276 2023 3328 V,

1185 3356 1243 3383 vs.
1259 3339 1305 3393 6,
1325 3357 1346 3376 «
1362 3337 1482 3381 Tum
1495 3340 1642 3383 comiti
1657 3340 1726 3397 pia
1739 3341 1851 3397 justa
1867 3342 1986 3390 tulin
2002 3358 2025 3377 υ

1187 3405 1348 3449 Statius
1371 3437 1382 3459 ,
1418 3404 1556 3449 Theb.
1584 3405 1652 3449 VI
1666 3438 1679 3461 ,
1715 3406 1791 3450 168
1808 3439 1820 3460 ,
1858 3425 1879 3444 «
1919 3404 2026 3461 quid

1186 3470 1332 3514 inania
1358 3469 1480 3514 fertis
1512 3470 1638 3514 Justa
1666 3470 1812 3530 rogis?
1834 3491 1853 3507 υ
1886 3471 2025 3514 Theb.
