2268 3848
433 365 1196 423 TRISTIURIIJB.L
1247 364 1472 420 ELEG
1545 365 1656 420 Vl.
1872 366 1941 419 33

235 486 400 550 Illum
428 487 707 574 Neptuni,
739 509 825 548 me
853 486 1009 547 Jovis
1040 486 1117 546 ira
1145 485 1362 569 premit.

154 584 340 653 Adde,
369 582 522 667 quod
551 582 698 644 illius
728 605 855 666 pars
884 582 1115 642 maxima
1137 580 1262 643 ficta
1294 580 1546 642 laborum
1569 594 1681 652 est;

239 683 478 745 Ponitur
506 681 560 742 iu
593 681 800 742 nostris
827 678 1011 741 fabula
1042 678 1192 739 nulla
1222 676 1396 739 malis.
1892 697 1948 737 ει»

155 778 412 862 Denique
442 776 702 860 quaesitos
734 775 914 853 tetigit
946 790 1124 836 tamen
1148 773 1240 834 ille
1267 775 1538 848 Penates;

241 876 493 958 Quaeque
519 873 613 934 diu
643 873 835 957 petiit,
863 872 1097 951 contigit
1122 897 1246 933 arva
1276 886 1471 934 tamen.

158 974 236 1034 At
265 971 402 1034 mihi
429 985 701 1056 perpetuo
730 969 907 1053 patria
936 968 1130 1030 tellure
1153 969 1444 1031 carendum
1477 984 1559 1031 est
1583 1017 1599 1043 ,
1647 981 1650 984 ’

239 1069 315 1131 Ni
345 1068 513 1130 fuerit
537 1066 649 1130 laesi
679 1066 900 1128 mollior
927 1068 1006 1128 ira
1039 1067 1179 1129 Dei.-

216 1214 280 1272 78.
301 1214 425 1256 Jom's
444 1215 522 1257 ἵνα.
545 1212 729 1269 Augusti
750 1211 902 1265 odium
917 1227 926 1254 ε
941 1211 1014 1267 qui

152 1278 224 1324 vhis
249 1279 520 1337 temporibus
544 1287 609 1323 est
631 1278 689 1323 illi
708 1295 907 1323 summus
925 1279 1013 1322 Ju-

159 1343 284 1402 piter.
307 1344 436 1387 Mn.

213 1410 280 1454 8ο.
301 1411 353 1454 In
379 1413 559 1462 nostris,
583 1418 665 1454 etc.
694 1409 920 1453 Homerus
946 1423 1017 1452 sa-

1097 1212 1270 1269 pienter
1290 1211 1413 1255 finxit
1432 1244 1443 1265 ,
1468 1220 1512 1255 et
1533 1211 1689 1255 fabulis
1709 1227 1858 1255 rerum
1880 1228 1954 1255 ve·

1098 1278 1272 1321 ritatem
1298 1277 1400 1321 texit
1421 1293 1430 1320 z
1457 1293 1538 1332 ego
1559 1293 1732 1319 causam
1757 1275 1955 1333 fingendi

1099 1343 1262 1386 nullam
1289 1341 1442 1385 habco.
1465 1342 1611 1386 Pom.

1126 1410 1191 1452 82.
1212 1411 1393 1464 Qua-que
1406 1411 1622 1463 dt‘upetie‘t;
1637 1406 1790 1451 decem
1802 1422 1855 1450 an
1862 1421 1955 1449 nos.

765 1726 1166 1798 ELEGIA
1218 1728 1351 1798 VI.

714 2024 1404 2082 ARGUMENTUM.

167 2161 330 2206 Uxoris
352 2158 486 2206 fidem
508 2171 552 2207 et
570 2162 829 2207 industriam
851 2161 999 2207 laudat
1029 2171 1157 2220 poeta
1182 2179 1192 2207 ε
1220 2161 1338 2221 quod
1354 2195 1367 2217 ,
1392 2179 1530 2220 quum
1561 2162 1764 2207 nonnulli
1794 2163 1961 2208 avidis·

218 2231 326 2276 sime
351 2230 577 2277 inhiarent
595 2233 688 2290 ejus
705 2232 860 2290 opibus
875 2265 887 2287 ,
905 2232 995 2290 ipsa
1014 2231 1192 2290 ingenio
1209 2265 1220 2287 ,
1244 2241 1287 2276 et
1310 2232 1551 2277 amicorum
1567 2233 1767 2291 praesidio
1790 2234 1961 2292 integra

220 2299 370 2344 omnia
393 2300 643 2345 servaverit.
668 2300 802 2345 Unde
825 2310 953 2358 poeta
974 2302 1222 2347 verecunde
1245 2311 1418 2347 tantum
1442 2303 1695 2359 pollicetur,
1731 2320 1829 2347 eam
1865 2304 1961 2348 sore

223 2371 309 2414 suis
332 2370 599 2415 carminibus
619 2371 928 2415 immortalem.

173 2517 331 2602 NEC
362 2555 576 2601 tantum
604 2540 790 2601 Clario
818 2540 968 2623 Lyde
1000 2538 1196 2601 dilecta
1223 2556 1427 2625 poene,

255 2640 369 2697 Nec
399 2650 612 2697 tantum
644 2637 760 2696 Coo
791 2636 970 2697 Battis
997 2652 1170 2698 amata
1198 2661 1299 2698 suo
1326 2653 1442 2710 est,

173 2735 503 2795 Pectoribus
533 2748 798 2817 quantum
829 2748 888 2793 tu
919 2733 1155 2805 nostriS‚
1189 2759 1353 2806 uxor,
1384 2735 1617 2798 inhaeres
1637 2786 1651 2808 ,

255 2831 443 2910 Digna
468 2829 651 2889 minus
679 2828 907 2901 misem,
937 2854 1050 2890 non
1078 2829 1304 2892 meliore
1332 2834 1465 2893 viro.

183 2981 186 2985 ’
233 3000 268 3027 ι.
290 2983 420 3042 Lyde.
451 2979 573 3041 Lyde
600 2980 736 3024 amica
762 2979 847 3024 fuit
880 2979 1024 3024 Calli-

175 3048 347 3104 machi,
374 3063 506 3105 quam
529 3046 829 3090 ardentissime
851 3047 1023 3091 amavit.

178 3116 320 3157 Clario
338 3123 485 3169 poete.
514 3110 783 3155 Callimacho
812 3111 1024 3168 Apollinis

173 3180 274 3224 vati.
298 3181 463 3224 Clarius
475 3178 596 3222 enim
613 3178 772 3234 Apollo
791 3178 1025 3235 appellatus

172 3253 258 3293 est.
281 3261 306 3287 a
323 3241 471 3287 Clario
490 3242 613 3294 luco;
635 3243 816 3298 Strabo,
846 3244 915 3286 lib.
951 3248 1021 3298 14,

174 3309 363 3354 Ovidius
387 3309 432 3352 in
455 3309 567 3352 Met.
586 3309 655 3351 lib.
677 3309 722 3363 I,
745 3308 825 3351 515
841 3324 851 3351 ε
870 3326 891 3345 «
909 3307 1026 3351 Mihi

177 3374 390 3432 Delphica
413 3373 566 3429 tellus,
589 3373 648 3417 Et
669 3373 823 3416 Claros
837 3405 848 3427 ,
871 3382 915 3417 et
933 3373 1027 3416 Te-

175 3441 310 3485 nedos
326 3474 337 3496 ,
363 3442 643 3497 Pataraeaque
664 3442 780 3498 regia
800 3441 942 3485 servit.
967 3461 988 3479 »

233 3526 270 3551 2.
283 3509 366 3552 Suo
385 3510 482 3551 Coo.
504 3507 597 3551 Suo
616 3507 802 3552 Phileni.

382 3594 508 3629 rrrr

1164 2985 1202 3038 4.
1222 2986 1368 3028 Μἠω·
1382 2990 1544 3029 misero.
1568 2987 1768 3031 Feliciori
1785 2990 1958 3033 marito.

1106 3072 1160 3081 —
1175 3051 1270 3092 Non
1287 3053 1482 3101 meliore:
1502 3068 1602 3095 sum
1624 3054 1743 3095 enim
1767 3071 1817 3097 ex
1835 3057 1959 3098 anti-

1106 3114 1310 3170 quissima
1343 3125 1387 3159 et
1430 3117 1695 3160 nobilissima
1727 3119 1960 3164 Nasonum

1105 3179 1294 3236 familia,
1317 3197 1367 3224 ex
1384 3197 1468 3237 qua
1486 3182 1829 3227 innumerabiles
1842 3186 1962 3242 equi·

1106 3254 1170 3289 tes
1186 3246 1387 3289 exierunt
1407 3262 1417 3288 ι
1438 3263 1537 3290 suni
1559 3257 1684 3304 poeta
1701 3266 1878 3293 summo
1894 3253 1961 3294 in·

1108 3311 1236 3367 genio
1250 3343 1262 3364 ,
1276 3321 1319 3354 et
1330 3311 1578 3354 eruditione
1595 3323 1778 3369 praestan
1787 3316 1814 3357 ti
1834 3333 1845 3365 ;
1872 3333 1961 3372 quo

1107 3376 1294 3433 conjuge
1316 3408 1328 3430 ‚
1357 3385 1457 3419 ante
1481 3377 1593 3420 hanc
1615 3393 1758 3438 meam
1781 3381 1959 3424 caiami-

1109 3450 1274 3496 tatem,
1316 3450 1358 3485 te
1387 3443 1547 3498 jactare
1574 3444 1752 3487 solebas.
1787 3445 1961 3490 Confer

1107 3506 1178 3550 lib.
1202 3507 1283 3561 IV,
1308 3507 1428 3563 Eleg.
1451 3507 1546 3561 ΙΙΙ,
1573 3525 1633 3550 vs.
1658 3510 1708 3552 53
1731 3526 1821 3566 sqq.
