2280 3776
426 268 875 325 TRISTIUM
921 270 1077 325 LIB.
1122 270 1246 326 ΙΙΙ.
1303 272 1542 327 ELEG.
1589 277 1697 329 IX.

1851 277 1943 331 131

198 384 345 462 Ergo
375 383 473 444 ubi
501 384 785 468 prospexit
806 384 1071 445 venientia
1095 385 1243 458 vela3
1277 400 1549 461 tenemur,

276 482 351 540 Et
378 495 533 563 pater
559 496 640 542 est
663 480 841 563 aliqua
864 479 1052 542 fraude
1082 481 1403 554 moranduS,
1419 482 1521 543 ait.
1898 519 1951 546 20

197 577 376 649 Dum,
408 576 540 659 quid
568 592 714 656 agat,
742 577 965 659 quaerit,
998 576 1127 639 dum
1159 592 1332 638 versat
1356 577 1414 637 in
1445 578 1623 639 omnia
1650 578 1861 652 vultuS,

277 670 368 730 Ad
395 670 615 731 fratrem
644 694 771 731 casu
799 669 1003 731 lumina
1033 670 1166 731 flexa
1197 669 1324 731 tulit
1348 696 1361 731 z

201 768 372 849 Cujus
401 781 464 827 ut
492 765 672 827 oblata
704 781 784 827 est
813 767 1129 850 praesentia3
1155 766 1445 838 vincimus,
1475 766 1691 850 inquit:

278 862 383 923 Hic
411 862 547 923 mihi
575 877 748 923 morte
778 887 873 923 sua
903 887 1063 924 causa
1092 862 1281 925 salutis
1307 863 1425 923 erit.

200 958 460 1019 Protinus
489 958 688 1037 ignari,
719 982 820 1018 nec
852 959 1150 1042 quidquam
1184 958 1285 1020 tale
1315 959 1553 1019 timentis
1903 979 1955 1018 25

278 1054 585 1115 Innocuum
614 1054 795 1132 rigido
825 1054 1066 1137 perforat
1091 1078 1218 1115 ense
1249 1054 1422 1127 latus3

196 1149 381 1231 Atque
406 1150 483 1210 ita
513 1149 749 1223 divellit,
782 1149 1098 1233 divulsaque
1127 1151 1371 1211 membra
1398 1173 1497 1233 per
1525 1174 1686 1228 agros

275 1242 524 1327 Dissipat
541 1290 556 1316 ,
585 1245 642 1304 in
667 1244 854 1306 multis
882 1246 1203 1305 invenienda
1231 1245 1381 1306 locis.

195 1339 320 1400 Neu
348 1353 501 1422 pater
527 1339 771 1417 ignoret,
799 1338 1029 1422 scopulo
1058 1339 1322 1422 proponit
1349 1339 1405 1398 in
1434 1337 1546 1399 alto

277 1431 662 1516 Pallentesque
694 1456 917 1506 manus,
948 1434 1412 1516 sanguineumque
1439 1446 1636 1516 caput;
1910 1451 1962 1492 30

197 1533 276 1591 Ut
305 1530 520 1610 genitor
546 1530 805 1614 luctuque
830 1555 974 1592 novo
1003 1531 1273 1602 tardetur,
1304 1546 1358 1592 et
1383 1545 1535 1591 artus

276 1629 425 1689 Dum
447 1627 583 1707 legit
609 1628 937 1699 exstinctos,
965 1628 1119 1689 triste
1145 1642 1391 1689 moretur
1417 1628 1536 1689 iter.

198 1723 335 1784 Inde
361 1724 553 1785 Tomis
583 1716 760 1786 dictus
786 1724 942 1786 locus
975 1725 1094 1797 hic;
1124 1725 1251 1807 quia
1277 1725 1449 1786 fertur
1474 1725 1531 1784 in
1557 1723 1659 1784 illo

279 1820 531 1882 Membra
560 1844 717 1882 soror
744 1822 928 1883 fratris
957 1822 1300 1883 consecuisse
1328 1821 1430 1882 sui.

197 1955 270 2000 lib.
291 1956 362 2012 II,
387 1973 478 2015 cap.
496 1958 550 2011 33
578 1958 651 2015 qui
669 1957 862 2002 adeatur.
885 1958 1035 2003 Scribe

199 2030 404 2078 praeterea
424 2023 611 2066 adtonito
637 2027 811 2078 virgin&
838 2038 907 2066 ore
933 2039 1034 2067 cum

199 2084 538 2143 Gottorphiano:
553 2086 708 2144 vulgati
721 2089 931 2131 adtom‘loe.
948 2089 1007 2131 11.

257 2167 318 2211 ¹9·
350 2153 463 2207 Ergo
495 2155 569 2195 ubi
594 2157 817 2208 prospexit.
848 2155 961 2209 Ergo
991 2161 1040 2196 ut

202 2215 402 2260 Leidens.
418 2232 513 2274 quae
533 2216 736 2263 solemnis
760 2219 1036 2263 librariorum

200 2280 396 2325 confusio
412 2281 533 2326 :vide
555 2282 626 2327 lib.
649 2284 668 2327 I
691 2284 787 2328 Art.
809 2284 909 2327 Am.
929 2301 1037 2328 vers.

203 2345 312 2398 555;
337 2346 593 2391 Remed.vs.
614 2348 686 2391 135
704 2366 715 2401 3
741 2357 783 2392 et
800 2366 901 2392 mox
916 2350 1037 2407 Eleg-

203 2425 291 2466 seq.
310 2426 370 2453 vs.
394 2414 441 2454 15
458 2427 468 2454 ε
489 2411 558 2456 hic
577 2427 682 2455 vero
701 2416 777 2456 ubi
793 2413 1036 2457 molliorem

200 2473 303 2518 facit
325 2490 509 2518 versum.
527 2476 688 2519 BURM.

259 2556 324 2583 ao.
342 2541 405 2582 Et
413 2548 538 2595 pater
550 2549 616 2584 est
629 2544 770 2598 aliqua
778 2541 936 2596 fraude
951 2558 1042 2584 mo-

201 2607 369 2650 randus.
394 2608 608 2650 Tenendus
622 2607 748 2664 prim.
762 2607 888 2650 Polit.
907 2617 948 2651 et
963 2624 1042 2664 pro

203 2670 368 2714 diversa
397 2670 581 2715 lectione
605 2672 837 2730 Gottorph.
861 2672 1040 2716 Scribe:

206 2753 228 2772 «
258 2743 462 2779 tenemur
483 2768 496 2792 ,
531 2736 623 2780 Aut
654 2746 775 2793 pater
807 2745 870 2780 est
902 2736 1041 2793 aliqua

203 2798 357 2844 fraude
389 2801 630 2856 tenendus,
657 2802 728 2845 ait.
754 2820 776 2840 »
807 2802 852 2845 Si
883 2802 976 2858 quis
1001 2806 1043 2847 ro*

205 2868 426 2909 morandus
444 2866 593 2921 malit,
616 2866 676 2909 nil
702 2882 910 2922 repugno.
931 2868 990 2910 H.

261 2929 326 2972 23.
349 2932 532 2974 Vicimus
542 2965 552 2981 ‚
568 2935 714 2987 inquit.
728 2929 935 2974 Meliores
950 2947 1047 2974 ma·-

216 3007 298 3048 gna
316 2993 437 3050 copia
451 3027 464 3050 ,
479 3003 524 3038 et
542 2996 676 3038 nostri
693 3026 704 3049 ,
727 2998 942 3039 w'nce'mus.

265 3056 332 3098 32.
359 3059 402 3100 T
395 3062 493 3101 risle
519 3062 698 3102 mtardct
721 3063 810 3103 iter.
836 3061 1043 3111 Moretur,

218 3120 365 3171 Vatic„
378 3121 468 3164 Pal.
489 3122 615 3166 Polit.
634 3124 833 3167 meliores
852 3142 863 3177 ;
891 3133 935 3168 et
960 3125 1047 3168 duo

217 3183 298 3226 alii.
321 3184 535 3228 Putabam
565 3186 793 3243 aliquando
805 3189 930 3244 justa
951 3206 1049 3232 mo·-

211 3255 349 3291 renlur
362 3252 462 3302 ἄση
489 3249 568 3306 Ep.
589 3251 734 3295 Herus
747 3284 759 3306 ,
785 3252 867 3295 vol.
888 3253 934 3306 I,
955 3269 1048 3310 pag.

214 3311 295 3366 346
316 3328 328 3356 ι
350 3331 370 3351 «
402 3314 599 3372 Quaeque
622 3324 744 3359 tuum
766 3317 901 3359 miror
920 3333 1051 3360 ‘causa

213 3385 410 3427 moretur
426 3378 521 3425 iter.
536 3397 556 3418 »
576 3381 975 3426 Retardanu'iverbo
993 3391 1052 3426 ta-

1117 1974 1219 2003 men
1246 1974 1346 2003 usus
1371 1966 1436 2002 est
1462 1973 1590 2014 supra
1607 1990 1619 2011 ,
1649 1955 1769 2014 Eleg.
1792 1969 1875 2000 vn.
1900 1957 1959 2001 H.

1172 2026 1237 2069 33.
1260 2026 1367 2069 Inde
1393 2027 1543 2069 Tomos
1571 2027 1711 2068 deitas
1732 2027 1850 2068 locus
1869 2027 1962 2078 hic,-

1118 2107 1141 2134 a
1162 2090 1416 2135 dissectione
1432 2123 1444 2145 ,
1477 2106 1552 2134 seu
1574 2089 1879 2133 dilaceratione
1897 2123 1909 2144 ,
1935 2106 1958 2132 a

1117 2156 1238 2210 τέμνω
1254 2187 1266 2208 ,
1292 2171 1399 2198 seco.
1430 2156 1583 2197 Tamus
1608 2154 1734 2209 prim.
1759 2152 1896 2196 Vatic.
1917 2162 1961 2196 et

1118 2219 1311 2275 quinque
1331 2218 1423 2269 alii;
1444 2218 1571 2274 prim.
1593 2218 1719 2261 Polit.
1737 2226 1781 2260 et
1799 2233 1870 2260 sex
1890 2217 1960 2260 alii

1118 2301 1169 2328 ex
1184 2284 1434 2327 melioribus
1457 2285 1499 2326 T
1492 2287 1598 2327 omis
1605 2298 1621 2338 ,·
1638 2292 1754 2326 recte
1771 2299 1781 2326 z
1798 2298 1899 2325 nam
1914 2290 1959 2326 et

1120 2350 1354 2405 Straboni,
1383 2348 1453 2392 lib.
1475 2349 1589 2399 Vll,
1617 2352 1738 2404 Τέμις
1764 2356 1854 2399 est;
1881 2348 1961 2391 etsi

1117 2414 1266 2471 legisse
1279 2413 1324 2456 in
1342 2429 1394 2456 eo
1410 2412 1607 2456 videatur
1619 2411 1865 2468 Stephanus
1878 2420 1958 2455 To-

1118 2485 1208 2534 μεὺς
1223 2511 1235 2532 ,
1252 2477 1325 2534 qui
1341 2476 1539 2520 eamdem
1556 2475 1609 2520 de
1625 2476 1811 2535 Absyrto
1826 2475 1960 2519 histo-

1120 2543 1231 2585 riam
1244 2545 1583 2597 recensetdrae'pcs
1595 2541 1725 2583 etiam
1738 2539 1958 2583 Constan-

1122 2606 1215 2650 tino
1228 2604 1624 2664 Porphyrogenetae
1639 2638 1650 2659 ,
1672 2604 1698 2647 1.
1715 2606 1780 2658 11,
1800 2604 1957 2647 Them.

1122 2690 1146 2714 2
1163 2703 1175 2726 ,
1198 2678 1323 2727 atque
1347 2671 1406 2713 ita
1426 2669 1540 2727 apud
1558 2671 1768 2714 Nostrum
1786 2670 1964 2727 quidam

1119 2743 1299 2778 veteres.
1310 2734 1439 2779 Pont.
1451 2734 1523 2778 lib.
1533 2735 1618 2785 IV,
1631 2734 1697 2776 El.
1706 2749 1800 2789 xrv,
1813 2754 1834 2772 κ
1847 2735 1961 2778 Tam

1121 2798 1228 2841 mihi
1249 2807 1367 2855 grata
1380 2799 1544 2843 Tomis.
1558 2817 1581 2837 κ
1602 2799 1722 2841 Hinc
1742 2800 1784 2841 T
1777 2803 1906 2842 omita
1920 2809 1965 2842 et

1131 2867 1374 2908 Tomitanus
1381 2865 1557 2908 dex-ivan
1565 2865 1841 2923 tur.Scaliger
1850 2867 1967 2909 Tomi

1124 2929 1383 2973 emendabat
1413 2946 1424 2973 t
1455 2929 1678 2987 quomodo
1707 2930 1962 2987 Apollinaris

1126 2993 1353 3037 Sidonius:
1369 3011 1389 3032 «
1404 2994 1462 3037 Et
1475 3003 1515 3039 te
1530 2995 1723 3038 carmina
1737 3011 1815 3051 per
1829 2993 1964 3037 libidi-

1126 3074 1230 3101 nosa
1252 3059 1418 3102 Notum
1440 3061 1556 3103 Naso
1577 3068 1701 3102 tener
1714 3059 1961 3115 Tomosque

1128 3123 1320 3166 missum.
1340 3141 1363 3160 ι»
1380 3123 1620 3166 Ptolemaeo
1639 3138 1813 3179 quoque
1830 3130 1961 3178 Tofu?

1135 3191 1285 3232 Tomos
1308 3189 1463 3233 Plinio.
1487 3191 1546 3233 H.

1184 3255 1251 3308 34.
1294 3256 1563 3297 Consecuisse
1591 3258 1667 3298 sui.
1706 3256 1970 3299 Subsecmzrse

1131 3318 1322 3374 quinque
1339 3335 1348 3370 ;
1371 3334 1484 3362 unus
1501 3321 1760 3371 desecuisse,·
1780 3319 1967 3361 Leiden-

1131 3383 1186 3427 sis
1194 3387 1462 3437 pra-secuisse
1481 3400 1492 3426 :
1510 3384 1569 3425 nil
1587 3392 1719 3426 muta.
1745 3384 1803 3425 H.
