2280 3776
310 308 417 360 260

775 310 840 360 Ρ.
896 306 1197 362 OVIDII
1241 309 1622 369 NASONIS

382 422 619 482 Audebo
640 468 654 494 ,
686 438 739 482 et
764 421 1006 504 propriis
1034 423 1363 502 ingemuisse
1391 427 1565 489 malis.
2020 468 2067 496 ιο

301 520 542 588 Viderit;
574 517 790 577 audebo
824 517 928 576 tibi
956 542 1042 579 me
1072 521 1353 603 scripsisse
1381 510 1566 595 fateri,

379 619 565 697 Atque
592 614 817 674 modum
848 615 1022 696 culpae
1052 617 1331 679 notificare
1359 643 1504 680 meae.

297 712 438 793 Qui,
473 734 643 792 quum
669 733 753 768 me
781 732 944 791 poena
972 710 1196 790 dignum
1222 714 1466 791 graviore
1491 716 1657 777 fuisse

379 806 678 876 Confitear‚
707 829 938 886 possum
964 807 1054 866 vix
1086 810 1334 885 graviora
1364 811 1496 892 pati.

294 903 566 962 Hostibus
594 902 651 960 in
680 901 900 973 mediis,
929 901 1179 985 interque
1206 904 1449 987 pericula
1475 928 1686 978 versor3
1846 939 1849 944 v
2012 927 2059 970 15

372 999 661 1079 Tanquam
693 1021 816 1057 cum
844 998 1018 1079 patria
1044 1023 1151 1081 pax
1181 1000 1253 1058 sit
1281 999 1493 1060 ademta
1519 1000 1653 1060 mihi
1677 1024 1691 1061 :

290 1095 432 1176 Qui,
464 1095 656 1154 mortis
688 1118 826 1155 saevo
851 1095 1128 1173 geminent
1155 1110 1219 1156 ut
1245 1096 1468 1158 vulnere
1499 1120 1710 1172 causaS‚

370 1189 572 1250 Omnia
596 1189 816 1270 vipereo
849 1189 1060 1272 spicula
1084 1189 1208 1250 selle
1236 1189 1453 1252 linunt:

282 1290 388 1349 His
416 1311 582 1370 eques
613 1287 917 1347 instructus
947 1287 1235 1367 perterrita
1262 1286 1460 1347 moenia
1489 1286 1716 1371 lustrat,

361 1387 520 1446 More
548 1384 668 1467 lupi
698 1384 906 1444 clausas
937 1382 1270 1443 circueuntis
1299 1404 1441 1443 oveS.
1998 1419 2052 1447 20

275 1485 354 1543 At
384 1480 547 1541 semel
574 1482 817 1541 intentus
845 1503 1010 1539 nervo
1040 1478 1174 1552 levis
1199 1502 1353 1539 arcus
1383 1478 1582 1562 equino
1601 1527 1616 1551 ‚

356 1575 590 1636 Vincula
617 1598 832 1657 semper
858 1574 1070 1633 habens
1101 1572 1421 1645 irresoluta‚
1451 1589 1648 1634 manet.

268 1673 442 1732 'Tecta
469 1672 648 1748 rigent
675 1670 798 1731 fixis
828 1668 996 1729 veluti
1029 1667 1221 1728 vallata
1250 1668 1489 1748 sagittiS,

353 1771 629 1850 Portaque
658 1768 747 1827 vix
778 1767 931 1827 firma
962 1767 1253 1827 submovet
1277 1791 1422 1827 arma
1448 1789 1586 1827 sera.

269 1867 429 1926 Adde
454 1866 563 1925 loci
593 1865 814 1937 faciem,
845 1888 944 1924 nec
969 1863 1195 1937 fronde,
1222 1887 1323 1925 nec
1352 1864 1550 1924 arbore
1574 1862 1712 1937 laeti‚
1987 1888 2040 1928 25

349 1965 424 2022 Et
456 1961 605 2044 quod
631 1960 775 2020 iners
803 1960 984 2042 hyemi
1005 1954 1363 2019 ‘continuatur
1389 1959 1600 2041 hyems,

267 2059 375 2117 Hic
403 2081 488 2116 me
518 2070 855 2139 pugnantem
883 2078 1007 2114 cum
1034 2054 1238 2132 frigore
1255 2101 1269 2126 ‚
1301 2077 1532 2136 cumque
1557 2055 1796 2133 sagittis,

349 2155 599 2235 Cumque
627 2175 748 2212 meo
775 2151 915 2223 fato,
950 2165 1141 2232 quarta
1161 2149 1352 2228 fatigat
1377 2151 1580 2232 hyems.

262 2253 396 2312 Fine
427 2266 610 2311 carent
631 2249 909 2332 lacrymae,
943 2249 1051 2308 nisi
1083 2272 1253 2330 quum
1284 2262 1483 2330 stupor
1510 2247 1729 2308 obstitit
1753 2248 1894 2323 illis,

261 2404 358 2430 mus
380 2387 559 2443 quisque
582 2403 632 2429 ex
653 2385 730 2429 aevi
752 2386 872 2429 aurei
891 2384 1107 2442 scriptori-

260 2451 353 2493 bus.
376 2450 487 2492 Loca
517 2450 639 2505 plura
668 2449 867 2505 adscripsi
889 2481 901 2503 ,
933 2457 983 2491 ut
1009 2465 1105 2492 suas

259 2514 425 2558 Nasoni
446 2513 679 2570 elegantias
702 2514 962 2557 adsererem.
987 2515 1048 2556 H.

320 2599 334 2622 ι
347 2598 379 2622 ι.
421 2583 580 2622 Viderit
612 2583 700 2623 ᾗσι·
726 2584 902 2636 aliquis,
934 2584 1017 2623 tibi
1040 2597 1104 2623 me

255 2648 486 2698 scrzjosezcse.
513 2645 828 2701 Interrogative
857 2644 953 2700 lego
983 2645 1102 2701 prius

258 2711 471 2754 distichon
488 2743 500 2763 ‚
525 2718 572 2752 ut
590 2711 645 2753 sit
667 2712 806 2754 oratio
833 2711 1070 2755 dubitantis
1086 2744 1098 2766 ,

258 2785 406 2818 utrum
426 2775 554 2817 fateri
573 2775 676 2818 velit
692 2809 703 2829 ,
730 2777 817 2819 sive
845 2775 1028 2830 audeat,
1053 2794 1098 2821 se

257 2831 312 2873 ad
333 2831 577 2874 Maximum
601 2829 653 2872 de
673 2831 759 2873 suis
778 2832 908 2875 rebus
928 2849 978 2875 ex
999 2848 1100 2888 pro-

257 2895 398 2948 fesso,
424 2903 467 2937 et
492 2894 672 2937 nomine
702 2910 793 2937 non
820 2896 956 2939 celato
981 2896 1098 2940 scri-

257 2960 358 3002 bere
375 2991 386 3012 ,
414 2975 467 3001 an
489 2959 661 3010 minus3
685 2969 733 3002 ut
749 2961 1098 3016 posterius'disti-

257 3025 369 3067 chon
391 3027 510 3081 quasi
528 3042 607 3081 per
622 3026 975 3082 subjunctionem
997 3027 1097 3070 huic

257 3089 514 3144 respondeat
537 3107 546 3133 :
567 3090 765 3133 videlicet
787 3123 798 3144 ‚
830 3091 937 3133 velle
967 3101 1094 3147 atque

257 3152 414 3194 audere
432 3169 536 3195 sese.
554 3154 766 3197 Dubitare
787 3163 932 3197 autem
949 3172 991 3197 se
1009 3155 1095 3196 fin-

257 3216 339 3271 git,
374 3227 549 3272 propter
581 3219 828 3275 Augustum
862 3221 1092 3276 potissime.

255 3278 428 3322 Deinde
450 3282 581 3324 etiam
595 3316 606 3331 ,
623 3293 676 3326 ut
697 3284 1005 3327 adtentionem⁴
1020 3300 1095 3340 pa-

254 3353 336 3396 ret,
350 3346 694 3401 magnitudinem
706 3364 793 3389 suae
805 3349 987 3391 miseriae
1003 3358 1094 3391 tan-

253 3415 341 3450 tam
363 3423 452 3452 esse
473 3407 643 3464 innuit,
669 3418 716 3453 ut
739 3412 871 3454 taceri
892 3427 939 3455 ac
960 3411 1090 3455 dissi-

1185 2381 1342 2424 mulari
1358 2381 1479 2425 nullo
1497 2382 1633 2426 modo
1653 2384 1797 2440 possit.
1818 2384 1991 2429 MICYI..

1246 2448 1307 2489 ι5.
1326 2448 1532 2489 Hostibus
1551 2451 1596 2490 in
1615 2450 1774 2493 medas.
1800 2450 1855 2493 In
1876 2450 2029 2494 mediis

1136 2552 1140 2555 .
1185 2510 1308 2554 Getis
1322 2543 1333 2565 ,
1357 2511 1433 2566 qui
1452 2512 1608 2555 urbem
1630 2512 2029 2558 infestant.—Ver-

1183 2592 1262 2618 sor.
1284 2578 1431 2619 Vertar
1443 2576 1635 2632 quinque
1651 2593 1664 2629 ;
1685 2586 1828 2622 nector
1845 2595 1971 2623 unus.

1246 2659 1258 2683 ι
1268 2659 1303 2698 7.
1325 2643 1385 2684 Ut
1394 2647 1602 2697 geminent
1608 2659 1762 2687 causas
1776 2653 1856 2689 etc.
1869 2645 1927 2689 Ut
1940 2646 2025 2689 du-

1181 2705 1280 2762 plici
1305 2722 1429 2749 causa
1452 2715 1496 2750 et
1520 2707 1588 2750 via
1605 2706 1774 2750 lethum
1794 2709 1994 2754 adferant
2008 2744 2020 2765 ,

1179 2770 1299 2813 ferro
1320 2770 1478 2814 scilicet
1497 2779 1543 2814 et
1560 2786 1744 2814 veneno.

1243 2852 1307 2877 20.
1340 2835 1460 2877 More
1487 2837 1581 2887 lupi
1606 2838 1788 2877 clausas.
1823 2836 2021 2884 ovilibus

1179 2899 1298 2941 enim
1319 2898 1468 2942 clausis
1488 2898 1768 2944 obambulans
1791 2901 1917 2959 lupus
1940 2905 2020 2947 in—

1178 2961 1322 3004 sidiari
1344 2962 1465 3004 solet.

1234 3026 1299 3067 23.
1327 3028 1652 3073 Velutivallata.
1668 3030 1819 3074 Veluti
1835 3031 2020 3075 circum-

1177 3088 1289 3132 data.

1231 3158 1295 3197 25.
1327 3158 1416 3199 Nec
1428 3156 1608 3211 fronde,
1641 3175 1718 3202 nec
1739 3163 1886 3206 arbore
1905 3167 2018 3206 tecti.

1177 3222 1382 3263 Loetinon
1397 3222 1625 3268 invenuste
1640 3241 1752 3270 unus
1768 3222 2015 3271 Vaticanus.

1230 3301 1295 3344 29.
1315 3288 1411 3329 Nisi
1436 3304 1558 3342 quum
1582 3297 1736 3344 stupor.
1764 3291 1855 3334 Nisi
1877 3307 2013 3346 quum

1173 3350 1332 3392 mentis
1366 3358 1516 3407 torpor
1537 3385 1548 3407 ,
1584 3362 1628 3397 et
1661 3354 1780 3410 quasi
1815 3354 2012 3410 quaedam

1172 3414 1372 3461 alienatio
1395 3434 1417 3462 a
1434 3435 1573 3463 sensu.
