2280 3776
261 298 367 368 452

709 298 772 350 Ρ.
828 297 1134 352 OVIDII
1189 296 1569 356 NASONIS

341 416 473 475 Haec
503 412 760 496 quoniam
789 410 950 472 tellus
978 413 1315 474 testificanda
1342 415 1478 475 mihi
1509 431 1607 477 est.

263 510 352 571 Illi
384 535 468 571 me
489 558 502 584 ‚
536 508 660 591 quia
691 506 827 568 velle
859 507 1045 569 vident
1065 557 1079 581 ‚
1112 510 1384 572 discedere
1411 511 1654 574 malunt:

342 609 618 687 Respectu
649 603 881 685 cupiunt
911 602 1001 663 hic
1029 618 1208 666 tamen
1238 630 1353 666 esse
1378 607 1478 667 sui.

1956 637 2031 667 100

260 706 373 765 Nec
404 701 541 762 mihi
569 699 864 762 credideris
891 724 904 760 :
940 715 1152 762 exstant
1183 703 1427 777 decreta,
1461 704 1664 786 quibus
1690 726 1794 764 nos

343 795 559 857 Laudat
578 842 592 868 ,
627 809 681 854 ct
711 795 982 855 immunes
1010 795 1232 877 publica
1262 819 1382 857 cera
1407 798 1553 858 facit.

263 892 606 953 Conveniens
635 890 847 951 miseris
876 891 991 950 haec
1024 914 1338 974 quanquam
1365 891 1538 969 gloria
1563 915 1680 952 non
1707 905 1792 952 est
1811 939 1826 964 ,

344 986 599 1046 Proxima
626 985 758 1046 dant
784 985 948 1047 nobis
977 985 1179 1068 oppida
1206 1010 1407 1047 munus
1434 987 1594 1047 idem.

260 1086 374 1145 Nec
402 1083 577 1165 pietas
602 1081 791 1160 ignota
819 1105 937 1141 mea
965 1096 1048 1141 est
1071 1105 1082 1141 :
1108 1081 1255 1141 videt
1282 1081 1504 1165 hospita
1533 1080 1697 1142 tellus
1961 1099 2034 1142 105

341 1184 408 1241 In
436 1194 625 1240 nostra
653 1203 866 1240 sacrum
896 1178 1124 1239 Caesaris
1151 1202 1268 1239 esse
1299 1179 1482 1240 domo,

263 1280 423 1339 Stant
451 1278 660 1360 pariter
686 1292 959 1359 natusque
989 1277 1118 1358 pius
1138 1323 1152 1349 ,
1186 1277 1493 1360 conjuxque
1522 1276 1796 1350 sacerdOS‚

341 1373 581 1435 Numina
607 1373 718 1454 jam
745 1372 890 1432 facto
918 1396 1034 1431 non
1062 1371 1262 1433 leviora
1290 1375 1429 1433 Deo.

262 1475 384 1533 Neu
417 1471 557 1531 desit
586 1494 714 1554 pars
741 1469 854 1529 ulla
884 1469 1081 1530 domus
1098 1517 1112 1543 ‚
1141 1485 1248 1530 stat
1273 1486 1504 1554 uterque
1531 1486 1794 1554 nepotum
1811 1518 1827 1544 ‚

344 1567 452 1627 Hic
481 1566 610 1627 aviae
638 1563 795 1624 lateri
821 1563 1139 1646 proximus,
1172 1565 1264 1626 ille
1291 1567 1479 1650 patris.

1965 1599 2041 1627 110

261 1664 368 1725 His
397 1687 498 1742 ego
530 1662 602 1721 do
631 1661 796 1720 toties
825 1684 948 1720 cum
979 1674 1100 1721 ture
1130 1663 1405 1744 precantia
1430 1663 1625 1734 verba,

262 1791 477 1837 nonnulli.
498 1790 645 1835 Nostri
659 1805 766 1833 vero
781 1790 876 1832 Hoc
899 1796 1112 1833 tutantur.

315 1875 383 1917 99.
414 1859 491 1901 Illi
506 1874 591 1907 me,
617 1859 687 1912 qui
718 1857 826 1898 velle
840 1856 999 1905 vident,
1036 1857 1113 1897 di-

265 1927 431 1968 scedere
457 1925 631 1964 malunt.
658 1922 767 1974 Quia
785 1921 891 1962 velle
902 1921 1046 1961 vident
1064 1934 1115 1961 ex

266 1989 446 2047 scriptis.
482 1989 666 2031 Praestet
695 1985 827 2028 etiam
863 1988 1034 2036 malint,
1070 1993 1116 2027 et

267 2071 370 2098 mox
399 2057 593 2110 cupiant,
625 2067 706 2107 pro
731 2054 911 2105 cupiunt.
948 2051 1115 2093 HEINS.

268 2123 399 2163 -Illi
408 2136 484 2168 me,
494 2121 592 2174 quia
601 2119 709 2159 velle
721 2117 872 2158 vident.
889 2113 955 2157 Illi
967 2114 1117 2157 Tomi-

268 2194 340 2238 tae,
360 2183 434 2240 qui
450 2181 601 2224 vident
614 2178 879 2222 desiderium
888 2193 1040 2220 meum
1054 2177 1116 2220 di-

271 2249 478 2296 scedendi
500 2249 551 2291 ab
572 2247 633 2290 eis
652 2246 700 2288 in
725 2244 909 2301 patriam
922 2276 934 2298 ‚
953 2243 1116 2286 vellent

273 2327 321 2361 ut
344 2315 626 2360 discederem.
646 2311 735 2356 Sed
760 2319 932 2364 tamen,
953 2318 1034 2353 etc.

331 2400 419 2426 100.
449 2383 656 2435 Respectu
687 2380 766 2420 sui.
801 2379 1008 2430 Respectu
1041 2390 1118 2416 suo

267 2446 455 2500 Mureti,
476 2443 617 2488 Servii
636 2451 680 2485 et
692 2441 817 2497 prim.
833 2439 935 2483 edit.
955 2439 1116 2481 Habita

270 2514 438 2558 ratione
457 2512 654 2567 ipsorum
673 2508 968 2560 Tomitarum,
981 2514 1025 2549 et
1036 2521 1111 2548 eo-

265 2595 370 2622 rum
382 2593 521 2621 causa.

332 2659 425 2686 101.
453 2641 548 2683 Nec
574 2641 676 2682 mihi
705 2639 940 2680 credideris.
964 2634 1117 2678 Scribo

278 2711 387 2752 Neu.
407 2707 467 2749 H.
480 2729 536 2738 -
552 2708 742 2748 Exstant
759 2710 934 2745 decreta.
947 2701 1118 2756 ,Appa-

269 2781 372 2816 rent
391 2770 637 2815 sanctiones
651 2767 931 2811 Tomitarum
956 2766 1010 2808 de
1030 2781 1116 2808 me.

268 2858 323 2871 ·——
342 2839 515 2881 Laudat
526 2852 616 2879 nos.
632 2833 799 2877 Laudat
813 2850 958 2877 mores
971 2841 1017 2876 et
1031 2832 1115 2874 vir-

273 2912 388 2947 tutes
405 2917 538 2943 meas.

332 2983 348 3008 1
356 2983 422 3009 02.
436 2967 498 3008 Et
505 2962 835 3018 immunes-fucit.
843 2960 965 3004 Facit
973 2975 1116 3002 exem-

272 3039 368 3088 ptos
400 3030 522 3072 omni
546 3045 682 3072 onere
708 3026 888 3071 civitatis
910 3034 953 3067 et
975 3025 1116 3067 tribu—

269 3106 430 3141 torum.
444 3118 499 3129 —
510 3097 691 3138 Publica
701 3109 812 3136 cera.
830 3090 1029 3144 Decreta!
1037 3106 1115 3146 pu-

270 3161 382 3206 blica
398 3162 554 3218 scripta
583 3161 631 3203 in
653 3157 807 3202 tabulis
836 3155 1016 3209 ceratis,
1048 3154 1115 3196 vel

273 3225 453 3282 sigillata
485 3225 622 3282 sigillo
662 3221 909 3279 reipublicae
952 3219 1114 3263 Tomi-

270 3298 398 3333 tanae.

328 3354 419 3395 103.
452 3352 705 3394 Conveniens
730 3353 892 3393 misens
917 3356 960 3391 et
974 3363 1114 3404 quan-

271 3433 390 3472 quam
400 3419 537 3471 gloria
552 3431 633 3457 aon
647 3422 723 3458 est.
737 3413 868 3469 Lege,
880 3416 970 3456 lea-c
983 3429 1115 3469 quan-

1195 1808 1318 1847 quam
1332 1795 1492 1847 gloria,
1521 1806 1622 1836 cum
1637 1806 1728 1834 uno
1750 1789 1965 1834 Vaticano
1996 1800 2039 1834 et

1198 1857 1537 1911 Twisdeniano,
1559 1854 1628 1899 vel
1645 1871 1696 1898 ea
1711 1858 1860 1910 gloria.
1887 1856 2040 1899 Posset

1196 1931 1241 1965 et
1249 1925 1390 1977 gratia
1406 1920 1575 1978 refingi.
1589 1921 1693 1963 Haec
1706 1923 1871 1976 gratim·
1894 1919 1963 1966 hic
1974 1921 2041 1963 sa·-

1199 2001 1288 2029 vor.
1309 1986 1476 2029 Hssms.

1259 2053 1349 2104 104.
1365 2052 1490 2092 Dant
1500 2053 1620 2092 nobis
1629 2052 1736 2092 idem
1747 2065 1905 2091 munus.
1921 2049 2037 2092 Prae-

1195 2121 1311 2156 stant
1332 2122 1377 2155 et
1394 2112 1594 2156 offerunt
1611 2112 1720 2155 mihi
1736 2112 1938 2156 eamdem
1950 2113 2038 2155 im-

1195 2179 1457 2222 munitatem
1473 2211 1485 2232 ,
1518 2187 1563 2221 et
1594 2194 1666 2221 me
1698 2177 1886 2221 liberant
1916 2179 2039 2221 omni

1195 2244 1459 2286 tributorum
1473 2234 1622 2286 onere.

1255 2313 1346 2351 105.
1373 2310 1517 2350 Pietas
1532 2324 1637 2350 mea.
1657 2307 1788 2351 Meus
1810 2324 1912 2365 erga
1930 2306 2039 2351 Cae-

1195 2389 1310 2416 sares
1330 2385 1468 2415 amor.
1487 2396 1542 2404 -—
1559 2375 1742 2427 Hospita
1758 2381 1877 2416 terra.
1898 2374 2037 2416 Terra

1197 2438 1453 2492 Tomitana,
1466 2453 1560 2493 quae
1574 2453 1645 2480 me
1660 2437 1876 2494 hospitem
1892 2437 2038 2481 habet.

1195 2529 1251 2538 —
1260 2507 1442 2560 Hospita
1452 2513 1572 2547 terra.
1595 2507 1735 2547 Tellus
1748 2504 1876 2548 Polit.
1890 2513 1934 2548 et
1951 2512 2035 2549 tres

1196 2572 1290 2626 alii,
1316 2581 1360 2614 et
1378 2572 1512 2614 nostri
1530 2604 1541 2625 ,
1566 2571 1750 2614 omnino
1771 2572 1961 2615 rectius.-

1257 2653 1272 2678 1
1281 2652 1346 2691 07.
1370 2638 1612 2691 Conjuzque
1626 2638 1834 2678 sacerdos.
1847 2636 1905 2680 Et
1918 2636 2038 2680 Livia

1198 2710 1312 2744 casta
1327 2733 1339 2755 ‚
1361 2716 1456 2756 quae
1471 2700 1621 2743 Deum
1642 2716 1771 2743 suum
1786 2700 2035 2757 Augustum

1195 2765 1297 2809 colit
1315 2798 1327 2819 ,
1361 2774 1571 2821 tanquam
1599 2764 1842 2808 sacerdotes
1857 2781 1932 2808 sua
1950 2781 2037 2808 nu-

1196 2830 1329 2872 mina,
1955 2840 1958 2842 ’

1256 2911 1346 2952 ¹09·
1360 2897 1469 2938 Pars
1487 2896 1577 2936 ulla
1588 2896 1746 2936 domus.
1767 2893 1924 2948 Aliqua
1941 2909 2037 2949 pars

1193 2960 1369 3002 familiae
1391 2958 1589 3014 Augusti.
1617 2980 1671 2989 —
1696 2959 1871 3013 Uterque
1903 2963 2038 3013 nepo-

1193 3031 1291 3065 tum.
1312 3023 1514 3077 Uterque
1549 3021 1737 3076 Augusti
1769 3036 1904 3077 nepos
1921 3054 1933 3075 ,
1968 3022 2037 3064 vel

1199 3084 1332 3128 Caius
1356 3084 1516 3128 scilicet
1529 3092 1574 3127 et
1595 3084 1754 3128 Lucius
1774 3101 1825 3127 ex
1845 3085 2037 3141 Agrippa

1195 3159 1238 3192 et
1259 3150 1375 3192 Julia
1396 3165 1405 3192 ι
1437 3149 1503 3191 vel
1532 3148 1681 3204 (quod
1703 3150 1839 3206 magis
1865 3147 2034 3205 placet)

1194 3215 1307 3259 filius
1323 3215 1459 3259 Drusi
1474 3216 1659 3273 privigni
1675 3224 1719 3259 et
1732 3215 1914 3270 Tiberii,
1928 3214 2035 3258 Ger·

1194 3284 1390 3327 manicus
1411 3283 1573 3328 scilicet
1588 3293 1629 3327 et
1649 3283 1832 3327 Drusus.

1252 3364 1269 3388 1
1283 3365 1296 3389 1
1310 3365 1342 3389 1.
1363 3349 1459 3391 His.
1477 3347 1677 3405 Augusto
1693 3347 1826 3391 Liviae
1844 3355 1963 3401 nato,
1986 3361 2031 3388 ac

1197 3412 1440 3468 nepotibus.
