2280 3776
279 290 385 343 268

744 292 808 343 P.
853 289 1145 345 OVIDII
1183 290 1556 349 NASONIS

279 404 451 486 Cujus
483 418 534 464 te
566 402 790 464 solitum
816 404 1038 464 memini
1066 405 1283 468 laudare
1312 406 1559 481 libellos,

1958 429 2037 471 135

356 500 641 581 ExceptiS,
675 499 899 559 domino
930 500 1024 582 qui
1054 525 1290 563 nocuere
1316 527 1433 564 suo,

281 595 384 656 Cui
414 611 507 655 tua
531 619 922 678 nonnunquam
952 597 1171 657 miranti
1200 599 1396 681 scripta
1426 598 1641 676 legebas
1662 644 1677 670 ‚

362 689 458 750 Ille
486 715 585 768 ego
607 739 620 763 ,
654 691 720 751 de
747 707 923 753 vestra
953 694 1040 753 cui
1072 694 1196 754 data
1225 710 1398 778 nupta
1432 695 1612 755 domo.

278 785 433 844 Hanc
461 786 687 867 probat,
719 802 773 846 et
798 788 975 870 primo
1009 788 1256 850 dilectam
1284 813 1496 872 semper
1522 791 1590 850 ab
1620 814 1731 851 aevo

357 882 460 939 Est
488 882 631 941 inter
661 882 888 943 comites
917 884 1124 943 Marcia
1154 906 1311 944 censa
1339 908 1495 956 suas;

1964 914 1976 942 1
1987 900 2041 956 40

281 975 457 1056 Inque
491 976 604 1035 suis
631 976 828 1036 habuit
852 992 1139 1037 matertera
1157 979 1393 1039 -Caesaris
1419 994 1573 1051 ante;

359 1075 608 1153 Quarum
634 1075 843 1156 judicio
873 1074 920 1134 si
944 1099 1052 1158 qua
1078 1076 1309 1158 probata
1326 1123 1341 1148 ‚
1370 1076 1548 1158 proba
1572 1091 1667 1135 est.

282 1172 407 1252 Ipsa
435 1195 533 1232 sua
554 1171 745 1232 melior
771 1172 938 1244 fama,
969 1171 1321 1233 laudantibus
1347 1173 1467 1235 istis
1483 1221 1498 1246 ,

369 1266 596 1328 Claudia
627 1267 806 1327 divina
832 1291 946 1327 non
973 1267 1211 1345 eguisset
1239 1292 1359 1352 ope.

284 1366 402 1425 Nos
433 1388 654 1447 quoque
680 1365 986 1447 praeteritos
1015 1364 1131 1424 sine
1160 1364 1285 1426 labe
1313 1366 1620 1449 peregimus
1651 1387 1858 1424 annos:

1969 1378 2045 1433 145

367 1461 622 1522 Proxima
651 1485 779 1543 pars
808 1462 930 1521 vitae
958 1460 1311 1522 transilienda
1337 1486 1481 1522 meae.

284 1601 692 1657 tur.-Hymenaeon.
709 1598 904 1642 Carmen
918 1601 1125 1655 nuptiale.

283 1662 432 1706 Deum
449 1673 595 1706 autem
615 1665 867 1720 nuptiarum
887 1664 1031 1720 posuit
1046 1680 1126 1720 pro

284 1730 376 1786 ipso
387 1729 676 1785 epithalamio.
687 1729 756 1773 De
768 1731 1015 1787 Hymenaeo
1029 1729 1127 1772 alibi

285 1793 408 1850 plura
428 1794 624 1837 diximus.
643 1818 696 1826 —
716 1795 795 1837 Ad
818 1798 935 1850 ignes
958 1804 1127 1837 vestros.

287 1859 359 1902 Ad
378 1869 538 1903 vestras
557 1860 688 1903 taedas
702 1893 714 1914 ,
745 1876 840 1916 quae
862 1859 1128 1903 nubentibus

284 1922 653 1979 praeferebantur3
675 1923 769 1977 vel,
790 1932 840 1965 ut
856 1924 998 1979 potius
1012 1923 1131 1964 Bur-

291 2003 456 2030 manno
470 1987 642 2030 videtur
655 2020 667 2041 ,
690 1987 742 2029 ad
762 1996 921 2029 vestras
940 2003 1050 2036 aras,
1075 1985 1130 2028 ad

290 2068 394 2108 quas
406 2067 588 2107 sponsus
606 2058 650 2093 et
661 2066 816 2107 sponsa
833 2049 1131 2093 sacrificabant

289 2124 333 2158 et
352 2115 751 2172 comprecabantur.

346 2195 364 2222 1
370 2181 439 2233 4ο.
449 2182 818 2222 Estmtercomites
825 2181 1005 2222 Marcia.
1015 2179 1132 2221 Mar-

287 2244 351 2287 cia
364 2243 456 2287 haec
466 2276 478 2298 ,
490 2259 583 2286 non
596 2243 777 2287 Catonis
790 2275 802 2298 ,
815 2252 865 2286 ut
876 2243 945 2286 hic
955 2242 1129 2286 Merula

286 2309 432 2364 tradit,
445 2309 522 2353 sed
531 2309 714 2353 Maximi
727 2326 835 2352 uxor
843 2309 942 2360 fuit,
958 2309 1003 2351 id
1015 2308 1132 2365 quod

289 2392 341 2419 ex
357 2375 505 2418 Tacito
525 2375 702 2432 adparet
715 2375 833 2419 Ann.
849 2376 893 2429 I,
919 2379 960 2429 5,
981 2375 1055 2417 ubi
1074 2375 1133 2417 ita

289 2443 469 2501 legitur:
487 2461 510 2482 «
526 2443 705 2500 Quippe
718 2459 872 2486 rumor
884 2443 1131 2494 incesserat,

290 2524 447 2564 paucos
469 2517 568 2550 ante
588 2523 758 2551 menses
778 2508 1025 2563 Augustum
1045 2506 1136 2548 ele-

290 2572 368 2616 ctis
396 2572 574 2615 consciis
592 2604 603 2626 ,
633 2581 677 2615 et
699 2573 857 2615 comite
886 2587 975 2614 uno
1000 2570 1135 2614 Fabio

292 2641 488 2683 Maximo
504 2673 515 2694 ,
532 2639 776 2682 Planasiam
793 2648 967 2681 vectum
979 2670 990 2691 ,
1008 2631 1061 2680 ad
1077 2637 1136 2679 vi-

290 2705 476 2748 sendum
486 2705 742 2762 Agrippam,
760 2712 839 2747 etc.
851 2703 986 2758 Quod
999 2703 1138 2745 Maxi-

291 2785 416 2812 mum
436 2770 558 2812 uxori
575 2769 980 2825 Marciaeaperuisse
992 2801 1003 2822 ,
1019 2769 1135 2811 illam

295 2834 427 2878 Liviae
451 2851 461 2878 :
495 2851 680 2892 gnarum
713 2834 755 2877 id
794 2833 952 2878 Caesari
967 2867 979 2888 ,
1006 2842 1086 2878 etc.
1113 2851 1134 2870 »

299 2900 431 2956 Quod
449 2910 596 2943 autem
610 2899 762 2943 eadem
775 2899 863 2942 filia
874 2899 1008 2942 fuerit
1018 2899 1138 2941 Mar-

294 2967 347 3010 cii
363 2967 566 3024 Philippi,
580 2967 719 3010 vitrici
737 2966 935 3022 Augusti,
952 2982 1003 3009 ex
1018 2974 1138 3008 sexto

296 3031 526 3075 Fastorum
542 3041 671 3089 patet.
691 3032 864 3075 MICYL.
1075 3033 1077 3037 ’

356 3104 443 3152 ι4ι.
464 3101 688 3142 Matertera
714 3101 904 3141 Caesarea.
933 3098 999 3140 Ex
1022 3095 1138 3138 Julia

299 3164 352 3208 C.
366 3163 545 3208 Caesaris
554 3182 718 3219 sorore,
732 3176 774 3210 et
784 3167 849 3209 M.
861 3164 992 3207 Accio
1002 3162 1138 3205 Balbo

299 3239 402 3272 nata
417 3239 479 3273 est
497 3232 624 3273 Accia
635 3264 646 3286 ,
662 3231 1009 3287 Augustimater,
1020 3243 1135 3284 quae,

299 3301 394 3350 post
410 3295 551 3336 mariti
563 3294 733 3337 Octavii
749 3304 935 3338 mortem
948 3326 959 3348 ,
971 3291 1139 3335 Marcio

301 3357 501 3414 Philippo
513 3359 656 3414 nupsit
669 3391 679 3411 ,
695 3359 767 3414 qui
778 3359 828 3400 ab
842 3355 1140 3402 AncoMarcio

304 3438 440 3477 genus
454 3421 592 3467 traxit.
608 3422 665 3466 Et
681 3439 730 3465 ex
746 3422 901 3466 eodem
917 3422 1136 3477 Philippo,

1208 1611 1252 1645 et
1272 1602 1412 1645 Acciae
1434 1604 1579 1644 sorore
1597 1632 1609 1655 ,
1632 1616 1680 1643 ac
1694 1607 1929 1643 matertera
1951 1597 2050 1641 Au-

1209 1667 1319 1725 gusti
1345 1666 1553 1710 defuncta
1571 1698 1582 1719 ‚
1615 1673 1848 1721 antequam
1874 1663 2048 1707 Acciam

1207 1733 1387 1775 duceret
1407 1730 1654 1788 Philippus,
1674 1729 1882 1773 Martiam
1901 1737 2050 1771 natam

1207 1797 1383 1851 volunt,
1401 1796 1571 1840 dicente
1582 1794 1743 1839 ovidio
1757 1795 1800 1837 in
1816 1795 1930 1837 Fast.
1943 1792 2052 1835 Cre·

1209 1863 1405 1906 demtum
1414 1871 1477 1904 est
1487 1875 1592 1916 ergo
1605 1851 1832 1912 Ovidiu'm,
1843 1857 1912 1901 hic
1925 1858 2050 1914 signi·

1210 1927 1340 1970 ficare
1358 1941 1481 1968 suam
1502 1940 1681 1970 uxorem
1700 1922 1873 1966 tertiam
1894 1921 1947 1964 de
1968 1920 2050 1963 do-

1210 2008 1285 2035 mo
1305 1991 1542 2034 Fabiorum
1558 2022 1570 2043 ,
1584 1988 1771 2045 puellam
1791 1986 2050 2038 admodum,

1210 2060 1354 2116 primo
1378 2071 1574 2100 sororem
1600 2055 1736 2099 Actiae
1753 2088 1763 2105 ‚
1794 2062 1838 2097 et
1869 2053 2054 2110 Augusti

1212 2131 1493 2166 materteram
1508 2153 1520 2174 ,
1535 2129 1578 2164 et
1590 2119 1766 2163 Marciae
1779 2126 1965 2161 matrem
1977 2133 2054 2160 co·-

1212 2188 1338 2232 luisse
1354 2221 1366 2241 ,
1389 2186 1547 2231 deinde
1569 2187 1663 2242 ejus
1675 2183 1809 2228 filiam
1826 2183 2053 2227 Marciam.

1273 2255 1362 2308 143.
1387 2255 1491 2308 Ipsa
1512 2269 1591 2295 sua
1615 2250 1902 2306 meliorfama.
1929 2249 2025 2304 Ipsa
2040 2280 2052 2302 ,

1213 2321 1357 2378 inquit
1375 2353 1386 2374 ,
1415 2317 1599 2363 Claudia
1627 2317 1784 2361 melior
1808 2331 1940 2372 quam
1963 2323 2056 2358 erat

1215 2388 1308 2443 ejus
1326 2385 1442 2428 fama
1467 2385 1483 2437 (
1501 2398 1656 2440 parum
1674 2382 1792 2425 enim
1810 2389 1921 2424 casta
1941 2380 2058 2423 fere-

1214 2451 1374 2504 batur)
1401 2463 1491 2491 non
1520 2447 1684 2505 eguisse
1707 2446 1854 2488 divino
1877 2443 2054 2497 auxilio,

1216 2516 1250 2558 si
1267 2530 1365 2558 eam
1379 2514 1545 2557 Marcia
1565 2523 1609 2556 et
1628 2510 1808 2555 Caesaris
1823 2518 2058 2552 matertera

1217 2579 1463 2623 laudassent
1486 2591 1495 2617 ἰ
1516 2578 1633 2634 quasi
1659 2576 1797 2630 dicat,
1830 2590 1937 2618 uxor
1959 2588 2057 2615 mea

1219 2646 1490 2702 pudicissima
1503 2652 1567 2687 est
1578 2676 1589 2696 ,
1605 2639 1959 2698 quandoquidem
1972 2637 2058 2680 uti-

1219 2719 1292 2752 tur
1311 2707 1624 2752 consuetudine
1647 2705 1797 2749 talium
1823 2711 2057 2745 matrona-

1218 2790 1333 2816 rum.
1352 2771 1592 2816 Historiam
1612 2769 1748 2813 refert
1763 2768 1853 2810 Liv.
1873 2767 1925 2809 de
1946 2765 2058 2809 bello

1219 2841 1387 2883 Punico
1400 2838 1509 2881 libro
1521 2852 1642 2879 nono
1656 2868 1667 2889 ‚
1693 2834 1792 2876 Val.
1814 2833 2032 2876 Maximus
2044 2865 2056 2886 ,

1219 2905 1289 2948 lib.
1307 2905 1351 2946 V
1369 2921 1380 2955 3
1398 2903 1590 2945 Lactant.
1604 2899 1675 2942 lib.
1691 2899 1735 2942 ΙΙ
1748 2932 1759 2952 ,
1780 2914 1870 2953 cap.
1886 2900 1924 2941 8.

1279 2970 1366 3022 144.
1382 2969 1542 3011 Divina
1556 2981 1643 3020 ope.
1662 2963 1832 3007 Auxilio
1851 2962 2058 3022 Cybeles,

1220 3042 1269 3075 ut
1287 3031 1576 3087 suspicionem
1590 3028 1756 3072 violatae
1768 3027 1969 3070 castitatis
1981 3043 2061 3082 po-

1221 3104 1360 3139 neret.
1859 3127 1862 3132 .

1281 3160 1368 3214 145.
1389 3161 1598 3201 Proxima.
1625 3160 1785 3200 Ultima
1801 3156 1901 3199 duo.
1915 3178 1969 3187 -
1981 3155 2065 3196 Est

1219 3227 1507 3269 transilienda.
1523 3224 1601 3267 Est
1612 3222 1782 3266 silentio
1802 3229 2060 3278 praetereun-

1223 3292 1275 3334 da
1290 3309 1299 3335 ε
1317 3292 1415 3348 quia
1430 3291 1558 3348 paulo
1571 3299 1670 3333 ante
1684 3297 1861 3332 notatus
1871 3286 1935 3328 fui
1946 3283 2061 3327 infa—

1223 3356 1308 3397 mia
1321 3389 1332 3409 ,
1358 3364 1402 3398 et
1423 3356 1637 3412 relegatus
1654 3361 1831 3410 propter
1850 3356 2061 3407 praecepta

1225 3419 1445 3462 amatoria.
1477 3467 1481 3472 ,
