2280 3776
1550 166 1589 204 Ο

569 299 1023 356 TRISTIUM
1061 301 1225 357 LIB.
1269 302 1341 357 V.
1385 301 1631 358 ELEG.
1677 305 1801 358 111.
1967 306 2072 359 213

387 414 559 498 Impia
589 441 686 478 nec
712 440 872 499 poena
903 415 1176 478 Pentheos
1210 417 1405 479 umbra
1430 432 1597 479 vacet.
2018 436 2073 492 40

307 509 398 571 Sic
426 511 588 572 micet
617 528 872 574 aeternum
891 558 905 584 ,
937 512 1219 597 vicinaque
1252 515 1429 576 sidera
1456 515 1667 586 vincat,

392 605 659 688 Conjugis
687 607 744 667 in
773 605 903 667 caelo
931 607 1124 669 Cressa
1154 610 1369 670 Corona
1403 625 1523 671 tuae.

310 700 437 762 Huc
464 702 593 764 ades
613 750 627 776 ,
661 718 713 764 et
743 727 899 765 casus
927 702 1157 779 releves,
1185 705 1576 788 pulcherrime,
1606 720 1860 777 nostros,

390 798 575 856 Unum
604 797 671 858 de
699 823 928 859 numero
959 824 1042 860 me
1077 823 1284 861 memor
1309 824 1425 862 esse
1456 816 1568 862 tuo.

308 891 451 951 Sunt
477 894 579 954 Dis
607 893 750 955 inter
772 918 829 955 se
856 897 1176 957 commercia
1201 921 1213 956 :
1243 896 1454 958 flectere
1488 912 1637 959 tenta
2021 911 2075 967 45

390 988 695 1051 Caesareum
723 1015 925 1052 numen
953 993 1174 1054 numine
1194 1041 1207 1065 ‚
1236 994 1476 1067 Bacche,
1507 1009 1621 1055 tuo.

307 1084 423 1145 Vos
453 1108 705 1168 quoque,
738 1075 1019 1151 consortes
1050 1089 1251 1162 studii,
1283 1090 1372 1172 pia
1405 1090 1594 1163 turba,
1624 1105 1825 1174 poetae,

387 1181 517 1240 Haec
547 1182 732 1242 eadem
761 1198 941 1244 sumto
973 1184 1205 1268 quisque
1233 1201 1423 1264 rogate
1450 1211 1632 1248 mero:

304 1277 487 1359 Atque
512 1276 710 1360 aliquis
738 1294 1005 1355 vestrum,
1035 1283 1274 1343 Nasonis
1304 1285 1526 1345 nomine
1556 1284 1729 1356 dicto,

383 1372 643 1457 Deponat
672 1373 921 1459 lacrymis
948 1377 1144 1462 pocula
1174 1380 1333 1441 mista
1365 1380 1509 1453 suis;
2023 1396 2077 1438 50

304 1466 746 1554 Admonitusque
771 1471 903 1547 mei,
936 1497 1104 1557 quum
1131 1475 1574 1559 circumspexerit
1604 1498 1817 1548 omnes,

386 1565 585 1639 Dicat:
611 1567 710 1627 ubi
739 1584 822 1630 est
850 1572 1030 1632 nostri
1059 1596 1184 1655 pars
1213 1573 1379 1634 modo
1407 1574 1559 1635 Naso
1588 1574 1783 1636 chori?

305 1658 478 1743 quue
504 1661 579 1722 ita
597 1709 611 1735 ,
641 1663 686 1723 si
714 1680 953 1726 vestrum
982 1669 1158 1729 merui
1190 1669 1421 1742 candore
1454 1670 1692 1731 savorem
1711 1717 1727 1743 ,

384 1760 658 1845 Nullaque
684 1763 889 1845 judicio
917 1763 1077 1827 litera
1105 1766 1229 1828 laesa
1262 1790 1383 1828 meo
1420 1782 1531 1828 est:

304 1858 392 1932 Si,
425 1875 664 1921 veterum
694 1862 858 1941 digne
890 1888 1119 1925 veneror
1150 1890 1321 1948 quum
1349 1866 1553 1949 scripta
1580 1865 1850 1937 virorum,

2025 1880 2049 1922 <ss

2052 1881 2077 1922 U!

384 1955 638 2016 Proxima
664 1981 779 2017 non
807 1957 918 2018 illis
949 1982 1066 2020 esse
1095 1959 1307 2020 minora
1335 1985 1475 2022 reor.

302 2049 392 2110 Sic
422 2050 592 2130 igitur
621 2052 812 2114 dextro
839 2054 1050 2117 faciatis
1075 2054 1335 2138 Apolline
1362 2079 1610 2117 carmen:

381 2148 551 2229 Quod
582 2149 738 2223 licet,
766 2150 912 2212 inter
936 2175 1037 2213 vos
1061 2147 1265 2212 nomen
1297 2152 1495 2213 habete
1524 2175 1722 2213 meum.

303 2310 434 2356 Ovid.
456 2313 503 2356 in
527 2313 638 2358 Met.
656 2315 741 2368 lv,
762 2331 811 2357 22
831 2330 842 2357 ε
868 2332 890 2352 κ
915 2314 1113 2358 Penthea
1130 2347 1141 2368 ,

302 2385 350 2420 tu
361 2378 627 2432 venerande,
640 2379 1052 2436 bipenniferumque
1064 2380 1144 2439 Ly-

302 2446 483 2499 curgum
506 2442 744 2500 sacrilegos
765 2453 937 2487 mactas.
955 2463 976 2481 »

358 2509 426 2562 4ο.
445 2509 602 2551 Umbra
615 2509 831 2551 Pentheos.
852 2508 1038 2552 Penthei
1052 2509 1144 2551 ani-

303 2588 387 2616 ma.
403 2573 518 2617 Vide
535 2573 667 2617 Ovid.
688 2574 758 2617 111
779 2573 1074 2630 Metamorph.

357 2638 422 2692 4²·
442 2639 571 2681 Clara
585 2639 746 2681 Corona
756 2646 849 2680 tuoe.
862 2637 1147 2681 Zulirhemia-

303 2719 386 2748 nus
411 2705 559 2748 Cressa
588 2707 785 2749 Corona:
806 2706 982 2762 optime.
1007 2704 1067 2749 H.
1092 2730 1145 2738 —

305 2768 550 2821 Ariadnen,
569 2771 594 2812 ὲ
608 2769 781 2814 Theseo
801 2770 847 2813 in
865 2771 987 2815 Naxo
1006 2770 1145 2814 insula

303 2832 574 2888 destitutam,
599 2834 792 2879 Bacchus
815 2850 995 2878 uxorem
1012 2835 1145 2879 duxit.

303 2897 511 2943 Fabulam
538 2898 675 2943 refert
695 2899 828 2943 ovid.
847 2899 892 2942 in
916 2902 936 2944 Ι
959 2900 1011 2943 de
1035 2901 1143 2944 Arte

305 2962 492 3006 amandi.
509 2963 579 3007 De
603 2963 781 3008 Corona
795 2981 899 3008 vero
914 2965 1142 3019 Ariadnoe,

303 3023 434 3081 legito
447 3026 691 3085 Hyginum,
707 3029 781 3086 qui
793 3045 886 3072 rem
896 3029 1041 3074 multis
1054 3046 1143 3073 ver-

303 3087 368 3132 bis
389 3091 675 3147 prosequitur.
694 3093 824 3136 MER.

354 3154 418 3208 43.
431 3157 528 3198 Huc
536 3159 649 3209 ades,
664 3165 707 3200 et
715 3174 841 3202 casus
850 3163 1013 3203 releves.
1030 3159 1144 3216 Lege

305 3228 353 3263 ut
376 3224 527 3264 releves
541 3256 551 3271 ‚
573 3222 641 3265 vel
662 3231 704 3266 et
725 3227 872 3267 releva.
900 3225 1144 3268 H.—·Pul-

306 3289 513 3330 chet-rime.
527 3287 742 3345 Quiaipse
755 3289 947 3334 Bacchus
960 3299 1003 3334 et
1016 3291 1146 3347 Apol·

307 3353 350 3396 lo
385 3369 555 3409 semper
583 3354 763 3410 juvenes
786 3387 799 3410 ,
831 3357 1068 3414 imberbes,
1102 3366 1145 3403 et

309 3415 500 3475 virginea
524 3418 644 3464 facie.
672 3420 813 3466 PONT.

1282 2315 1348 2368 44.
1369 2315 1438 2357 Se's
1460 2330 1614 2356 memor
1635 2328 1727 2356 esse
1745 2319 1827 2356 tuo.
1859 2312 1963 2355 Non
1985 2310 2073 2354 du-

1225 2378 1347 2421 bium
1379 2386 1465 2431 est,
1489 2377 1594 2433 quin
1614 2377 1742 2433 longe
1764 2376 1919 2420 melior
1934 2385 1978 2420 et
1997 2392 2075 2419 ve-

1225 2444 1314 2487 rior
1332 2444 1387 2487 sit
1410 2453 1559 2487 nostra
1579 2443 1707 2487 lectio
1720 2475 1732 2496 ,
1755 2460 1819 2486 me
1833 2460 1993 2486 memor.

1281 2512 1347 2553 50.
1364 2511 1562 2564 Deponat
1570 2513 1779 2566 lacrymis.
1797 2509 1958 2566 Scripti
1974 2509 2069 2567 ple-

1225 2573 1349 2629 rique
1370 2575 1582 2629 obponat,
1611 2573 1677 2616 vel
1698 2574 1913 2627 Adponat.

1280 2639 1346 2692 54.
1362 2640 1567 2694 Nullaque
1570 2638 1753 2693 judicio.
1769 2637 1815 2681 Si
1829 2637 1989 2680 nullius
2002 2654 2070 2680 ve·

1224 2713 1364 2748 strum
1378 2721 1555 2748 carmen
1574 2705 1720 2748 notavi
1736 2720 1930 2760 unquam
1947 2713 2043 2747 :aut
2056 2737 2071 2757 ,

1225 2770 1259 2812 si
1275 2769 1320 2813 in
1334 2786 1600 2827 quemquam
1610 2780 1803 2814 vestrum
1819 2769 2071 2813 mordacem

1225 2850 1399 2877 versum
1419 2851 1647 2891 nunquam
1661 2835 1871 2879 distrinxi.

1282 2900 1348 2942 56.
1370 2901 1568 2943 Proxima
1583 2917 1665 2943 non
1685 2904 1786 2943 illis.
1804 2901 1850 2944 Si
1865 2901 2067 2954 arbitror,

1226 2965 1419 3020 proxima
1429 2974 1570 3009 vestra
1578 2965 1771 3009 carmina
1781 2966 1967 3022 antiquis
1976 2982 2066 3008 non

1227 3046 1316 3072 esse
1336 3029 1558 3073 inferiora.
1579 3031 1777 3073 Proxima
1796 3039 1942 3073 autem
1958 3064 1969 3084 ,
1995 3039 2071 3074 aut

1226 3095 1364 3137 vicina
1376 3129 1387 3144 ,
1411 3103 1483 3137 aut
1500 3111 1642 3151 nuper
1656 3111 1680 3138 a
1698 3095 1817 3137 vobis
1830 3095 1958 3138 edita.

1283 3160 1346 3202 58.
1371 3161 1529 3202 Nomen
1556 3162 1707 3202 habere
1737 3175 1879 3204 meum.
1907 3162 2069 3204 Habete

1199 3276 1202 3280 ἱ
1227 3240 1325 3267 cum
1348 3223 1610 3267 melioribus.
1627 3223 1685 3266 H.
1699 3247 1753 3256 —-
1770 3223 1874 3267 Solo
1886 3225 2066 3267 nomine

1225 3289 1305 3332 sim
1328 3288 1571 3342 vobiscum,
1594 3287 1949 3345 quandoquidem
1965 3302 2066 3332 tor-

1226 3369 1332 3411 pore
1357 3370 1448 3396 non
1482 3369 1680 3409 possum,
1711 3362 1889 3410 propter
1910 3354 2067 3410 Augu—

1226 3431 1339 3467 stum
1360 3420 1453 3465 :vel
1470 3453 1481 3474 ,
1503 3420 1590 3463 mei
1609 3436 1825 3464 memores
1845 3429 1993 3464 estote.
