2268 3848
465 297 928 357 TRISTIUM
968 296 1132 354 LIB.
1186 299 1236 353 1..
1286 296 1535 354 ELEG.
1592 300 1679 355 11.
1902 301 1964 357 13

264 415 486 492 Nescit,
512 416 602 479 cui
631 415 860 477 domino
888 428 1105 499 pareat,
1138 414 1287 477 unda
1315 414 1500 476 maris.

183 513 325 573 Nam
352 511 522 574 modo
549 535 834 596 purpureo
865 512 1007 572 vires
1029 510 1178 595 capit
1202 513 1389 572 Eurus
1417 510 1490 572 ab
1519 525 1645 571 ortu
1669 535 1683 585 ;

262 610 426 671 Nunc
458 609 743 693 Zephyrus
772 631 896 669 sero
924 631 1149 692 vespere
1178 608 1382 671 missus
1411 609 1566 670 adest
1590 634 1603 670 ε

183 708 343 768 Nunc
370 704 583 787 gelidus
611 705 754 766 sicca
778 705 986 766 Boreas
1013 704 1315 766 bacchatur
1347 706 1417 767 ab
1447 706 1656 780 Arcto;

261 790 421 862 Nunc
449 801 632 862 Notus
663 798 885 861 adversa
911 798 1098 884 praelia
1126 799 1309 861 fronte
1339 800 1497 880 gerit.
1909 817 1965 860 30

182 899 390 961 Rector
414 898 472 959 in
501 898 711 960 incerto
745 912 827 959 est
855 922 868 958 z
893 920 993 958 nec
1012 944 1027 971 ,
1058 899 1195 982 quid
1224 898 1499 977 fugiatve,
1526 912 1775 983 petatve,

260 997 514 1060 Invenit:
540 995 818 1075 ambiguis
847 1018 933 1056 ars
963 1009 1154 1078 stupet
1180 996 1300 1079 ipsa
1330 995 1506 1057 malis.

179 1092 403 1155 Scilicet
431 1092 764 1166 occidimus3
797 1115 897 1153 nec
924 1115 1052 1174 spes
1070 1138 1085 1164 ,
1116 1092 1224 1152 nisi
1254 1116 1419 1165 vana,
1449 1091 1645 1153 salutis
1669 1116 1684 1154 :

259 1191 522 1275 Dumque
551 1188 790 1273 loquor,
822 1187 1010 1249 vultus
1037 1185 1229 1249 obruit
1258 1189 1405 1248 unda
1434 1212 1605 1249 meos.

178 1288 480 1372 Opprimet
509 1286 649 1348 hanc
680 1285 915 1370 animam
945 1283 1183 1356 fluctus;
1216 1282 1532 1367 frustraque
1556 1285 1804 1367 precanti
1914 1289 1971 1346 '35

259 1386 376 1446 Ore
401 1396 693 1445 necaturas
721 1380 1054 1466 accipiemus
1079 1403 1267 1464 aquas.

175 1535 443 1583 volubilitate
459 1569 471 1593 ,
490 1552 574 1581 nec
586 1537 679 1581 sine
699 1535 896 1594 fragore,
924 1551 1034 1593 pro-

176 1603 291 1647 xima
323 1617 508 1660 quoeque
544 1610 865 1659 prosternente.
898 1601 1032 1659 Apu·-

176 1667 285 1711 leius
296 1666 349 1711 de
359 1665 536 1710 Mundo
558 1682 568 1710 τ
598 1667 733 1711 Turbo
745 1670 854 1710 enim
864 1668 1027 1718 debitur,

175 1735 253 1789 qui
268 1734 494 1788 repentia&
504 1733 661 1788 flabris
681 1733 875 1787 prosilit,
910 1739 1032 1788 atque

172 1798 368 1840 universa
393 1798 622 1852 perturbat.

233 1860 299 1905 26.
309 1862 478 1912 Nescit,
493 1863 748 1904 cm‘domt'no.
767 1858 910 1904 Causa
927 1859 1033 1904 sub-

177 1926 347 1985 jicitur3
363 1926 465 1984 quia
475 1942 613 1984 quum
627 1925 712 1970 sint
726 1934 913 1984 quatuor
921 1942 1030 1970 ven-

177 1992 236 2048 ti,
252 1992 397 2037 Eurus
418 1992 471 2036 ab
492 2000 594 2036 ortu
618 1990 808 2036 luctatur
822 2007 924 2036 cum
942 1992 1032 2036 Ze-

176 2057 318 2117 phyro
341 2058 394 2103 ab
416 2073 569 2103 occasu
588 2074 599 2110 ς
627 2066 670 2102 et
697 2057 861 2102 Boreas
884 2074 908 2102 a
929 2073 1032 2114 sep-

177 2121 413 2168 temtrione
438 2122 572 2180 spirat
593 2121 798 2167 adversus
814 2122 1030 2167 Austrum

177 2203 200 2230 a
216 2186 413 2232 meridie.
432 2187 587 2244 Quare
602 2188 647 2250 in
662 2187 811 2232 medio
826 2188 1029 2232 relictum

176 2253 351 2311 pelagus
381 2252 625 2298 necessario
661 2254 918 2299 extumescit
940 2286 953 2308 ‚
985 2262 1031 2298 et

176 2318 247 2366 cui
267 2327 416 2376 pareat
436 2319 576 2363 nescit
591 2352 603 2375 ,
624 2318 669 2362 id
690 2327 780 2374 est,
805 2319 929 2376 cujus
948 2318 1031 2363 fla-

178 2382 291 2427 tibus
302 2382 587 2441 obtemperet.
605 2384 931 2429 Pon‘r.—Hinc
947 2385 1032 2427 Lu-

179 2463 313 2491 canus
333 2447 508 2493 videtur
525 2466 602 2493 sua
625 2449 813 2494 hausisse
829 2482 842 2504 ,
865 2450 937 2494 lib.
959 2449 1003 2490 V
1016 2483 1029 2506 ‚

180 2527 289 2555 vers.
309 2512 390 2555 602
409 2545 422 2567 ,
450 2514 512 2556 Et
531 2515 699 2557 dubium
713 2516 885 2567 pendet,
911 2522 1032 2557 vento

179 2581 255 2620 cui
259 2580 473 2629 concidat,
502 2593 661 2634 equom·
678 2578 751 2620 ubi
766 2610 778 2631 ,
810 2581 1036 2633 cue’pareat

182 2642 421 2700 legendum
433 2661 542 2700 esse,
556 2645 704 2688 docuit
718 2643 962 2687 Broukhus.
978 2643 1033 2687 ad

182 2708 343 2752 Tibull.
369 2710 389 2754 Ι
407 2741 419 2764 ,
446 2724 472 2752 x
491 2741 504 2764 ,
523 2726 563 2770 9.

234 2775 301 2819 28.
320 2775 419 2818 Sero
439 2788 635 2831 vespere,·
656 2790 779 2818 sacro
802 2774 983 2818 Junian.

237 2856 303 2901 ²9·
330 2842 456 2885 Sicca
481 2842 630 2885 Arcto.
656 2841 707 2884 Id
729 2850 823 2895 est,
858 2845 1033 2896 equoris

178 2914 343 2962 experte
353 2939 363 2957 ,
387 2914 437 2950 ut
449 2905 548 2949 alibi
561 2905 755 2963 loquitur
767 2922 778 2959 ;
795 2906 862 2949 vel
880 2922 1033 2949 revera

179 2970 309 3025 sicca,
332 2978 383 3014 ut
399 2974 537 3014 siccos
556 2972 789 3027 Aquilones
810 2970 939 3026 dixit,
962 2971 1034 3013 lib.

182 3035 274 3089 111,
297 3034 419 3092 Eleg.
441 3049 471 3078 x
487 3068 498 3090 ,
521 3036 602 3089 53;
626 3034 834 3078 Manilius
850 3068 861 3090 ,
885 3035 955 3078 lib.
979 3036 998 3078 1
1019 3051 1029 3079 :

182 3118 204 3139 «
226 3099 352 3144 Alter
378 3101 431 3144 ab
451 3101 618 3144 excelso
644 3101 882 3144 decurrens
907 3101 1032 3145 limes

181 3165 378 3225 Olympo
405 3165 633 3223 Serpentis
669 3166 876 3221 caudam,
902 3166 1032 3211 siccas

180 3240 226 3276 et
245 3230 399 3275 dividit
419 3231 589 3276 Arctos.
606 3251 626 3270 »
653 3232 763 3276 Tres
782 3242 930 3276 tamen
951 3249 1034 3276 an-

180 3296 291 3354 tiqui
308 3297 509 3355 Scythica
527 3299 671 3342 Arcto.
694 3299 861 3343 HEmS.

235 3363 302 3405 30.
339 3364 463 3406 Nunc
503 3365 639 3407 Notus
672 3367 849 3407 adversa
878 3369 1034 3420 proelia

169 3425 317 3480 fronte
331 3430 449 3483 gerit.
475 3426 549 3470 Sic
567 3433 733 3471 venturi
745 3433 896 3483 prelia
922 3434 1041 3473 venti

1114 1534 1239 1594 Virg.
1259 1533 1397 1592 Quod
1410 1534 1601 1594 AEscbyl.
1611 1534 1790 1594 pulchre
1806 1536 1850 1580 in
1864 1536 1974 1582 Pro-

1117 1598 1253 1643 meth.
1272 1631 1282 1642 .
1301 1632 1311 1642 .
1328 1607 1461 1662 σκιρτᾷ
1479 1600 1516 1645 δ’
1536 1602 1683 1657 ἀνίμων
1698 1632 1708 1643 .
1723 1634 1734 1644 .
1750 1634 1758 1644 .
1770 1607 1972 1658 Πνεύμκτα

1113 1667 1264 1712 πάντων
1288 1672 1342 1716 εἰς
1373 1670 1520 1719 ἄλληλα
1533 1701 1543 1712 .
1558 1701 1569 1711 .
1584 1701 1596 1712 .
1616 1669 1756 1714 xvim
1777 1669 1973 1715 &utinm

1116 1731 1428 1787 ἆποδιανύμενα.
1461 1734 1619 1787 Aspim·
1646 1734 1793 1776 Borea
1812 1768 1823 1785 ‚
1859 1751 1972 1778 nunc

1111 1797 1231 1846 hinc,
1255 1811 1366 1839 nunc
1373 1799 1557 1853 flatibus
1572 1800 1693 1841 illinc
1715 1830 1724 1840 .
1740 1831 1750 1841 .
1763 1833 1772 1842 .
1795 1803 1908 1843 lam
1924 1816 1973 1843 se

1111 1866 1304 1913 certunm
1321 1859 1443 1918 Virg.
1467 1861 1530 1905 lv
1551 1860 1656 1906 AEn.
1672 1865 1765 1918 442.
1781 1862 1831 1908 ld
1849 1864 1969 1921 quod

1115 1942 1167 1970 ex
1195 1926 1380 1985 perenni
1408 1926 1534 1972 sonte
1562 1944 1571 1972 :
1598 1920 1664 1979 Ωἶς
1693 1928 1730 1974 δ’
1749 1933 1880 1986 ἅνεμη
1904 1935 1970 1976 δύο

1112 1995 1251 2039 Πόντον
1288 1994 1445 2055 ‹ipisci-ov
1481 1997 1677 2050 ὶχθνὸιντα
1692 2028 1705 2050 ,
1738 1999 1872 2059 Βορέης
1903 2004 1971 2042 καί

1114 2061 1273 2121 Ζέφυρος
1289 2090 1301 2113 ,
1327 2061 1381 2104 τώ
1404 2080 1443 2105 τι
1462 2066 1654 2123 Θρῄκηθιν
1680 2064 1794 2110 ἅπαν
1818 2062 1970 2108 Ε).οἇνὲ

1112 2126 1290 2180 ε’ξοαίνης
1304 2158 1316 2180 ‚
1346 2133 1427 2170 etc.
1447 2126 1675 2171 Homerus
1692 2160 1705 2182 ‚
1730 2128 1850 2171 iliad.
1872 2130 1920 2183 1,
1943 2144 1969 2172 a

1110 2202 1238 2232 versu
1268 2190 1307 2244 4.
1337 2190 1533 2235 Adversa
1540 2191 1699 2246 fronte.
1734 2191 1813 2235 Est
1846 2192 1970 2236 euim

1096 2254 1255 2298 'Notus
1284 2256 1439 2299 Boreae
1466 2258 1688 2314 oppositus
1707 2290 1720 2313 ,
1750 2258 1968 2315 siquidem

1111 2335 1136 2362 a
1157 2320 1341 2363 meridie
1367 2321 1457 2364 flat.

1167 2384 1232 2427 31.
1246 2386 1335 2427 Nec
1346 2417 1356 2434 ‚
1376 2384 1876 2442 qutilsugr‘atveffletalve,
1893 2389 1971 2431 In-

1113 2451 1225 2491 venit
1234 2463 1246 2488 .·
1263 2447 1323 2490 sic
1338 2456 1382 2490 et
1398 2448 1597 2491 Lucanus
1608 2481 1620 2503 ,
1638 2448 1708 2492 lib.
1723 2449 1779 2504 V,
1796 2467 1854 2493 vs.
1866 2451 1969 2506 645:

1115 2527 1137 2546 «
1163 2510 1282 2554 Artis
1304 2527 1436 2568 opem
1458 2513 1599 2556 vicere
1620 2522 1765 2557 metus
1780 2547 1793 2568 ,
1814 2518 1972 2559 nescit-

1113 2590 1197 2631 que
1211 2577 1431 2634 magister,
1450 2578 1603 2634 Quam
1618 2578 1809 2637 frangat,
1820 2577 1891 2624 cui
1905 2597 1972 2624 ce·

1115 2641 1189 2685 dat
1209 2658 1344 2699 aquae.
1363 2662 1384 2680 »ι

1168 2706 1235 2749 32.
1249 2708 1293 2748 A
1294 2711 1474 2763 mbiguis·
1486 2725 1558 2751 ars
1570 2717 1712 2765 stupet
1722 2715 1818 2766 ipsa
1830 2715 1970 2756 mallit.

1114 2770 1187 2814 Sic
1201 2772 1338 2815 Palin.
1363 2773 1471 2816 AEn.
1497 2774 1553 2829 V,
1575 2775 1622 2817 13
1638 2791 1648 2818 ε
1667 2795 1688 2812 «
1706 2776 1829 2820 Heu!
1845 2778 1972 2834 quia—

1113 2853 1218 2880 nam
1236 2840 1345 2883 tanti
1364 2841 1595 2884 cinxerunt
1614 2842 1779 2887 aethera
1799 2844 1969 2889 nimbi?

1115 2904 1292 2960 Quidve
1307 2937 1320 2959 ,
1351 2915 1475 2962 pater
1495 2907 1701 2964 Neptune
1718 2942 1730 2964 ,
1761 2910 1919 2967 paras?
1944 2929 1968 2949 ι»

1169 2969 1235 3012 33.
1268 2973 1358 3014 Nec
1376 2988 1472 3026 spes
1491 2981 1558 3015 est
1571 2977 1663 3016 ulla
1684 2978 1849 3018 salutis.
1880 2978 1969 3019 Nec

1111 3053 1220 3092 spes,
1236 3041 1457 3087 nea-ivano,
1467 3044 1623 3084 salum
1636 3040 1909 3085 Combianus
1917 3041 1965 3085 li-

1112 3102 1205 3156 ber,
1218 3102 1358 3147 multo
1371 3105 1651 3149 numerosius
1664 3107 1881 3163 :legebam
1892 3106 1969 3150 ali-

1113 3168 1305 3225 quando,
1318 3187 1392 3213 nes
1406 3187 1502 3225 spes
1517 3187 1641 3226 super
1647 3175 1737 3215 ulla
1749 3176 1964 3217 salutiest.

1148 3235 1214 3278 36.
1229 3235 1310 3277 Ore
1320 3243 1543 3278 necaturas
1556 3240 1808 3291 accipiemus
1818 3254 1966 3294 aquas.

1119 3300 1245 3343 Boua
1258 3299 1440 3352 locuti03
1462 3301 1522 3345 sic
1539 3302 1692 3359 virgil.
1708 3303 1735 3342 ἵ
1751 3304 1772 3346 Ι
1787 3303 1964 3347 AEneid.

1112 3366 1194 3419 413
1211 3382 1221 3408 z
1247 3384 1268 3402 «
1288 3364 1472 3410 Gemuit
1492 3367 1572 3410 sub
1597 3367 1790 3424 pondere
1810 3370 1966 3428 cymba

1113 3431 1262 3475 Sutilis
1282 3464 1294 3486 ,
1335 3441 1377 3476 et
1405 3433 1590 3477 multam
1620 3434 1782 3491 accepit
1803 3436 1964 3479 rimosa
