2280 3776
283 318 392 372 310

732 322 797 373 P.
850 319 1142 377 0V1D11
1187 322 1610 382 NASONIS

363 433 484 492 Jam
517 433 696 492 minus
723 434 813 493 hic
843 435 972 495 odio
1004 452 1110 508 est,
1142 463 1303 521 quam
1333 441 1438 501 suit
1466 456 1618 510 ante,
1648 440 1818 504 locus,

283 527 525 587 Tandem
554 527 760 609 aliquid
779 576 793 599 ‚
826 529 980 611 pulsa
1007 555 1254 593 curarum
1286 535 1430 595 nube
1449 583 1463 608 ‚
1497 543 1745 599 serenum
2016 560 2041 600 5

370 622 529 692 Vidi3
563 623 792 685 fortunae
821 628 981 688 verba
1011 629 1242 712 dedique
1269 655 1412 691 meae.

286 716 441 777 Nolit
471 732 530 778 ut
561 717 664 778 ulla
698 720 829 780 mihi
862 724 1171 802 contingere
1203 728 1398 804 gaudia
1428 729 1632 803 Caesar,

370 812 520 873 Velle
546 830 725 896 potest
753 818 922 879 cuivis
949 820 1061 879 haec
1095 837 1270 881 tamen
1301 848 1405 883 una
1436 824 1567 885 dari.
1603 860 1605 862 ·

288 909 363 968 Di
392 911 611 991 qunque
631 958 646 982 ‚
680 926 740 971 ut
771 937 797 972 a
829 915 1038 974 cunctis
1071 915 1221 976 hilari
1258 907 1456 1000 pietate
1487 920 1760 996 colantur,

366 1007 668 1067 Tristitiam
699 1010 829 1091 poni
861 1035 957 1093 per
988 1036 1081 1072 sua
1119 1014 1252 1074 festa
1277 1015 1488 1095 jubent.
1998 1050 2047 1078 ιο

287 1106 569 1188 Denique,
606 1107 750 1189 quod
784 1123 963 1169 certus
989 1109 1142 1169 furor
1170 1126 1250 1170 est
1281 1113 1478 1171 audere
1505 1112 1692 1181 fateri,

370 1205 487 1263 Hac
516 1228 616 1281 ego
648 1204 826 1265 laetitia
847 1251 861 1275 ‚
892 1206 937 1264 si
967 1222 1108 1266 vetet
1136 1208 1277 1288 ipse,
1308 1208 1473 1269 fruar.
1627 1206 1629 1209 ¹

290 1298 550 1380 Juppiter
581 1297 811 1358 utilibus
841 1301 1056 1381 quoties
1083 1301 1224 1381 juvat
1259 1301 1530 1364 imbribus
1555 1327 1747 1382 agros,

373 1396 542 1455 Mista
577 1410 730 1455 tenax
763 1397 929 1473 segeti
962 1420 1195 1458 crescere
1227 1398 1384 1481 lappa
1414 1399 1565 1459 solet.

292 1493 409 1551 Nos
440 1516 659 1574 quoque
691 1493 1006 1571 frugiferum
1034 1495 1321 1567 sentimus,
1350 1496 1560 1557 inutilis
1589 1497 1784 1579 herba,
2002 1515 2050 1557 15

374 1589 623 1658 Numen,
657 1604 711 1649 et
739 1589 905 1649 invita
936 1614 1076 1672 saepe
1103 1591 1351 1671 juvamur
1379 1616 1500 1674 ope.

299 1684 509 1745 Gaudia
541 1686 793 1746 Caesareae
821 1687 1020 1746 mentis
1050 1712 1152 1769 pro
1183 1704 1334 1770 parte
1358 1689 1509 1748 virili.

375 1784 520 1842 Sunt
547 1807 665 1843 mea
692 1809 703 1839 ·,
729 1785 923 1866 privati
954 1785 1033 1843 nil
1058 1786 1222 1846 habet
1247 1786 1338 1847 ilia
1369 1788 1582 1848 domus.

300 1878 515 1949 Gratia,
545 1881 706 1939 Fama
726 1927 740 1948 ‚
774 1880 908 1948 tibi;
941 1905 1039 1963 per
1070 1906 1229 1964 quam
1260 1899 1498 1966 spectata
1529 1882 1791 1966 triumphi

375 1972 597 2033 Incluso
622 1973 813 2034 mediis
841 1989 922 2033 est
949 1975 1082 2034 mihi
1112 2001 1313 2061 pompa
1351 1978 1521 2038 Getis.
2002 2007 2056 2036 ’.ω

347 2147 386 2199 4.
407 2146 508 2187 Jam
523 2148 660 2186 minus
678 2146 748 2186 hic
764 2145 860 2186 odio
877 2149 940 2186 est
955 2151 1034 2186 etc.
1052 2145 1138 2186 Es!

294 2212 414 2256 deest
437 2228 508 2254 sex
530 2210 771 2260 codicibus3
796 2211 890 2265 jam
914 2214 1047 2254 minus
1072 2218 1140 2253 est

294 2279 413 2324 odio,
436 2291 557 2331 quam
581 2275 760 2318 Junian.

350 2344 388 2383 5.
411 2342 792 2395 Aliquidserenum.
814 2341 1002 2396 Aliquod
1012 2340 1110 2383 Aldi
1123 2373 1135 2394 ,

295 2404 460 2463 Micyll.
486 2404 709 2447 Bersman.
735 2405 880 2446 minor
900 2404 1068 2462 Gryph.
1094 2413 1139 2448 et

295 2470 364 2513 alii
383 2487 394 2519 ;
421 2471 571 2512 Heins.
587 2470 798 2522 malebat,
819 2473 984 2526 aliquid
994 2473 1138 2514 sereni.

348 2538 389 2580 6.
421 2541 608 2580 Fortunoe
631 2542 754 2580 verba
768 2541 937 2593 dedique
956 2553 1065 2580 meae.
1082 2538 1139 2581 Et

298 2603 446 2660 decepi
469 2602 692 2645 fortunam
713 2619 871 2645 meam.

353 2687 388 2726 7.
416 2670 531 2710 Nolit
555 2675 602 2709 ut
626 2670 715 2710 illa.
751 2669 852 2711 Ulla
879 2686 978 2713 cum
1004 2670 1143 2714 tribus

297 2731 463 2788 scriptis
487 2730 733 2787 legendum.
755 2733 812 2775 H.

359 2814 373 2839 1
387 2814 420 2839 1.
457 2798 581 2850 Quod
599 2806 733 2839 certus
745 2798 872 2854 furor
899 2807 965 2843 est
991 2803 1141 2844 audere

287 2863 435 2919 fateri.
463 2860 610 2916 Quam
640 2878 733 2904 rem
751 2895 762 2914 ‚
790 2872 838 2907 nt
864 2864 1034 2908 fruatur
1058 2866 1138 2909 hac

298 2927 444 2974 laetitia
458 2936 603 2983 poeta,
627 2927 761 2971 invito
787 2928 954 2974 Caes'are
968 2964 979 2983 ‚
1001 2946 1135 2986 quum

298 2994 481 3038 audeam
502 2992 696 3049 profiteri
713 3027 725 3047 ,
751 2994 916 3039 insania
939 2996 1137 3051 quaedam

298 3059 485 3103 videtur.

361 3143 422 3167 12.
443 3126 489 3168 Si
502 3132 625 3168 vetat.
646 3127 764 3169 Vetet
775 3126 995 3175 meliorem
1011 3126 1135 3180 etja-

300 3198 372 3234 pat
385 3206 461 3244 pro
476 3195 586 3243 rigat
603 3206 727 3233 versu
746 3191 965 3246 proximm
981 3190 1034 3233 de
1049 3205 1135 3245 quo

298 3252 460 3295 dictum
488 3254 580 3296 Art.
604 3255 783 3298 Am.lib.
805 3257 823 3299 l
842 3288 854 3309 ,
877 3255 970 3310 647.
997 3255 1054 3297 H.

359 3318 418 3370 ¹4·
445 3319 588 3358 Tenaae
613 3321 751 3373 lappa.
780 3318 1028 3362 Herba-illa
1053 3317 1137 3360 ad-

295 3381 478 3426 haerens.
503 3380 636 3436 Quod
665 3390 811 3424 autem
832 3382 947 3424 inter
973 3390 1136 3437 segetes

295 3453 496 3488 nascatur
514 3444 636 3499 lappa
649 3477 663 3499 ‚
688 3445 814 3489 docet
834 3446 963 3489 etiam
979 3446 1107 3489 Maro
1120 3477 1133 3499 ,

1217 2144 1376 2202 Georg.
1391 2146 1461 2189 lib.
1477 2146 1498 2189 Ῑ
1512 2178 1524 2199 ,
1547 2162 1605 2188 vs.
1624 2148 1697 2188 152
1711 2177 1723 2197 ‚
1738 2160 1873 2200 quum
1888 2143 2029 2200 inquit
2048 2159 2058 2185 :

1219 2228 1240 2246 «
1251 2211 1365 2253 subit
1377 2227 1523 2267 aspera
1537 2211 1652 2269 sylva
1667 2243 1678 2262 ,
1705 2210 1943 2266 Lappaeque
1957 2242 1968 2262 ‚
1989 2209 2057 2252 tri-

1217 2277 1392 2331 bulique
1406 2309 1418 2331 ,
1443 2276 1640 2333 interque
1664 2277 1845 2319 nitentia
1866 2276 1990 2318 culta.
2007 2294 2029 2312 »

1278 2359 1293 2383 1
1302 2343 1338 2383 5.
1351 2341 1765 2397 Numenfrugifhrum.
1779 2341 1950 2383 Numen
1965 2338 2056 2382 Cae-

1219 2406 1321 2448 saris
1338 2438 1350 2459 ,
1383 2406 1506 2462 quale
1545 2415 1606 2449 est
1633 2406 1755 2448 Jovis
1780 2404 1992 2462 irrigantis
2013 2414 2058 2448 et

1218 2470 1354 2513 banas
1387 2481 1430 2515 et
1467 2471 1598 2514 malas
1631 2471 1794 2514 herbas.
1824 2472 1909 2514 Per
1940 2470 2056 2527 quod

1217 2536 1441 2580 victoriam
1464 2536 1644 2581 Caesaris
1666 2537 1874 2593 inteiligit.

1278 2603 1336 2645 16.
1361 2605 1494 2645 Invita
1514 2619 1598 2657 ope.
1621 2601 1793 2645 Gaudio
1815 2618 1902 2657 quo
1922 2602 2055 2645 nollet

1218 2683 1288 2709 me
1308 2666 1454 2710 Caesar
1472 2666 1611 2709 adfici.

1279 2751 1291 2775 1
1303 2751 1337 2787 7.
1365 2734 1535 2775 Gaudia
1557 2733 1753 2776 Caesareoe
1765 2734 1923 2772 mentis.
1943 2732 2056 2772 Gen-

1217 2803 1274 2840 tis
1287 2797 1459 2839 videtur
1476 2794 1752 2839 scribendum
1769 2826 1781 2846 ‚
1803 2811 1937 2849 quum
1952 2796 2058 2838 sub-

1218 2863 1424 2918 jungatur
1440 2893 1451 2911 ‚
1474 2865 1634 2914 privati
1653 2863 1718 2902 nil
1735 2862 1861 2902 habet
1879 2863 1957 2902 illa
1978 2864 2056 2902 do—

1216 2942 1318 2969 mus.
1344 2929 1533 2968 Cesarea
1554 2940 1656 2979 gens
1671 2958 1680 2967 .
1717 2925 1937 2981 quomodo
1953 2942 2057 2981 gens

1215 2994 1366 3034 Flavia
1378 3023 1388 3033 ,
1408 3005 1509 3044 gens
1527 2991 1706 3032 Claudia
1720 3022 1728 3036 ‚
1755 3006 1858 3042 gens
1871 2993 2058 3033 AE'milt'a.

1268 3075 1281 3099 1
1292 3058 1328 3098 8.
1341 3059 1504 3098 Privati
1511 3058 1704 3097 m’lhabet
1710 3059 1787 3097 “lla
1797 3059 1952 3098 domus.
1964 3055 2058 3099 Cae-

1215 3136 1358 3164 sarum
1385 3119 1540 3163 domus
1564 3119 1622 3162 nii
1649 3119 1777 3162 habet
1800 3120 2022 3177 proprium
2039 3152 2052 3174 ,

1214 3186 1288 3229 sed
1307 3201 1404 3229 cum
1432 3184 1634 3227 omnibus
1652 3201 1885 3228 commune
1906 3201 1915 3227 :
1936 3186 2055 3240 quasi

1216 3251 1353 3305 dicat,
1380 3249 1616 3294 Victoriam
1641 3250 1788 3294 Caesai·
1807 3251 1954 3307 patriae
1970 3283 1982 3304 ,
2011 3260 2055 3293 et

1214 3315 1376 3359 civibus
1400 3315 1485 3359 suis
1502 3349 1514 3372 ,
1543 3331 1633 3358 non
1660 3316 1738 3359 sibi
1760 3348 1772 3370 ,
1803 3331 2052 3370 comparare

1214 3381 1334 3425 solet.

1272 3463 1333 3505 19·
1348 3448 1519 3498 Gratia,
1534 3448 1667 3490 Fama
1678 3479 1690 3498 ‚
1705 3448 1791 3490 tibi.
1806 3446 1950 3488 Famae
1962 3460 2052 3501 gra·
