2280 3776
274 289 382 343 388
725 290 789 342 P.
835 288 1131 343 OVIDII
1175 287 1546 347 NASONIS

274 402 598 485 Adjectique
629 403 870 485 probent
899 402 1132 480 genitiva
1165 404 1233 464 ad
1262 406 1486 466 nomina
1515 408 1718 482 Cottae,

338 501 414 560 .Si
444 516 502 559 tu
532 522 645 558 non
672 522 847 571 esseS‚
879 499 1164 561 interitura
1193 501 1406 562 domuS.

273 599 453 677 Digne
486 596 567 655 vir
594 597 694 655 hac
725 596 888 668 serie,
918 595 1074 680 lapso
1105 622 1417 662 succurrere
1444 602 1617 662 amico

358 693 697 753 Conveniens
726 693 846 753 istis
876 695 1126 756 moribus
1157 720 1273 757 esse
1302 713 1453 781 puta.
1970 733 1983 760 ι
1999 732 2046 762 ιω

271 839 495 881 ta.-Esse
511 853 621 879 suos.
643 835 762 892 Quia
785 836 915 881 Cotta
935 845 1029 881 erat
1045 853 1117 880 re-
1200 840 1354 884 Innuit
1368 841 1499 885 etiam
1514 841 1746 899 adoptione
1759 841 1803 885 in
1821 842 2044 892 Aureliam

271 904 445 960 ligiosus
462 937 473 957 ,
497 912 541 946 et
560 903 626 946 vir
643 904 806 958 bonus,
825 903 1115 960 quemadmo-
1201 903 1433 948 Cottarum
1457 906 1666 949 familiam
1682 906 1894 950 transisse.
1919 909 1976 951 H.

274 966 380 1011 dum
402 968 486 1011 suit
508 969 651 1011 Numa
670 985 756 1012 rex.
1259 986 1347 1030 ¹⁰9·
1370 973 1466 1014 Hac
1483 975 1599 1015 serie.
1616 973 1715 1015 Hoc
1728 971 1941 1016 virtutum
1956 983 2048 1017 tua—

332 1048 422 1089 107.
439 1036 638 1078 Genitim
651 1038 874 1089 agnomtna
894 1036 1033 1078 Cottae.
1046 1035 1126 1078 Ad
1201 1051 1301 1078 rum
1325 1035 1476 1080 ordine
1495 1054 1505 1088 ;
1529 1036 1596 1080 vel
1614 1070 1626 1091 ,
1650 1037 1769 1093 quod
1801 1037 1935 1095 magis
1955 1039 2048 1096 pla—

273 1104 444 1144 nomina
473 1109 639 1144 veteres
668 1099 890 1157 plerique;
924 1110 969 1144 et
988 1110 1119 1145 recte.
1203 1109 1295 1157 cet,
1315 1100 1396 1145 hac
1417 1102 1638 1158 majorum
1661 1102 1843 1159 origine.

815 1327 1324 1399 EPISTOLA
1375 1329 1529 1404 III.

1050 1466 1284 1483 mm

778 1608 1055 1670 FABIO
1102 1607 1525 1669 MAXIMO.

856 1862 1456 1914 ARGUMENTUM.

273 1993 474 2051 Eleganti
494 1992 668 2035 fictione
691 1990 852 2046 refert,
880 2006 959 2048 per
983 1991 1178 2048 quietem
1200 1991 1280 2034 sibi
1307 1990 1553 2048 adparuisse
1583 1989 1848 2047 Cupidinem
1863 2023 1875 2045 ‚
1900 1999 1943 2034 et
1965 2006 1988 2033 a
2005 2007 2050 2036 se

333 2059 653 2117 reprehensum
672 2091 684 2113 ,
718 2058 833 2115 quod
859 2058 1021 2101 malam
1039 2058 1118 2101 sibi
1148 2058 1356 2115 magistro
1389 2074 1468 2100 suo
1489 2058 1742 2101 mercedem
1773 2058 2031 2103 reddidisset
2049 2092 2061 2113 ,

330 2131 598 2190 pollicitum,
630 2129 726 2172 fore
757 2138 807 2172 ut
838 2127 1019 2172 Caesaris
1045 2129 1111 2172 ira
1139 2128 1348 2172 mitescat.
1372 2128 1528 2185 Neque
1558 2127 1727 2173 dubitat
1757 2138 1913 2187 poeta,
1951 2130 2056 2186 quin

334 2201 574 2259 supplicem
593 2201 745 2257 juvare
766 2198 870 2242 velit
890 2198 1062 2242 Fabius.

282 2331 375 2417 SI
405 2367 558 2414 vacat
587 2351 845 2430 exiguum
871 2338 1113 2434 profugo
1140 2350 1269 2413 dare
1296 2364 1514 2435 tempus
1543 2352 1745 2427 amieo,

364 2452 417 2511 Ο
449 2449 602 2510 sidus
630 2449 844 2524 Fabiae,
881 2449 1147 2522 Maxime,
1179 2450 1388 2528 gentis,
1419 2450 1586 2511 ades:

283 2550 434 2608 Dum
463 2546 568 2606 tibi
600 2570 720 2629 quae
749 2545 861 2605 vidi
890 2544 1147 2617 referam;
1181 2570 1277 2607 seu
1306 2548 1557 2630 corporis
1584 2547 1809 2620 umbra,

360 2646 474 2705 Seu
501 2643 612 2703 veri
641 2644 874 2726 speeieS‚
905 2667 1000 2703 seu
1030 2642 1138 2702 fuit
1167 2641 1260 2702 ille
1290 2663 1474 2725 sopo‘r.

282 2743 408 2801 Nox
426 2754 550 2808 erat
572 2763 583 2798 :
609 2754 664 2799 et
683 2738 888 2798 bifores
913 2737 1156 2799 intrabat
1182 2741 1338 2799 Luna
1363 2739 1628 2801 fenestras
1645 2785 1660 2812 ‚

365 2840 559 2898 Mense
583 2837 697 2897 fere
721 2836 902 2896 medio
934 2850 1135 2918 quanta
1161 2836 1336 2897 nitere
1364 2835 1522 2896 solet.

287 2934 519 2995 Publica
544 2958 629 2994 me
654 2933 870 3016 requies
900 2956 1151 2994 curarum
1183 2956 1408 2993 somnus
1435 2930 1705 3003 habebat,

363 3033 617 3112 Fusaque
648 3044 802 3088 erant
830 3043 950 3089 toto
980 3028 1238 3106 languida
1269 3026 1514 3087 membra
1544 3040 1666 3086 toro
1692 3050 1705 3085 :

344 3184 377 3216 1.
400 3175 546 3216 Vacat.
566 3175 698 3216 Juvat
711 3172 889 3215 Barber.
909 3180 952 3215 et
973 3171 1125 3214 nostri.
1206 3173 1391 3213 umbram
1404 3169 1547 3226 regius
1562 3168 1717 3221 codex;
1733 3171 1955 3212 dummodo
1966 3185 2052 3226 qtae

341 3254 380 3280 2.
399 3238 552 3280 Fabia.
584 3238 652 3280 De
678 3237 814 3279 Fabio
844 3236 942 3280 vide
969 3234 1126 3280 Ruald.
1207 3235 1346 3277 Hafn.
1366 3233 1496 3288 resero
1515 3235 1647 3277 etiam
1666 3234 1771 3277 editi
1794 3234 1925 3290 prius.

289 3302 519 3348 Animadv.
539 3304 585 3344 in
610 3302 827 3345 Plutarch.
847 3304 911 3357 43.
1260 3304 1298 3344 6.
1320 3302 1474 3344 Medio.
1494 3303 1544 3344 In
1562 3304 1695 3345 medio
1709 3301 1888 3344 Moreti.

339 3368 376 3410 3.
405 3367 571 3411 Umbra.
601 3369 754 3410 Umbra
780 3376 845 3410 est
863 3368 966 3410 editi
991 3366 1122 3418 olim3
1262 3383 1299 3422 7.
1328 3368 1506 3409 Publica
1535 3371 1692 3421 requies
1723 3383 1923 3410 curarum.
1951 3365 2015 3407 Re
2025 3390 2048 3395 -·
