2280 3776
255 321 362 389 438

718 326 781 377 P.
832 317 1120 379 OVIDII
1165 323 1547 381 NASONIS

335 440 450 497 Nec
480 461 563 497 me
594 438 748 497 testis
776 438 880 498 eris
911 437 1042 499 falsa
1076 439 1247 501 solere
1275 442 1447 523 queri.

252 536 489 597 Accedet
515 535 634 595 voci
662 560 761 618 per
789 552 841 596 te
871 562 985 598 non
1009 538 1165 599 irrita
1194 554 1398 600 nostrae
1415 587 1430 613 ‚

1998 564 2022 605 GV!

335 630 554 712 Alpinis
578 631 788 711 juvenis
814 633 1037 711 regibus
1069 648 1184 694 orte
1202 681 1217 705 ‚
1250 634 1402 695 fides.

254 732 381 811 Ipse
407 728 556 788 vides
588 744 729 789 certe
758 729 926 807 glacie
958 752 1299 792 concrescere
1325 732 1595 805 Pontium

336 826 461 905 Ipse
487 823 636 884 vides
660 824 841 902 rigido
868 825 1066 885 stantia
1087 826 1213 885 vina
1240 824 1379 903 gelu.

256 922 381 1001 Ipse
411 919 559 979 vides
578 967 593 991 ‚
626 936 846 981 onerata
876 922 1032 982 ferox
1054 937 1118 981 ut
1143 922 1307 981 ducat
1328 924 1491 1003 Iazyx

338 1016 445 1075 Per
468 1016 670 1076 medias
700 1017 828 1076 Istri
854 1016 1097 1099 plaustra
1126 1017 1405 1079 bubulcus
1433 1042 1618 1101 aquas.
1979 1051 2028 1079 ιο

256 1114 514 1196 Adspicis
542 1130 596 1175 et
626 1115 773 1174 mitti
802 1117 906 1176 sub
938 1116 1153 1177 adunco
1183 1117 1356 1176 toxica
1387 1117 1563 1189 serre,

337 1211 417 1268 Et
445 1208 617 1268 telum
647 1233 837 1271 causas
863 1210 1058 1271 mortis
1086 1210 1288 1271 habere
1316 1211 1467 1272 duas

260 1308 446 1389 Atqu-e
476 1308 687 1367 utinam
713 1331 842 1390 pars
872 1310 987 1369 haec
1014 1324 1228 1370 tantum
1257 1325 1499 1393 spectata
1528 1309 1751 1383 suisset,

339 1404 466 1463 Non
493 1404 654 1464 etiam
681 1406 912 1487 proprio
939 1401 1157 1484 cognita
1186 1408 1367 1466 Marte
1396 1407 1533 1467 tibi!

262 1501 514 1563 Tenditis
541 1503 611 1563 ad
639 1503 879 1586 primum
902 1526 1004 1586 per
1035 1504 1200 1564 densa
1228 1503 1468 1587 pericula
1493 1503 1707 1588 'pilum3
1986 1523 2033 1564 15

342 1599 598 1676 Contigit
629 1623 692 1660 ex
720 1601 916 1660 merito
947 1601 1042 1684 qui
1070 1601 1175 1661 tibi
1199 1625 1377 1684 nuper
1403 1601 1603 1662 honos.

265 1695 350 1755 Sit
378 1695 505 1757 licet
528 1696 617 1756 hic
647 1695 843 1756 titulus
865 1696 1050 1782 plenis
1076 1697 1180 1757 tibi
1205 1697 1479 1759 fructibus
1503 1698 1698 1776 ingens
1714 1744 1730 1771 ,

345 1794 474 1874 Ipsa
503 1809 682 1853 tamen
707 1793 880 1862 virtus
909 1794 1100 1855 ordine
1126 1795 1296 1876 major
1326 1809 1456 1855 erat.

268 1892 397 1949 Non
426 1907 590 1969 negat
616 1891 724 1952 hoc
745 1895 918 1964 ister,
951 1893 1106 1974 cujus
1126 1893 1469 1954 tuadextera
1490 1892 1778 1975 *quondam

208 2037 220 2051 '²
268 2033 340 2076 tic.
361 2033 597 2088 Epistulam
613 2033 726 2077 hanc
737 2033 931 2079 inscribit
942 2034 1120 2091 (Vestali

266 2109 380 2152 prop.
402 2097 485 2141 hoc
502 2107 565 2141 est
578 2115 656 2153 pro
670 2089 857 2153 proest'de.
878 2099 1042 2142 HEINS.
1061 2123 1114 2131 -—

271 2166 462 2206 Proesens
487 2163 672 2218 praefero
689 2197 699 2217 ,
733 2164 832 2219 quia
853 2163 936 2207 hoc
962 2164 1115 2208 melius

275 2237 328 2287 τῷ
341 2231 528 2283 adspicis
542 2261 552 2281 ,
577 2237 620 2271 et
638 2244 737 2270 mox
755 2232 874 2270 testis
887 2230 1115 2273 convenit:

275 2293 311 2335 si
331 2291 384 2334 de
405 2300 526 2347 parte
547 2291 687 2349 aliqua
707 2292 1090 2338 administrationis
1104 2327 1116 2349 ,

278 2356 347 2400 cui
362 2356 587 2413 praesectus
602 2366 695 2400 erat
709 2357 893 2401 Vestalis
911 2390 923 2411 ,
943 2368 1091 2415 ageret
1105 2392 1117 2414 ,

271 2439 427 2478 proeses
448 2432 590 2479 posset
611 2422 783 2466 admitti
800 2442 811 2475 3
844 2424 919 2467 sed
938 2424 1007 2468 hic
1027 2424 1120 2480 ejus

279 2487 580 2531 testimonium
599 2497 771 2531 tantum
788 2488 972 2532 invocat.

337 2558 373 2597 5.
387 2555 576 2598 Accedet
586 2558 685 2597 voci
691 2564 852 2598 nostroe.
872 2554 1034 2598 Veniet
1045 2571 1122 2598 no·

279 2621 376 2664 stris
391 2620 531 2663 verbis
544 2653 555 2673 ‚
573 2620 727 2677 quibus
742 2620 882 2676 questi
900 2637 1048 2664 sumus
1066 2620 1120 2663 de

278 2686 382 2730 locis
399 2685 601 2729 Ponticis.
612 2687 762 2730 —Non
777 2690 897 2729 irrita
896 2689 1024 2742 fides.
1046 2686 1124 2729 Fi-

285 2751 362 2795 des
390 2758 479 2794 non
506 2767 642 2806 vana,
671 2751 747 2795 sed
767 2769 880 2795 vera.
902 2777 956 2800 ’-
973 2754 1058 2796 Per
1069 2762 1122 2797 te.

284 2818 384 2859 Tuo
408 2817 670 2860 testimonio.

339 2882 378 2924 6.
400 2883 572 2936 Alpinis
585 2884 759 2935 regibus.
777 2881 818 2924 A
834 2878 1126 2937 regibus'Cot

287 2948 367 2991 tiis.
370 2948 607 2990 -Juoenisn
627 2946 670 2990 O
687 2947 882 2990 Vestalis.

346 3031 381 3068 7.
411 3015 562 3056 Glacz'e
589 3028 859 3056 concrescere.
885 3007 1007 3055 Vide
1038 2990 1127 3056 haec

272 3078 274 3081 ”
287 3090 330 3124 et
343 3078 566 3137 sequentia
574 3080 860 3123 illustrantem
876 3081 1129 3125 Pontanum

291 3144 344 3186 ad
361 3145 552 3187 Macrob.
569 3144 638 3186 lib.
663 3145 750 3187 VII
780 3145 956 3188 Saturn.
984 3161 1043 3186 12.

346 3211 384 3251 8.
411 3211 560 3250 Gelz‘d'o
579 3213 738 3252 stantia
755 3214 866 3253 vina.
883 3211 1001 3252 Vina
1023 3217 1130 3253 con-

293 3271 428 3327 gelata
445 3303 455 3324 ,
477 3281 522 3315 et
539 3273 585 3315 in
605 3286 740 3328 un‘am
761 3290 942 3318 massam
960 3271 1131 3319 reflaeta

294 3332 433 3376 nimio
454 3335 564 3391 gelu.

342 3412 393 3458 29:
403 3403 539 3443 Ferox
550 3402 697 3459 Iazyx.
712 3401 854 3446 Fuere
869 3405 1133 3462 I‘azyges‘po-

296 3463 384 3519 puli
406 3463 592 3523 Scythiae
609 3498 621 3519 ,
639 3464 722 3521 'qui
743 3480 915 3523 campos
940 3475 984 3509 et
1007 3467 1134 3523 pl'ana

1193 2031 1735 2079 tenuere—*Iambascribe
1746 2036 1894 2093 Iazyx.
1905 2029 2036 2091 ἰάζυξ,

1135 2150 1139 2154 .
1193 2094 1376 2154 ἰάζυγος;
1408 2107 1457 2142 ut
1481 2093 1624 2155 ἰάπυξ,
1647 2094 1802 2155 iaia-nyes-
1818 2132 1829 2154 ,
1856 2103 2040 2156 Iazygas

1197 2163 1296 2207 alibi
1327 2174 1448 2208 vocat
1481 2180 1573 2207 non
1604 2179 1695 2207 uno
1725 2164 1821 2208 loco
1856 2165 2038 2218 Noster;

1197 2237 1313 2271 certe
1342 2229 1664 2286 Rottendorph.
1695 2230 1820 2272 Iazix
1841 2246 1854 2272 .·
1878 2246 2043 2285 praece-

1198 2293 1321 2336 denti
1334 2309 1462 2337 versu
1477 2327 1489 2349 ‚
1510 2310 1590 2351 pro
1610 2299 1734 2347 vina,
1759 2294 1882 2338 Petri
1902 2294 2043 2338 Servii

1198 2358 1333 2402 codex
1351 2367 1501 2402 musta.
1531 2360 1699 2404 Hnms.

1260 2441 1322 2466 12.
1342 2426 1468 2467 Duas
1489 2440 1645 2467 causas
1669 2428 1823 2467 mortis.
1856 2425 2043 2470 Ferrum

1200 2488 1358 2533 scilicet
1379 2489 1542 2546 sagittae
1556 2522 1568 2545 ,
1593 2498 1636 2533 et
1652 2505 1888 2532 venenum.

1262 2558 1324 2597 15.
1352 2555 1551 2598 Tenddis.
1573 2556 1661 2598 Vos
1678 2554 1834 2598 milites
1853 2552 2044 2597 Romani

1202 2618 1452 2675 pervenitis,
1470 2628 1515 2662 et
1527 2628 1575 2663 tu
1589 2617 2043 2676 praesertim‚Vestalis.

1203 2684 1336 2728 -Ad
1345 2690 1524 2740 primum
1533 2688 1682 2740 pilum.
1710 2684 1781 2728 Ad
1803 2682 2042 2741 primipila-

1204 2766 1302 2792 rem
1321 2749 1589 2806 dignitatem.
1610 2773 1663 2783 —
1679 2751 1763 2792 Per
1778 2752 1910 2792 densa
1929 2751 2045 2802 peri-

1205 2818 1317 2857 cula.
1326 2816 1413 2858 Per
1421 2814 1556 2858 multa
1570 2824 1615 2859 et
1625 2814 1774 2858 crebra
1787 2812 2046 2855 discrimina.

1207 2882 1302 2925 Pro
1305 2874 1494 2936 pericbla
1503 2915 1515 2931 ‚
1534 2881 1606 2924 Re
1609 2880 1648 2937 gi
1654 2894 1701 2923 us
1707 2899 1710 2902 ·
1714 2882 1901 2933 piacula.

1267 2947 1328 2988 16.
1341 2948 1533 3000 Contigit.
1544 2945 1765 2989 Ordo-est:
1782 2943 1876 2999 Qui
1888 2943 2046 2998 honor,

1207 3009 1291 3052 hoc
1305 3018 1394 3064 est,
1416 3025 1511 3065 quae
1526 3008 1710 3064 dignitas
1721 3041 1732 3062 ,
1746 3006 2020 3064 primipilaris
2035 3038 2047 3060 ,

1208 3091 1350 3132 nuper
1370 3077 1551 3133 contigit
1572 3075 1649 3119 tibi
1666 3087 1726 3118 tex
1743 3075 1915 3118 merito.

1270 3142 1799 3200 17.S1'lplemssruct1bus.
1824 3141 1891 3185 Sit
1910 3141 2052 3183 hono-

1210 3208 1330 3272 rifica
1354 3218 1397 3252 et
1420 3208 1463 3251 fr
1456 3218 1654 3253 ·uctuosa.

1271 3276 1330 3317 18.
1354 3274 1599 3329 fflajorerlt.
1619 3272 1800 3317 Mallem
1817 3289 1917 3317 cum
1938 3271 2052 3314 duo-

1201 3339 1291 3383 bus
1309 3337 1526 3383 codicibus
1545 3348 1588 3382 et
1608 3356 1672 3396 pr.
1691 3339 1794 3382 edit.
1813 3346 1914 3381 erat.
1935 3336 1993 3378 H.

1275 3424 1334 3465 19.
1355 3407 1450 3450 Non
1463 3412 1588 3462 'negat
1602 3409 1680 3448 hoc
1695 3405 1816 3451 Leter.
1831 3402 1971 3447 Testis
1988 3409 2051 3444 est

1207 3471 1328 3514 'Ister
1349 3471 1518 3514 virtutis
1536 3479 1647 3525 tuae,
1671 3469 1743 3526 q'ui
1762 3477 1803 3512 te
1822 3468 1867 3510 in
1883 3467 1976 3523 ejus
1995 3467 2051 3509 ri-
