2280 3776
278 307 376 366 192

734 293 798 346 P.
846 292 1140 349 OVIDII
1179 288 1553 348 NASONIS

266 406 523 468 Protinus
551 402 845 468 excolimur
870 409 1070 481 teneri,
1107 396 1340 492 curaque
1370 407 1611 491 parentis
1629 425 1649 482 ‚'
1974 421 2023 463 15

343 505 492 563 Imus
520 503 586 564 ad
615 503 856 580 insignes
884 503 1037 563 urbis
1066 503 1133 563 ab
1163 520 1275 564 arte
1305 505 1466 564 viros.

262 599 454 657 Frater
477 598 543 658 ad
572 597 848 679 eloquium
879 600 1037 659 viridi
1068 601 1328 661 tendebat
1353 600 1422 659 ab
1452 623 1590 675 aem,

342 694 527 752 Fortia
554 694 771 753 verbosi
801 709 962 756 natus
989 695 1057 755 ad
1086 719 1231 756 arma
1260 696 1382 755 fori.

261 789 337 847 At
362 788 496 847 mihi
517 790 626 869 jam
653 813 824 871 puero
857 790 1084 852 caelestia
1109 815 1256 852 sacra
1284 790 1602 874 placebant,

340 888 515 967 Inque
546 910 705 946 suum
734 887 922 949 furtim
948 890 1112 949 Musa
1141 889 1393 949 trahebat
1423 912 1582 972 opus,
1970 912 2024 942 2⁰

262 982 414 1064 Saepe
442 997 596 1064 pater
626 983 763 1043 dixit
788 1009 800 1043 :
826 985 1069 1044 studium
1097 986 1231 1067 quid
1259 985 1452 1045 inutile
1480 984 1695 1045 tentas?

342 1079 644 1139 Maeonides
674 1079 854 1141 nullas
879 1080 998 1162 ipse
1024 1080 1247 1163 reliquit
1275 1105 1421 1163 opes.
1454 1070 1458 1071 ⁷

260 1179 457 1237 Motus
485 1201 626 1238 eram
658 1178 845 1250 dictis,
880 1192 1107 1261 totoque
1135 1178 1400 1238 Helicone
1428 1177 1619 1238 relicto
1636 1223 1652 1249 ‚

344 1274 591 1334 Scribere
619 1274 857 1334 conabar
883 1275 1046 1334 verba
1079 1273 1257 1334 soluta
1283 1272 1461 1334 modis
1480 1286 1514 1331 τ’·

263 1368 471 1448 Sponte
501 1391 594 1426 sua
626 1390 838 1426 carmen
867 1391 1122 1427 numeros
1150 1367 1402 1427 veniebat
1425 1366 1493 1426 ad
1518 1380 1704 1448 aptos;
1971 1378 2024 1421 25

343 1463 416 1520 Et
433 1509 447 1532 ‚
479 1461 624 1542 quod
659 1461 932 1520 tentabam
956 1461 1129 1520 dicere
1148 1506 1163 1532 ‚
1194 1484 1382 1520 versus
1409 1475 1540 1520 erat.

263 1558 501 1627 Interea,
532 1556 697 1615 tacito
726 1580 893 1638 passu
922 1555 1237 1617 labentibus
1264 1557 1454 1628 anniS‚

341 1655 595 1714 Liberior
621 1655 773 1714 fratri
801 1669 977 1714 sumta
1005 1654 1254 1737 mihique
1282 1669 1411 1733 toga
1436 1669 1546 1725 est;

261 1751 626 1834 Induiturque
660 1752 900 1811 humeris
933 1771 1056 1811 cum
1083 1750 1196 1811 lato
1225 1773 1470 1833 purpura
1497 1749 1644 1810 clavo
1669 1773 1684 1823 ;

342 1852 417 1909 Et
444 1851 686 1910 studium
712 1850 876 1910 nobis
893 1897 907 1922 ‚
943 1849 1095 1932 quod
1121 1849 1230 1909 fuit
1259 1863 1382 1909 ante
1401 1897 1416 1922 ‚
1444 1863 1640 1908 manet.
1971 1864 2026 1906 30

262 1948 493 2030 Jamque
522 1949 706 2007 decem
732 1947 852 2007 vitae
877 1947 1043 2007 frater
1068 1948 1428 2026 geminaverat
1458 1970 1663 2020 11111105,

346 2044 536 2122 Quum
564 2042 707 2125 perit
726 2089 740 2115 ,
777 2057 832 2102 et
860 2042 1000 2125 coepi
1027 2057 1179 2125 parte
1209 2065 1386 2103 carere
1412 2042 1535 2102 mei.

322 2171 383 2215 16.
405 2171 474 2214 Ab
490 2178 578 2214 arte
594 2175 716 2214 viros.
733 2171 927 2228 Insignes
947 2171 998 2213 ab
1013 2180 1104 2214 arte

263 2236 421 2292 accipio
439 2252 535 2290 eos,
558 2236 630 2292 qui
652 2236 812 2278 artibus
833 2235 1105 2293 quibuscum-

267 2317 350 2357 que
373 2301 575 2344 docendis
593 2333 603 2353 ,
629 2299 814 2357 insignes
837 2316 888 2343 ac
916 2301 1103 2344 celebres

264 2376 361 2410 tum
379 2367 516 2409 fuere.
539 2366 711 2409 MICYL.

323 2433 385 2476 18.
412 2435 555 2475 Fortia
587 2435 760 2476 verbosi.
795 2433 941 2476 Fortia
973 2433 1103 2475 verba

262 2505 385 2541 vocat
398 2530 409 2551 ,
426 2506 649 2540 oratorum
665 2497 882 2540 orationes
896 2530 907 2551 ,
927 2505 1104 2553 propter

263 2577 480 2605 summam
495 2561 752 2618 eloquentiae
767 2561 856 2603 vim
872 2594 883 2615 ‚
900 2577 994 2617 quae
1009 2561 1104 2603 ani-

263 2643 359 2670 mos
381 2642 467 2682 quo
486 2626 577 2668 vult
597 2625 794 2680 adducit,
814 2635 859 2670 et
877 2627 994 2670 unde
1011 2625 1103 2669 vult

267 2682 452 2733 deducit.

323 2771 384 2812 19·
409 2757 598 2797 Caelestia
618 2770 754 2797 sacra.
777 2754 934 2797 Poesin
962 2753 1101 2796 intel-

264 2818 367 2875 ligit.
390 2814 520 2860 Mmt.
533 2842 586 2850 —
599 2819 668 2860 An
687 2822 918 2862 Permessia
936 2834 1060 2861 sacra
1075 2820 1100 2861 ?

264 2883 347 2925 tale
372 2883 474 2939 quid
495 2884 610 2925 latet.
633 2884 692 2926 H.

319 2964 384 2990 20.
401 2949 528 3003 Inque
545 2963 661 2989 suum
668 2948 832 3002 furtim.
849 2948 968 3003 Quia
980 2955 1102 3002 pater

265 3012 360 3055 fieri
378 3028 448 3055 me
468 3020 643 3068 poetam
664 3012 838 3055 nolebat
859 3029 868 3055 :
890 3012 1033 3068 itaque
1050 3026 1100 3054 eo

262 3075 396 3120 inscio
413 3076 658 3120 factitabant
679 3076 919 3120 versiculos.
941 3077 990 3119 P.

317 3158 384 3183 22.
404 3144 648 3185 Moeomdes.
668 3142 901 3185 Homerus.

321 3207 384 3248 26.
415 3210 475 3249 Et
492 3241 504 3262 ,
539 3210 653 3263 quod
676 3212 886 3252 tentabam
912 3209 1099 3251 scribere.

265 3269 441 3313 Rectius
463 3272 637 3327 plurimi
658 3289 709 3315 ex
729 3273 913 3328 antiquis
937 3275 1099 3325 dicerffi·

263 3348 366 3377 nam
387 3340 561 3377 scribere
578 3338 799 3392 praecessit.
821 3339 880 3380 H.
900 3361 954 3369 —-
983 3338 1108 3391 Quod

264 3404 448 3445 conabar
464 3401 598 3444 Bern.
621 3403 773 3447 melius
795 3412 1007 3447 nostrum.

1237 2172 1302 2214 28.
1322 2173 1511 2214 Liberior
1530 2176 1640 2226 loga.
1662 2169 1828 2226 Togam
1854 2168 2024 2213 virilem

1185 2233 1395 2290 designat,
1411 2249 1541 2290 quam
1555 2233 1719 2276 nobiles
1734 2233 2023 2294 adolescentes

1184 2300 1298 2356 apud
1331 2301 1550 2343 Romanos
1580 2299 1808 2343 sumebant
1837 2299 1882 2341 in
1909 2298 2023 2342 festo

1183 2364 1327 2408 Liberi
1345 2365 1475 2422 patris
1487 2397 1499 2419 ,
1527 2365 1576 2408 16
1591 2363 1778 2408 Kalend.
1798 2363 1935 2420 April.
1951 2363 2023 2407 de-

1182 2431 1318 2487 posita
1337 2439 1553 2487 praetexta.
2058 2446 2061 2449 ⁴

1237 2511 1303 2554 29.
1314 2496 1577 2551 Induiturque
1590 2498 1777 2539 humente.
1794 2496 1866 2540 Pr.
1880 2495 2019 2540 Vatic.

1184 2562 1363 2606 Junian.
1383 2570 1427 2606 et
1447 2561 1536 2604 duo
1556 2562 1625 2605 alii
1645 2578 1746 2606 cum
1765 2562 1909 2619 priscis
1925 2561 2021 2604 edi-

1182 2627 1370 2671 tionibus
1381 2661 1393 2682 ,
1413 2631 1631 2680 humeros‚·
1649 2628 1766 2684 quod
1783 2627 1890 2671 mihi
1907 2626 2019 2670 reli-

1186 2690 1304 2747 gioni
1324 2691 1410 2735 fuit
1429 2707 1519 2735 non
1540 2706 1719 2735 movere
1737 2707 1747 2735 :
1764 2692 1823 2734 sic
1841 2700 1886 2733 et
1907 2691 2019 2733 Met.

1182 2756 1274 2810 lx,
1294 2773 1352 2800 vs.
1379 2758 1479 2809 158,
1509 2757 1555 2798 in
1581 2754 1801 2798 nonnullis
1827 2754 2018 2810 scriptis:

1183 2837 1205 2857 «
1221 2819 1511 2875 Induiturque
1525 2818 1731 2861 humeros
1748 2818 1939 2861 Lernaeae
1953 2818 2020 2858 vi—

1180 2901 1254 2928 rus
1265 2884 1510 2928 Echidnae.»
1522 2883 1636 2926 H.—
1641 2885 1740 2927 Cum
1747 2886 1834 2925 lato
1836 2897 2020 2936 purpura

1180 2952 1311 2991 clavo.
1327 2948 1436 2990 Lato
1449 2948 1567 2990 clavo
1581 2947 1815 2990 utebantur
1832 2953 1876 2988 et
1890 2945 2019 2988 nobi-

1178 3013 1303 3055 liores
1323 3020 1366 3054 et
1383 3019 1601 3054 senatores
1614 3044 1626 3065 ,
1646 3011 1719 3066 qui
1740 3011 1791 3053 ab
1811 3025 1865 3052 eo
1882 3011 2016 3052 Late·—

1180 3080 1292 3119 clavi
1301 3075 1634 3132 adpellabantur.
1655 3073 1843 3119 Martial.
1863 3074 1933 3117 lib.
1956 3073 2014 3128 V,

1180 3142 1327 3198 Epigr.
1342 3155 1455 3197 xvn,
1465 3159 1524 3186 vs.
1538 3143 1562 3185 3
1575 3159 1644 3198 sq:
1665 3160 1687 3180 «
1701 3142 1824 3184 Dum
1837 3150 1879 3183 te
1893 3156 2015 3196 posse

1180 3222 1309 3262 negas
1326 3239 1338 3260 ,
1363 3207 1444 3249 nisi
1465 3206 1571 3261 lato,
1594 3206 1733 3250 Gellia
1747 3238 1759 3261 ,
1780 3206 1899 3249 clavo
1918 3205 2015 3248 Nu-

1178 3273 1280 3315 bere
1297 3291 1306 3325 ;
1329 3274 1533 3330 nupsisti,
1557 3273 1694 3316 Gellia
1709 3306 1720 3327 ‚
1739 3270 1940 3315 cistifero.
1961 3288 1982 3306 »

1233 3339 1297 3379 31.
1325 3340 1500 3394 Jamque
1523 3340 1661 3380 decem
1689 3346 1767 3380 etc.
1800 3337 1902 3378 Jam
1925 3350 2012 3377 an·-

1178 3418 1287 3445 num
1307 3403 1560 3460 vigesimum
1583 3402 1881 3457 compleverat.
1907 3399 1956 3442 P.
