2268 3848
326 264 400 332 64
776 266 840 319 P.
895 266 1199 323 ov1D11
1254 265 1631 324 NASONIS
1713 316 1724 323 ,

331 381 444 440 Cur
469 378 679 462 aliquid
708 379 861 440 vidi?
889 405 985 440 cur
1010 382 1171 441 noxia
1194 381 1401 443 lumina
1426 384 1573 444 feci?

411 476 524 535 Cur
548 475 882 557 imprudenti
912 476 1129 554 cognita
1160 477 1318 560 culpa
1346 479 1521 539 mihi?

325 574 536 638 Inscius
565 573 792 632 Actaeon
819 573 957 634 vidit
983 574 1096 634 sine
1126 580 1271 634 veste
1301 576 1532 636 Dianam
1559 602 1571 636 ε
2012 595 2085 636 105

361 708 363 710 -
405 668 593 728 Praeda
619 668 724 729 fuit
755 669 981 729 canibus
1009 694 1123 729 non
1150 670 1330 730 minus
1356 670 1447 730 ille
1478 672 1607 731 suis.

325 764 543 824 Scilicet
571 764 630 823 in
658 765 883 846 Superis
915 765 1073 822 etiam
1106 765 1328 823 fortuna
1356 764 1556 826 luenda
1585 781 1700 843 est3

405 862 520 919 Nec
549 858 762 918 veniam
780 905 794 930 ‚
824 858 952 918 laeso
985 858 1208 918 numine
1232 904 1246 930 ‚
1281 882 1434 918 casus
1462 859 1646 919 habet.

325 956 426 1017 Illa
451 979 685 1039 namque
718 956 828 1028 die,
864 979 970 1038 qua
1000 979 1084 1015 me
1117 954 1291 1015 malus
1317 955 1546 1015 abstulit
1575 981 1755 1029 error,

410 1056 579 1114 Parva
610 1054 830 1137 quidem
861 1053 1049 1137 periit,
1080 1053 1175 1113 sed
1207 1053 1323 1114 sine
1351 1052 1504 1125 labe,
1534 1044 1746 1115 doinus..
2016 1088 2091 1116 110

328 1149 417 1209 Sic
449 1173 669 1232 quoque
696 1173 859 1232 parva
890 1163 1101 1220 tamen,
1131 1149 1310 1231 patrio
1341 1149 1552 1210 dicatur
1580 1166 1642 1210 ut
1670 1175 1781 1211 aevo

409 1243 592 1315 Clara,
622 1266 722 1304 nec
749 1242 916 1304 ullius
942 1242 1229 1304 nobilitate
1258 1243 1436 1304 minor
1458 1268 1471 1316 ;

329 1345 403 1402 Et
430 1365 609 1424 neque
640 1340 866 1412 divitiis,
902 1365 1000 1401 nec
1028 1354 1346 1423 paupertate
1375 1339 1617 1400 notanda
1643 1364 1656 1399 :

406 1437 568 1497 Unde
595 1436 658 1495 fit
688 1435 745 1495 in
774 1431 1029 1496 neutrum
1063 1437 1481 1519 conspiciendus
1507 1460 1689 1520 eques.

328 1535 411 1595 Sit
440 1557 657 1615 quoque
688 1546 877 1592 nostra
908 1532 1101 1592 domus
1120 1579 1134 1605 ‚
1163 1533 1246 1592 vel
1274 1557 1437 1594 censu
1471 1559 1655 1617 parva,
1688 1533 1771 1594 vel
1804 1549 1961 1606 ortu3
2011 1552 2085 1591 115

404 1631 632 1711 Ingenio
661 1645 804 1690 certe
833 1654 947 1689 non
974 1630 1105 1691 latet
1131 1629 1222 1690 illa
1255 1653 1394 1690 meo.

324 1731 454 1810 Quo
481 1729 662 1796 videar
694 1727 938 1809 quamvis
963 1726 1192 1786 nimium
1217 1725 1523 1807 juveniliter
1549 1753 1712 1799 usus;

412 1823 630 1884 Grande
660 1838 837 1883 tamen
866 1837 986 1882 toto
1016 1846 1215 1882 nomen
1245 1819 1313 1882 ab
1347 1822 1479 1882 orbe
1505 1821 1636 1882 fero.

323 1921 620 2002 Turbaque
656 1919 944 1979 doctorum
972 1921 1244 1979 Nasonem
1272 1919 1429 1978 novit
1447 1966 1461 1990 ‚
1494 1933 1546 1979 et
1568 1918 1729 1979 audet

409 2021 539 2097 Non
566 2016 827 2077 fastiditis
854 2016 1206 2075 adnumerare
1231 2016 1375 2075 viris.
2015 2044 2090 2072 120

329 2113 552 2175 Corruit
579 2114 693 2173 haec
716 2113 885 2190 igitur
913 2112 1094 2173 Musis
1124 2128 1366 2195 accepta,
1400 2112 1503 2174 sub
1532 2136 1670 2185 un0‚
1893 2110 1897 2114 ’

411 2211 520 2271 Sed
548 2234 662 2270 non
689 2209 916 2287 exiguo,
949 2209 1173 2269 erimine
1195 2208 1347 2291 lapsa
1377 2209 1572 2269 domus
1597 2234 1609 2267 ε

384 2350 473 2394 103.
507 2351 592 2392 Cur
615 2351 779 2404 aliquid
801 2349 928 2392 vidi?
954 2347 1021 2389 De
1042 2363 1167 2389 causa

324 2412 598 2471 relegationis
611 2411 759 2456 Ovidii
772 2411 898 2454 multi
915 2411 1051 2454 multa
1064 2410 1167 2454 scri-

326 2495 448 2537 psere
464 2495 475 2530 3
497 2477 541 2520 in
557 2479 710 2534 quibus
725 2492 816 2519 non
832 2476 973 2530 deest,
990 2476 1060 2531 qui
1076 2491 1170 2518 cre-

328 2547 401 2589 dat
430 2560 533 2588 eum
559 2544 710 2587 vidisse
742 2542 926 2600 Augusti
956 2542 1168 2585 incestum

324 2626 427 2654 cum
440 2610 526 2653 filia
537 2609 567 2651 J
571 2608 666 2650 ulia.
675 2609 731 2650 Et
741 2607 930 2651 crebrius
942 2616 986 2649 et
1001 2607 1169 2662 gravius

322 2678 438 2720 'hanc
448 2690 603 2719 noxam
617 2673 827 2729 deplorat,
842 2689 971 2728 quam
983 2673 1096 2715 illam
1113 2673 1168 2716 al-

327 2750 466 2783 teram
480 2771 491 2793 ,
504 2738 573 2781 eui
586 2736 775 2780 stultitiae
794 2752 958 2778 nomen
971 2735 1168 2791 imponit.

384 2804 473 2856 104.
496 2804 581 2846 Cur
596 2804 846 2856 imprudenti
863 2804 1031 2855 cognita
1047 2803 1170 2854 culpa

328 2870 517 2910 mihiest.
533 2868 709 2920 Cognita
721 2881 852 2908 causa
867 2873 1030 2907 veteres
1048 2873 1165 2917 octo,

328 2942 378 2976 ut
391 2930 588 2988 cognitor
599 2931 644 2972 in
658 2946 782 2973 causa
801 2930 939 2984 aliqua
957 2929 1085 2971 fuisse
1101 2929 1167 2970 vi-

327 2998 484 3040 deatur
497 3028 509 3050 ,
531 3004 575 3038 et
590 2994 674 3037 hoc
685 2995 814 3037 etiam
829 2994 1007 3036 nomine
1022 2992 1169 3035 offen-

329 3065 441 3107 derit
460 3063 729 3119 Augustum;
751 3062 864 3104 Fast.
880 3061 937 3115 V,
955 3078 977 3103 2
994 3076 1004 3102 t
1022 3078 1043 3097 ιι
1066 3061 1168 3103 Non

331 3129 430 3171 satis
444 3137 506 3171 est
518 3126 681 3182 liquido
694 3125 864 3182 cognita
878 3140 1001 3167 causa
1013 3123 1132 3166 mihi.
1146 3141 1167 3160 »

390 3194 477 3234 105.
497 3194 661 3234 Inscius
686 3190 887 3242 Actoeon‚·
921 3188 1035 3231 conf.
1059 3188 1167 3230 Met.

331 3258 400 3301 III
420 3289 431 3310 ,
453 3273 560 3300 vers.
587 3259 661 3313 175
680 3272 772 3312 sqq.

390 3321 477 3364 106.
498 3322 594 3365 Non
613 3325 758 3363 minus.
777 3322 891 3364 Puto
910 3337 1004 3363 num
1021 3323 1168 3362 minus.

388 3399 476 3442 109.
510 3386 594 3426 Illa
619 3392 760 3427 nostra
788 3387 866 3427 die.
890 3386 1075 3440 Namque
1104 3387 1171 3426 die

1249 2347 1404 2401 multi,
1436 2355 1480 2390 et
1506 2345 1691 2390 rectius:
1727 2344 1927 2388 nonnulli
1957 2345 2089 2387 etiam

1247 2428 1358 2455 meus
1375 2428 1496 2454 error.
1516 2411 1679 2454 Hltms.

1298 2492 1313 2517 1
1327 2493 1340 2517 1
1350 2476 1590 2518 3.Notanda
1601 2478 1737 2518 est-Tb
1753 2484 1817 2518 est
1828 2491 1883 2531 pu
1891 2484 1933 2518 to
1947 2473 2091 2516 delen·

1250 2538 1358 2581 dum
1387 2555 1488 2582 cum
1511 2538 1657 2581 multis
1679 2548 1877 2581 veterum
1899 2554 1909 2581 :
1930 2536 2088 2580 deinde

1249 2619 1329 2661 pro
1345 2608 1406 2647 sit
1421 2603 1597 2660 quidam
1601 2606 1674 2659 fit.
1695 2604 1860 2649 Hnms.

1308 2685 1324 2711 1
1336 2671 1396 2724 14.
1426 2670 1546 2712 Unde
1562 2674 1622 2711 sit
1638 2672 1682 2711 in
1708 2676 1891 2710 neutrum
1915 2670 2090 2720 conspi-

1248 2737 1418 2777 ciendus
1429 2748 1561 2789 eques.
1574 2732 1742 2775 Auctor
1752 2730 1849 2774 vitae
1857 2731 2090 2787 Pomponii

1254 2799 1382 2843 Attici
1398 2815 1407 2842 ε
1427 2817 1448 2836 «
1465 2797 1667 2855 Supellex
1684 2797 1852 2840 modica
1872 2813 1962 2839 non
1974 2797 2090 2839 mul-

1250 2873 1292 2907 ta
1313 2897 1325 2919 ,
1354 2873 1403 2907 ut
1422 2864 1466 2906 in
1490 2871 1691 2906 neutram
1713 2871 1881 2919 partem
1903 2861 2089 2919 conspici

1249 2937 1402 2986 posset.
1419 2946 1440 2966 »
1461 2929 1628 2971 Hmns.

1307 3014 1324 3040 1
1336 2999 1396 3040 15.
1415 2994 1724 3039 Velcensu.Vel
1735 2993 1935 3037 fortunis.
1949 2993 2090 3049 Eque·

1248 3061 1345 3106 stris
1363 3077 1515 3104 census
1536 3069 1628 3103 erat
1647 3092 1658 3114 ,
1684 3059 1998 3115 quadringenta
2020 3075 2090 3101 se·-

1249 3126 1418 3179 stertia,
1440 3124 1523 3167 hoc
1543 3133 1632 3177 est,
1656 3123 1807 3166 decem
1830 3122 1962 3165 millia
1981 3122 2090 3165 Phi—

1250 3190 1508 3247 lippeorum;
1517 3188 1645 3240 hodie
1658 3189 1726 3242 35,
1731 3203 1813 3230 ooo
1821 3186 2086 3230 francorum.

1309 3272 1397 3298 122.
1431 3256 1518 3297 Sed
1543 3270 1624 3296 non
1656 3257 1816 3307 exiguo.
1843 3253 1928 3294 Sed
1952 3258 2088 3294 lamen

1250 3319 1376 3374 prim.
1399 3318 1532 3361 Palat.
1554 3326 1599 3360 et
1617 3317 1704 3360 duo
1724 3315 1805 3360 alii.
1833 3315 1973 3371 Lege,
2002 3317 2087 3358 Nec

1249 3391 1399 3428 tamen.
1422 3383 1586 3427 HRINS.
