2280 3776
462 278 574 334 EX
615 276 918 333 PONTO
957 277 1122 332 LIB.
1167 277 1258 332 ΙΙ.
1302 275 1582 331 EPIST.
1626 278 1779 334 VII.

1889 279 1998 354 349

310 395 439 456 Non
466 394 674 478 patitur
701 392 836 455 verti
863 392 1130 453 barbarus
1156 392 1333 453 hostis
1360 392 1606 453 humum.
1945 423 1999 469 7⁰

231 489 517 573 Temperie
547 487 660 550 caeli
689 510 1000 570 corpusque
1029 487 1349 570 animusque
1376 487 1636 569 juvantur
1660 510 1672 546 :

315 587 540 666 Frigore
569 600 836 670 perpetuo
867 584 1126 646 Sarmatis
1158 607 1253 644 ora
1279 585 1439 664 riget.

235 686 336 746 Est
364 685 421 745 in
449 707 588 768 aqua
619 683 764 744 dulci
795 707 908 743 non
939 668 1209 743 invidiosa
1236 680 1522 766 voluptas:

315 781 597 863 AEquoreo
623 780 837 841 bibitur
867 803 989 840 cum
1021 777 1128 840 sale
1158 777 1321 838 mista
1348 777 1522 860 palus.

239 876 439 937 Omnia
469 875 759 949 deficiunt3
792 875 1004 937 animus
1039 890 1218 935 tamen
1248 874 1429 935 omnia
1456 873 1660 934 vincit:
1956 890 2010 946 75

317 971 418 1034 Ille
448 973 604 1035 etiam
634 973 774 1035 vires
806 997 1008 1058 corpus
1036 971 1236 1033 habere
1263 971 1407 1032 facit.
1540 959 1544 963 ¹

240 1068 525 1130 Sustineas
553 1084 617 1130 ut
644 1093 784 1130 onus
804 1116 819 1142 ‚
851 1069 1137 1130 nitendum
1166 1068 1364 1130 vertice
1391 1066 1553 1151 pleno
1585 1081 1694 1138 est;

317 1167 393 1228 At
419 1166 561 1228 flecti
587 1191 784 1229 nervos
812 1168 856 1228 si
887 1166 1091 1251 patiare
1110 1215 1125 1239 ‚
1156 1166 1326 1228 cadet.

239 1263 378 1346 Spes
408 1286 659 1347 quoque,
689 1286 850 1347 posse
884 1287 1037 1325 mora
1068 1264 1348 1324 mitescere
1378 1261 1643 1345 principis
1669 1261 1833 1332 iram,

324 1359 520 1420 Vivere
549 1382 617 1419 ne
645 1358 816 1419 nolim
847 1358 1234 1442 deficiamque‚
1268 1373 1435 1420 cavet.
1961 1376 2018 1416 8ο

238 1457 353 1516 Nec
384 1479 483 1516 vos
508 1478 673 1539 parva
702 1455 844 1515 datis
874 1456 1036 1539 pauci
1064 1455 1259 1517 solatia
1289 1456 1452 1517 nobis
1470 1502 1485 1526 ‚

327 1551 584 1631 Quorum
613 1565 853 1634 spectata
881 1566 964 1612 est
997 1574 1096 1635 per
1123 1551 1262 1614 mala
1287 1568 1476 1614 nostra
1502 1550 1653 1613 fides.

247 1645 442 1728 Coepta
471 1659 594 1707 tene
612 1692 626 1718 ,
662 1669 881 1728 quaeso3
911 1670 1010 1708 nec
1039 1647 1097 1707 in
1128 1672 1343 1732 aequore
1369 1649 1554 1710 desere
1581 1670 1807 1708 navem:

327 1742 535 1824 Meque
565 1741 728 1803 simul
754 1765 904 1803 serva
923 1789 937 1816 ‚
960 1743 1334 1827 judiciumque
1365 1758 1536 1804 tuum.

246 1895 339 1924 sare
354 1886 547 1937 partam,
566 1890 857 1940 praeterquam
877 1882 922 1925 in
941 1890 1057 1926 terra
1074 1915 1087 1937 ,
1170 1899 1215 1933 se
1255 1882 1469 1939 suscipiat.
1504 1882 1677 1925 an.
1713 1898 1734 1917 «
1769 1878 2014 1923 Nitendum

247 1943 323 1987 ubi
346 1944 576 1989 exsulabat.

1172 1947 1331 1991 vertice
1346 1955 1466 1990 recto
1488 1954 1564 1989 est.
1590 1964 1609 1982 »ο
1640 1947 1800 1988 Vertice
1810 1947 1936 1999 pleno
1958 1953 2024 1988 est

304 2024 366 2066 71.
406 2011 612 2065 Tempm’e
629 2013 728 2054 coeli
740 2024 965 2067 corpusque
986 2015 1092 2054 ani·
1175 2010 1347 2055 Sarrav.
1371 2010 1526 2067 Scalig.
1547 2010 1731 2066 Argent.
1757 2017 1800 2051 et
1815 2017 1914 2052 octo
1930 2008 2018 2060 alii;

251 2075 432 2131 musque.
447 2072 639 2132 Oportet
657 2075 801 2120 locum
814 2075 974 2132 eligere
990 2085 1097 2120 tem-

257 2146 458 2196 peratum
475 2171 487 2194 ,
510 2139 563 2183 ad
585 2140 879 2184 salubritatem
909 2140 1100 2198 corporis

1177 2085 1294 2121 recte
1312 2092 1322 2119 ε
1346 2078 1472 2119 cadet
1492 2075 1621 2118 etiam
1643 2089 1723 2131 pro
1745 2076 1873 2116 cades
1894 2089 2021 2117 versu

1181 2141 1377 2198 proximo
1398 2156 1448 2184 ex
1467 2138 1634 2196 scriptis
1659 2138 1833 2196 plurimi
1852 2157 1863 2191 ;
1885 2148 1929 2182 et
1949 2155 2022 2182 re·

259 2203 628 2261 conservandam,
663 2213 707 2249 et
752 2205 936 2262 proinde
968 2206 1101 2250 etiam
1180 2215 1274 2256 cte;
1295 2205 1349 2248 de
1370 2220 1505 2247 onere
1526 2203 1730 2260 loquitur.
1748 2203 1807 2246 H.

256 2268 431 2312 mentis.

1240 2272 1307 2313 80.
1345 2272 1488 2313 Vivere
1516 2284 1568 2310 ne
1597 2271 1725 2310 nolim
1757 2270 2028 2323 deficiantque

310 2334 375 2392 74.
415 2334 560 2377 Palus.
596 2333 722 2390 Aqua
756 2335 955 2391 palustris
985 2351 995 2379 :
1025 2335 1093 2379 vel
1171 2334 1302 2390 facit.
1325 2334 1454 2376 Caret
1471 2347 1664 2387 repone,
1687 2347 1737 2374 ex
1764 2330 2029 2373 melioribus.

256 2406 357 2456 quae'
390 2396 546 2441 defluit
581 2413 632 2442 ex
671 2398 880 2443 Maeotide
922 2399 1099 2456 palude,

256 2477 391 2519 eaque
411 2461 529 2506 salsa.

317 2530 382 2585 75.
413 2527 596 2571 Animus
614 2535 755 2571 tamen
788 2532 930 2572 omnia
962 2533 1103 2574 vincit.

260 2593 434 2637 Tamen
460 2593 608 2637 omnia
629 2593 719 2637 haec
740 2594 1020 2639 incommoda
1038 2612 1105 2640 su·

185 2656 190 2662 ’
259 2672 367 2714 pero
393 2657 528 2700 animi
547 2657 822 2701 fortitudine.

321 2738 384 2779 77.
401 2720 616 2767 Sustinear
633 2731 682 2766 ut
693 2739 811 2766 onus.
829 2722 1108 2767 Generaliter

261 2794 307 2831 et
320 2796 520 2844 γνωμικῶς
533 2787 697 2832 dictum
715 2797 837 2846 puto,
857 2798 906 2832 ut
919 2790 973 2833 sit
988 2789 1110 2846 quasi

263 2854 462 2912 quaedam
493 2855 627 2899 illatio
655 2855 708 2899 ad
738 2856 959 2913 superiora
975 2889 986 2910 ,
1022 2872 1109 2913 pe-

266 2918 391 2962 rinde
413 2937 460 2964 ac
474 2919 663 2965 sidicat:
683 2938 815 2978 quare
835 2938 969 2978 qutrn
991 2930 1111 2966 tanta

267 2983 380 3027 mala
409 3000 509 3028 mea
533 2986 620 3030 sint
635 3019 646 3040 ,
670 3003 844 3031 necesse
866 2996 929 3030 est
963 2995 1011 3030 ut
1028 2986 1111 3030 sim

271 3056 417 3092 erecto
451 3050 597 3093 animo
633 3067 681 3095 ac
712 3052 817 3095 forti
833 3085 845 3106 ,
882 3061 1113 3109 propterea

271 3113 387 3170 quod
404 3114 597 3170 pondera
613 3148 625 3169 ,
638 3117 726 3160 sive
745 3133 880 3160 onera
893 3116 1037 3174 gravia
1050 3131 1115 3159 su-

272 3178 424 3222 stineri
445 3178 567 3222 aliter
588 3197 680 3224 non
710 3184 902 3239 possint,
926 3179 1058 3238 quam
1078 3182 1114 3226 si

276 3245 370 3302 quis
389 3254 535 3290 erecto
554 3246 715 3293 vertice
735 3249 970 3303 connixus,
991 3263 1043 3291 ea
1068 3247 1114 3290 in

1239 2399 1306 2440 81.
1336 2398 1425 2438 Nec
1446 2410 1521 2439 vos
1533 2411 1669 2450 parva
1686 2397 1813 2437 datis.
1837 2394 2029 2449 Aequic-

1190 2461 1351 2506 scimus
1369 2461 1501 2505 etiam
1514 2493 1527 2514 ,
1551 2461 1713 2518 inquit,
1736 2459 1887 2504 vestris
1905 2459 2029 2503 sola-

1186 2527 1255 2570 tiis
1278 2559 1291 2582 ,
1319 2543 1346 2569 o
1372 2526 1525 2579 amici,
1547 2543 1733 2583 quorum
1762 2524 1957 2583 presidia
1986 2534 2030 2568 et

1188 2591 1322 2635 fidem
1341 2593 1386 2635 in
1406 2591 1528 2634 malis
1547 2592 1655 2636 meis
1674 2601 1719 2635 et
1741 2592 1869 2635 rebus
1890 2590 2031 2634 dubiis

1188 2659 1382 2716 cognovi.

1244 2727 1310 2769 82.
1340 2726 1536 2781 Spectata
1556 2726 1685 2780 fides.
1718 2722 1980 2779 Metapbora
2007 2739 2032 2766 a

1190 2789 1394 2846 metallis,
1414 2806 1510 2847 quae
1530 2791 1702 2847 proprie
1738 2790 1921 2847 spectari
1956 2789 2030 2832 di-

1191 2872 1275 2899 cun
1284 2864 1366 2898 tur.

1247 2921 1313 2963 83.
1339 2921 1430 2965 Nec
1459 2925 1503 2963 in
1532 2935 1689 2975 equore
1707 2922 1846 2963 desere
1872 2934 2031 2962 navem.

1194 2986 1354 3028 Desine
1367 2993 1536 3028 veteres
1560 2993 1758 3040 quatuor.

1250 3051 1314 3105 84.
1343 3051 1644 3105 Iudiciumque.
1685 3047 1804 3103 Quia
1835 3046 2034 3102 judicasti

1196 3131 1268 3158 me
1297 3112 1480 3170 dignum
1502 3114 1632 3156 venia
1647 3146 1660 3167 ,
1686 3121 1759 3155 aut
1780 3112 2035 3156 defensione

1196 3189 1292 3228 tua,
1314 3186 1357 3220 et
1378 3186 1451 3221 tua
1475 3178 1690 3231 amicitia;
1710 3177 1779 3222 vel
1795 3177 1910 3233 quod
1935 3176 2038 3221 Cae-

1199 3262 1269 3290 sar
1288 3244 1399 3289 mihi
1416 3245 1672 3307 ignosceret.
