2268 3848
467 322 935 380 TRISTIUM
984 322 1151 377 LIB.
1203 323 1252 377 1.
1305 322 1557 378 ELEG.
1612 325 1742 378 111.
1926 325 1995 377 23

221 439 374 522 Quid
405 439 633 501 facerem
657 441 680 499 ?
705 437 913 500 blando
946 438 1133 521 patriae
1160 437 1438 499 retinebar
1462 460 1644 500 amore
1670 461 1684 498 :

299 535 507 597 Ultima
539 534 635 597 sed
659 535 820 616 jussae
846 558 960 596 nox
991 548 1104 617 erat
1133 531 1226 595 illa
1255 534 1413 614 sugae.
1943 550 1997 592 50

217 633 341 694 Ah!
373 632 592 716 quoties
622 630 807 714 aliquo
839 630 950 691 dixi
979 644 1336 714 properante,
1368 629 1503 713 quid
1533 630 1739 710 urges?

297 727 400 789 Vel
432 751 544 811 quo
575 726 798 789 festines
828 726 936 799 ire,
968 724 1051 787 vel
1080 726 1260 799 unde,
1285 726 1423 787 vide.

217 824 345 884 Ah!
377 823 597 908 quoties
626 838 823 885 certam
854 846 940 885 me
968 847 1089 885 sum
1120 825 1384 886 mentitus
1411 824 1615 886 habere

298 920 540 994 Horam,
566 919 870 1004 propositae
896 943 1016 1003 quae
1042 919 1190 982 foret
1217 934 1343 1004 apta
1371 920 1483 980 viae.

216 1016 326 1078 Ter
353 1016 520 1078 limen
553 1007 741 1096 tetigi;
773 1031 856 1077 ter
884 1039 1008 1078 sum
1035 1031 1324 1079 revocatus
1350 1042 1363 1077 t
1391 1032 1446 1077 et
1471 1017 1592 1099 ipse
1945 1032 1999 1075 55

297 1114 599 1194 Indulgens
629 1115 810 1176 animo
837 1138 936 1198 pes
964 1113 1101 1175 mihi
1131 1113 1319 1175 tardus
1348 1128 1500 1175 erat:

217 1209 400 1293 Saepe,
426 1210 543 1272 vale
572 1210 722 1272 dicto
741 1257 756 1284 ‚
785 1234 980 1272 rursus
1011 1234 1133 1272 sum
1158 1209 1331 1272 multa
1359 1208 1607 1283 locutus;

296 1309 372 1369 Et
400 1309 556 1394 quasi
580 1308 865 1371 discedens
895 1306 1083 1370 oscula
1111 1331 1322 1370 summa
1351 1307 1511 1370 dedi:

216 1400 370 1486 Saepe
398 1403 585 1466 eadem
611 1403 868 1465 mandata
896 1403 1055 1476 dedi;
1085 1426 1281 1487 meque
1309 1403 1430 1487 ipse
1457 1402 1623 1465 fefelli
1646 1450 1662 1476 ‚

296 1498 620 1583 Respiciens
649 1498 827 1562 oculis
850 1500 1087 1584 pignora
1114 1524 1237 1562 cara
1258 1501 1412 1562 meis.
1938 1518 1995 1561 60

214 1591 487 1676 Denique,
503 1594 637 1678 quid
653 1618 894 1679 propero
910 1597 934 1656 ?
953 1595 1179 1680 Scythia
1195 1611 1295 1669 est,
1312 1620 1425 1680 quo
1441 1595 1728 1668 mittimur,
1743 1595 1965 1679 inquam
1982 1620 1993 1655 :

295 1692 476 1753 Roma
503 1692 864 1778 relinquenda
898 1708 982 1756 est
1007 1718 1019 1754 ε
1051 1709 1294 1778 utraque
1313 1696 1457 1777 justa
1482 1718 1634 1755 mora
1664 1709 1763 1756 est.

213 1786 373 1848 Uxor
400 1787 459 1848 in
481 1803 741 1851 aeternum
770 1790 895 1851 vivo
927 1790 1063 1851 mihi
1090 1792 1211 1852 viva
1237 1806 1494 1870 negatur,

293 1884 368 1943 Et
396 1883 622 1958 domm,
656 1900 711 1946 et
739 1885 860 1946 fidae
893 1884 1073 1947 dulcia
1100 1886 1344 1948 membra
1375 1886 1591 1948 domus.

214 1979 484 2063 Quosque
516 2003 617 2059 ego
645 1980 885 2041 fraterno
918 1981 1083 2043 dilexi
1111 2007 1264 2045 more
1292 1983 1534 2056 sodales,
1938 2001 1994 2044 65

295 2078 348 2139 Ο
379 2077 515 2138 mihi
542 2078 754 2140 Thesea
782 2093 1006 2162 pectora
1032 2081 1216 2162 juncta
1249 2082 1383 2143 fide!

210 2174 360 2236 Dum
390 2173 544 2250 licet,
574 2175 871 2259 amplectar
899 2201 911 2237 ε
944 2202 1230 2262 nunquam
1255 2178 1486 2240 fortasse
1517 2176 1711 2239 licebit

290 2269 586 2354 Amplius:
614 2271 671 2331 in
697 2270 883 2345 lucro,
918 2297 1040 2356 quae
1068 2273 1232 2334 datur
1257 2273 1427 2346 hora,
1454 2274 1592 2334 mihi
1623 2287 1725 2333 est.

211 2363 327 2424 Nec
353 2387 535 2440 mora;
565 2367 831 2428 sermonis
858 2367 1024 2427 verba
1052 2366 1369 2451 imperfecta
1395 2366 1650 2450 relinquo
1676 2414 1692 2440 ‚

217 2498 397 2545 Callisto
405 2498 493 2545 filia
505 2502 718 2562 Lycaonis
729 2504 842 2562 regis
851 2504 1059 2549 Arcadia.

268 2569 334 2627 49.
349 2570 604 2622 Betim-bam
624 2574 828 2626 tangebar
837 2586 963 2614 unus.

271 2635 338 2677 50.
363 2634 524 2689 Ultima
544 2635 772 2688 sedjussae.
794 2634 960 2678 Diebus
979 2634 1065 2679 sci-

212 2695 315 2742 licet
327 2697 478 2756 elapsis
488 2731 500 2753 ,
516 2699 630 2744 intra
645 2715 753 2756 quos
768 2699 874 2742 urbe
888 2699 1063 2743 etItalia

211 2763 353 2820 jussus
367 2780 489 2808 eram
505 2764 724 2809 excedere.
746 2765 840 2822 Qui
858 2765 977 2808 enim
990 2781 1064 2809 re-

212 2829 484 2889 legabuntur,
503 2832 553 2877 iis
567 2832 658 2877 dies
671 2832 908 2877 excedendi
923 2850 946 2877 a
959 2849 1064 2891 proe·

212 2896 375 2943 sidibus
394 2898 488 2944 dari
505 2900 682 2944 solebat.
703 2901 887 2945 Bnnsm.

271 2967 336 3009 52.
365 2964 445 3010 Vel
459 2982 538 3023 quo
544 2966 748 3022 fiestinas.
765 2968 958 3019 Festina-s
968 2983 1066 3012 me-

215 3027 357 3074 liores.
372 3030 597 3076 Hssms.—
603 3034 706 3087 Quo,
724 3035 798 3076 vel
805 3034 925 3075 unde.
939 3032 983 3088 Q
991 3048 1063 3087 uo,

217 3093 262 3136 in
289 3092 538 3139 extremum
564 3097 715 3140 orbem
738 3112 749 3140 z
769 3100 903 3147 unde,
936 3114 960 3140 a
981 3113 1067 3155 pa—

217 3157 312 3210 tria.
335 3159 390 3203 In
406 3159 552 3204 locum
571 3161 847 3205 teterrimum
866 3177 890 3204 a
906 3161 1068 3218 jucun-

218 3219 394 3266 dissimo
419 3239 430 3267 ε
455 3233 500 3268 et
521 3233 677 3269 neutra
706 3225 760 3269 de
790 3241 916 3270 causa
941 3225 1068 3270 festi-

218 3286 431 3331 nandum.
455 3290 601 3335 Pos'r.

274 3355 342 3397 55.
375 3356 458 3398 Ter
482 3358 606 3399 limen
635 3359 765 3411 ntegri.
797 3356 923 3401 Adeo
950 3357 1067 3401 sini-

218 3427 358 3463 strum
372 3435 506 3464 omen
519 3421 729 3479 putabant
746 3430 914 3466 veteres
931 3422 1066 3466 limen

219 3483 449 3531 offendere
461 3519 475 3543 ,
495 3501 633 3544 quum
653 3486 834 3532 domum
855 3486 1068 3546 ingrede-

1141 2514 1299 2549 rentur
1315 2538 1327 2560 ,
1360 2505 1546 2550 domove
1569 2504 1886 2563 egrederentur
1904 2536 1915 2558 ‚
1944 2511 1994 2546 ut

1142 2570 1186 2614 id
1201 2605 1213 2625 ,
1228 2567 1772 2628 quodtumfaeturierant,
1784 2584 1991 2627 prospere

1143 2637 1221 2680 sibi
1231 2634 1486 2694 contingere
1500 2652 1591 2680 non
1608 2651 1732 2693 posse
1746 2634 1994 2680 crederent.

1148 2698 1345 2745 cmi-An.

1197 2766 1266 2810 61.
1292 2768 1411 2823 Quid
1416 2770 1628 2824 pmpem?
1646 2784 1727 2824 quo
1748 2765 1924 2825 plurimi
1946 2782 1997 2809 ex

1143 2833 1363 2878 veteribus
1380 2837 1714 2891 :qm‘dpmpcras
1726 2834 1754 2878 J
1759 2833 1849 2877 unii
1864 2866 1875 2886 ,
1893 2834 1997 2876 Ber-

1145 2914 1268 2943 nens.
1293 2908 1337 2943 et
1354 2916 1427 2943 sex
1446 2898 1542 2954 alii,
1563 2909 1612 2943 ut
1632 2915 1761 2956 supra
1782 2915 1891 2942 vers.
1913 2901 1961 2941 51
1982 2930 1996 2952 ,

1144 2966 1251 3020 quid
1277 2980 1409 3020 urges.
1440 2964 1530 3008 Sed
1565 2965 1774 3009 Heinsius
1808 2963 1996 3006 malebat

1147 3029 1278 3072 etiam
1293 3062 1306 3084 ,
1328 3046 1409 3086 quo
1428 3034 1606 3073 millen]-
1618 3063 1630 3082 ‚
1660 3039 1710 3073 ut
1729 3045 1774 3073 se
1796 3028 1998 3085 adloqua-

1148 3101 1222 3136 tur
1236 3111 1247 3145 ;
1262 3097 1441 3138 mittitur
1454 3092 1596 3138 vatic.
1616 3102 1660 3137 et
1674 3094 1859 3137 Putean.

1202 3160 1269 3215 64.
1289 3162 1447 3204 Dulcia
1467 3163 1661 3204 membra.
1687 3159 1865 3203 Amicos
1880 3192 1892 3214 ,
1919 3159 1998 3202 do-

1147 3226 1348 3269 mesticos
1365 3258 1377 3281 ,
1413 3240 1559 3269 servos
1581 3257 1593 3278 ‚
1623 3232 1699 3268 aut
1727 3225 1858 3267 etiam
1890 3224 2003 3266 divi-

1148 3289 1227 3334 tias
1244 3307 1254 3333 ι
1273 3289 1365 3334 haec
1380 3291 1501 3334 enim
1517 3289 1666 3333 omnia
1684 3285 1788 3334 sunt
1803 3289 2001 3332 membra

1148 3353 1321 3399 domus.

1205 3420 1274 3464 66.
1299 3422 1459 3464 Thesea
1458 3423 1566 3479 fide.
1579 3421 1747 3464 Amore.
1762 3418 1852 3462 fido
1868 3451 1879 3474 ,
1895 3434 2005 3476 qua-

1149 3486 1201 3533 lis
1221 3486 1307 3532 fuit
1320 3486 1482 3533 Thesei
1502 3487 1550 3532 in
1571 3485 1837 3532 Pirithoum.
