<?xml version="1.0" encoding="UTF-8"?>
<!DOCTYPE html PUBLIC "-//W3C//DTD XHTML 1.0 Transitional//EN"
    "http://www.w3.org/TR/xhtml1/DTD/xhtml1-transitional.dtd">
<html xmlns="http://www.w3.org/1999/xhtml" xml:lang="en" lang="en">
 <head>
  <title>
</title>
<meta http-equiv="Content-Type" content="text/html;charset=utf-8" />
  <meta name='ocr-system' content='tesseract 3.04.00' />
  <meta name='ocr-capabilities' content='ocr_page ocr_carea ocr_par ocr_line ocrx_word'/>
</head>
<body>
  <div class='ocr_page' id='page_1' title='image "./quaeextantomniao07oviduoft_0317.png"; bbox 0 0 2280 3776; ppageno 0'>
   <div class='ocr_carea' id='block_1_1' title="bbox 473 268 1730 329">
    <p class='ocr_par' dir='ltr' id='par_1_1' title="bbox 473 268 1730 329">
     <span class='ocr_line' id='line_1_1' title="bbox 473 268 1730 329; baseline 0.004 -5"><span class='ocrx_word' id='word_1_1' title='bbox 473 268 588 324; x_wconf 89' lang='lat' dir='ltr'>EX</span> <span class='ocrx_word' id='word_1_2' title='bbox 628 268 932 325; x_wconf 90' lang='lat' dir='ltr'>PONTO</span> <span class='ocrx_word' id='word_1_3' title='bbox 971 270 1138 323; x_wconf 91' lang='lat' dir='ltr'><strong>LIB.</strong></span> <span class='ocrx_word' id='word_1_4' title='bbox 1182 270 1230 324; x_wconf 94' lang='lat' dir='ltr'>I.</span> <span class='ocrx_word' id='word_1_5' title='bbox 1277 270 1564 327; x_wconf 88' lang='lat' dir='ltr'><strong>EPIST.</strong></span> <span class='ocrx_word' id='word_1_6' title='bbox 1611 275 1730 329; x_wconf 89' lang='lat' dir='ltr'>IX.</span> 
     </span>
    </p>
   </div>
   <div class='ocr_carea' id='block_1_2' title="bbox 1876 276 1982 331">
    <p class='ocr_par' dir='ltr' id='par_1_2' title="bbox 1876 276 1982 331">
     <span class='ocr_line' id='line_1_2' title="bbox 1876 276 1982 331; baseline 0 0"><span class='ocrx_word' id='word_1_7' title='bbox 1876 276 1982 331; x_wconf 82' lang='lat'>303</span> 
     </span>
    </p>
   </div>
   <div class='ocr_carea' id='block_1_3' title="bbox 209 383 1987 2016">
    <p class='ocr_par' dir='ltr' id='par_1_3' title="bbox 209 383 1987 2016">
     <span class='ocr_line' id='line_1_3' title="bbox 299 383 1985 471; baseline 0.001 -27"><span class='ocrx_word' id='word_1_8' title='bbox 299 385 430 463; x_wconf 85' lang='lat' dir='ltr'>Quo</span> <span class='ocrx_word' id='word_1_9' title='bbox 459 383 632 446; x_wconf 89' lang='lat' dir='ltr'>levius</span> <span class='ocrx_word' id='word_1_10' title='bbox 662 384 873 458; x_wconf 85' lang='lat' dir='ltr'>doleas,</span> <span class='ocrx_word' id='word_1_11' title='bbox 908 386 1214 470; x_wconf 86' lang='lat' dir='ltr'>experietur</span> <span class='ocrx_word' id='word_1_12' title='bbox 1240 411 1418 471; x_wconf 89' lang='lat' dir='ltr'>opem.</span> <span class='ocrx_word' id='word_1_13' title='bbox 1932 414 1985 454; x_wconf 76' lang='lat'>3«-</span> 
     </span>
     <span class='ocr_line' id='line_1_4' title="bbox 217 480 1604 546; baseline 0.004 -6"><span class='ocrx_word' id='word_1_14' title='bbox 217 481 351 541; x_wconf 89' lang='lat' dir='ltr'>Haec</span> <span class='ocrx_word' id='word_1_15' title='bbox 380 480 515 541; x_wconf 88' lang='lat' dir='ltr'>mihi</span> <span class='ocrx_word' id='word_1_16' title='bbox 544 482 709 542; x_wconf 91' lang='lat' dir='ltr'>verba</span> <span class='ocrx_word' id='word_1_17' title='bbox 738 481 890 542; x_wconf 89' lang='lat' dir='ltr'>malae</span> <span class='ocrx_word' id='word_1_18' title='bbox 917 483 1235 543; x_wconf 87' lang='lat' dir='ltr'>minuerunt</span> <span class='ocrx_word' id='word_1_19' title='bbox 1264 484 1420 546; x_wconf 73' lang='lat' dir='ltr'>taedia</span> <span class='ocrx_word' id='word_1_20' title='bbox 1446 485 1604 546; x_wconf 85' lang='lat' dir='ltr'>vitae:</span> 
     </span>
     <span class='ocr_line' id='line_1_5' title="bbox 298 576 1582 658; baseline 0.003 -21"><span class='ocrx_word' id='word_1_21' title='bbox 298 578 438 658; x_wconf 86' lang='lat' dir='ltr'>Quae</span> <span class='ocrx_word' id='word_1_22' title='bbox 468 592 558 650; x_wconf 86' lang='lat' dir='ltr'>tu,</span> <span class='ocrx_word' id='word_1_23' title='bbox 585 601 655 638; x_wconf 90' lang='lat' dir='ltr'>ne</span> <span class='ocrx_word' id='word_1_24' title='bbox 683 576 918 650; x_wconf 86' lang='lat' dir='ltr'>fuerint,</span> <span class='ocrx_word' id='word_1_25' title='bbox 948 579 1188 640; x_wconf 80' lang='lat' dir='ltr'>Maxime</span> <span class='ocrx_word' id='word_1_26' title='bbox 1205 626 1219 650; x_wconf 91' lang='lat'>‚</span> <span class='ocrx_word' id='word_1_27' title='bbox 1246 605 1381 641; x_wconf 86' lang='lat' dir='ltr'>vana</span> <span class='ocrx_word' id='word_1_28' title='bbox 1400 629 1414 653; x_wconf 91' lang='lat'><strong>‚</strong></span> <span class='ocrx_word' id='word_1_29' title='bbox 1441 605 1582 643; x_wconf 90' lang='lat' dir='ltr'>cave.</span> 
     </span>
     <span class='ocr_line' id='line_1_6' title="bbox 215 674 1645 758; baseline 0.003 -23"><span class='ocrx_word' id='word_1_30' title='bbox 215 674 341 735; x_wconf 88' lang='lat' dir='ltr'>Huc</span> <span class='ocrx_word' id='word_1_31' title='bbox 370 698 591 758; x_wconf 89' lang='lat' dir='ltr'>quoque</span> <span class='ocrx_word' id='word_1_32' title='bbox 620 689 908 735; x_wconf 81' lang='lat' dir='ltr'>venturum</span> <span class='ocrx_word' id='word_1_33' title='bbox 938 675 1072 734; x_wconf 91' lang='lat' dir='ltr'>mihi</span> <span class='ocrx_word' id='word_1_34' title='bbox 1103 699 1158 735; x_wconf 92' lang='lat' dir='ltr'>se</span> <span class='ocrx_word' id='word_1_35' title='bbox 1186 675 1365 757; x_wconf 88' lang='lat' dir='ltr'>jurare</span> <span class='ocrx_word' id='word_1_36' title='bbox 1395 677 1645 753; x_wconf 79' lang='lat' dir='ltr'>solebat,</span> 
     </span>
     <span class='ocr_line' id='line_1_7' title="bbox 294 769 1449 851; baseline 0.003 -22"><span class='ocrx_word' id='word_1_37' title='bbox 294 771 422 829; x_wconf 89' lang='lat' dir='ltr'>Non</span> <span class='ocrx_word' id='word_1_38' title='bbox 451 770 558 830; x_wconf 89' lang='lat' dir='ltr'>nisi</span> <span class='ocrx_word' id='word_1_39' title='bbox 589 784 639 830; x_wconf 80' lang='lat' dir='ltr'>te</span> <span class='ocrx_word' id='word_1_40' title='bbox 669 769 847 848; x_wconf 83' lang='lat' dir='ltr'>longae</span> <span class='ocrx_word' id='word_1_41' title='bbox 875 770 963 851; x_wconf 87' lang='lat' dir='ltr'>jus</span> <span class='ocrx_word' id='word_1_42' title='bbox 994 769 1100 831; x_wconf 90' lang='lat' dir='ltr'>sibi</span> <span class='ocrx_word' id='word_1_43' title='bbox 1127 770 1292 831; x_wconf 88' lang='lat' dir='ltr'>dante</span> <span class='ocrx_word' id='word_1_44' title='bbox 1314 772 1411 832; x_wconf 86' lang='lat' dir='ltr'>viae</span> <span class='ocrx_word' id='word_1_45' title='bbox 1437 798 1449 832; x_wconf 76' lang='grc' dir='ltr'>ε</span> 
     </span>
     <span class='ocr_line' id='line_1_8' title="bbox 213 866 1983 951; baseline 0.001 -23"><span class='ocrx_word' id='word_1_46' title='bbox 213 869 353 928; x_wconf 88' lang='lat' dir='ltr'>Nam</span> <span class='ocrx_word' id='word_1_47' title='bbox 384 883 476 929; x_wconf 88' lang='lat' dir='ltr'>tua</span> <span class='ocrx_word' id='word_1_48' title='bbox 500 892 614 928; x_wconf 90' lang='lat' dir='ltr'>non</span> <span class='ocrx_word' id='word_1_49' title='bbox 642 868 748 928; x_wconf 91' lang='lat' dir='ltr'>alio</span> <span class='ocrx_word' id='word_1_50' title='bbox 781 867 956 930; x_wconf 90' lang='lat' dir='ltr'>coluit</span> <span class='ocrx_word' id='word_1_51' title='bbox 984 866 1293 951; x_wconf 59' lang='lat' dir='ltr'>penetralia.</span> <span class='ocrx_word' id='word_1_52' title='bbox 1311 868 1448 939; x_wconf 84' lang='lat' dir='ltr'>ritu,</span> <span class='ocrx_word' id='word_1_53' title='bbox 1931 892 1983 934; x_wconf 65' lang='lat'>35.</span> 
     </span>
     <span class='ocr_line' id='line_1_9' title="bbox 292 964 1575 1048; baseline 0.002 -23"><span class='ocrx_word' id='word_1_54' title='bbox 292 966 583 1026; x_wconf 86' lang='lat' dir='ltr'>Terrarum</span> <span class='ocrx_word' id='word_1_55' title='bbox 615 965 870 1025; x_wconf 83' lang='lat' dir='ltr'>dominos</span> <span class='ocrx_word' id='word_1_56' title='bbox 899 988 1063 1048; x_wconf 90' lang='lat' dir='ltr'>quam</span> <span class='ocrx_word' id='word_1_57' title='bbox 1094 964 1227 1025; x_wconf 90' lang='lat' dir='ltr'>colis</span> <span class='ocrx_word' id='word_1_58' title='bbox 1255 964 1374 1048; x_wconf 90' lang='lat' dir='ltr'>ipse</span> <span class='ocrx_word' id='word_1_59' title='bbox 1408 967 1575 1027; x_wconf 87' lang='lat' dir='ltr'><strong>Deos.</strong></span> 
     </span>
     <span class='ocr_line' id='line_1_10' title="bbox 215 1060 1734 1145; baseline 0.003 -24"><span class='ocrx_word' id='word_1_60' title='bbox 215 1060 392 1122; x_wconf 86' lang='lat' dir='ltr'>Crede</span> <span class='ocrx_word' id='word_1_61' title='bbox 418 1060 585 1133; x_wconf 89' lang='lat' dir='ltr'>mihi;</span> <span class='ocrx_word' id='word_1_62' title='bbox 614 1060 818 1122; x_wconf 89' lang='lat' dir='ltr'>multos</span> <span class='ocrx_word' id='word_1_63' title='bbox 847 1062 1048 1122; x_wconf 91' lang='lat' dir='ltr'>habeas</span> <span class='ocrx_word' id='word_1_64' title='bbox 1072 1086 1239 1145; x_wconf 90' lang='lat' dir='ltr'>quum</span> <span class='ocrx_word' id='word_1_65' title='bbox 1275 1061 1475 1140; x_wconf 87' lang='lat' dir='ltr'>dignus</span> <span class='ocrx_word' id='word_1_66' title='bbox 1499 1064 1734 1135; x_wconf 89' lang='lat' dir='ltr'>amicos,</span> 
     </span>
     <span class='ocr_line' id='line_1_11' title="bbox 228 1156 1442 1243; baseline 0.001 -26"><span class='ocrx_word' id='word_1_67' title='bbox 228 1191 231 1195; x_wconf 85' lang='lat'>-</span> <span class='ocrx_word' id='word_1_68' title='bbox 290 1160 418 1218; x_wconf 88' lang='lat' dir='ltr'>Non</span> <span class='ocrx_word' id='word_1_69' title='bbox 444 1158 550 1219; x_wconf 87' lang='lat' dir='ltr'>fuit</span> <span class='ocrx_word' id='word_1_70' title='bbox 579 1183 607 1219; x_wconf 91' lang='lat' dir='ltr'>e</span> <span class='ocrx_word' id='word_1_71' title='bbox 637 1159 824 1221; x_wconf 88' lang='lat' dir='ltr'>multis</span> <span class='ocrx_word' id='word_1_72' title='bbox 850 1156 1100 1243; x_wconf 86' lang='lat' dir='ltr'>quolibet</span> <span class='ocrx_word' id='word_1_73' title='bbox 1123 1157 1214 1217; x_wconf 90' lang='lat' dir='ltr'>ille</span> <span class='ocrx_word' id='word_1_74' title='bbox 1243 1158 1442 1218; x_wconf 90' lang='lat' dir='ltr'>minor.</span> 
     </span>
     <span class='ocr_line' id='line_1_12' title="bbox 211 1252 1733 1327; baseline 0.001 -14"><span class='ocrx_word' id='word_1_75' title='bbox 211 1252 272 1313; x_wconf 90' lang='lat' dir='ltr'>Si</span> <span class='ocrx_word' id='word_1_76' title='bbox 298 1254 466 1314; x_wconf 88' lang='lat' dir='ltr'>modo</span> <span class='ocrx_word' id='word_1_77' title='bbox 493 1278 591 1315; x_wconf 88' lang='lat' dir='ltr'>nec</span> <span class='ocrx_word' id='word_1_78' title='bbox 621 1278 815 1316; x_wconf 88' lang='lat' dir='ltr'>census</span> <span class='ocrx_word' id='word_1_79' title='bbox 834 1302 848 1327; x_wconf 89' lang='lat'>‚</span> <span class='ocrx_word' id='word_1_80' title='bbox 879 1278 979 1316; x_wconf 91' lang='lat' dir='ltr'>nec</span> <span class='ocrx_word' id='word_1_81' title='bbox 1006 1253 1209 1315; x_wconf 91' lang='lat' dir='ltr'>clarum</span> <span class='ocrx_word' id='word_1_82' title='bbox 1239 1277 1442 1313; x_wconf 90' lang='lat' dir='ltr'>nomen</span> <span class='ocrx_word' id='word_1_83' title='bbox 1471 1278 1696 1315; x_wconf 88' lang='lat' dir='ltr'>avorum</span> <span class='ocrx_word' id='word_1_84' title='bbox 1718 1302 1733 1325; x_wconf 90' lang='lat'><strong>‚</strong></span> 
     </span>
     <span class='ocr_line' id='line_1_13' title="bbox 293 1350 1987 1435; baseline 0 -23"><span class='ocrx_word' id='word_1_85' title='bbox 293 1350 400 1412; x_wconf 89' lang='lat' dir='ltr'>Sed</span> <span class='ocrx_word' id='word_1_86' title='bbox 430 1351 680 1435; x_wconf 79' lang='lat' dir='ltr'>probitas</span> <span class='ocrx_word' id='word_1_87' title='bbox 708 1376 937 1430; x_wconf 85' lang='lat' dir='ltr'>magnos</span> <span class='ocrx_word' id='word_1_88' title='bbox 963 1350 1357 1433; x_wconf 77' lang='lat' dir='ltr'>ingeniumque</span> <span class='ocrx_word' id='word_1_89' title='bbox 1386 1350 1531 1410; x_wconf 80' lang='lat' dir='ltr'>facit.</span> <span class='ocrx_word' id='word_1_90' title='bbox 1932 1376 1987 1430; x_wconf 74' lang='lat'>4⁰</span> 
     </span>
     <span class='ocr_line' id='line_1_14' title="bbox 209 1446 1570 1532; baseline 0.001 -26"><span class='ocrx_word' id='word_1_91' title='bbox 209 1447 343 1507; x_wconf 91' lang='lat' dir='ltr'>Jure</span> <span class='ocrx_word' id='word_1_92' title='bbox 366 1446 541 1526; x_wconf 88' lang='lat' dir='ltr'>igitur</span> <span class='ocrx_word' id='word_1_93' title='bbox 567 1446 831 1532; x_wconf 89' lang='lat' dir='ltr'>lacrymas</span> <span class='ocrx_word' id='word_1_94' title='bbox 861 1446 1025 1509; x_wconf 88' lang='lat' dir='ltr'>Celso</span> <span class='ocrx_word' id='word_1_95' title='bbox 1053 1446 1291 1509; x_wconf 84' lang='lat' dir='ltr'>libamus</span> <span class='ocrx_word' id='word_1_96' title='bbox 1315 1447 1533 1507; x_wconf 87' lang='lat' dir='ltr'>ademto</span> <span class='ocrx_word' id='word_1_97' title='bbox 1555 1495 1570 1520; x_wconf 90' lang='lat'>‚</span> 
     </span>
     <span class='ocr_line' id='line_1_15' title="bbox 294 1532 1599 1628; baseline -0.001 -23"><span class='ocrx_word' id='word_1_98' title='bbox 294 1543 484 1623; x_wconf 83' lang='lat' dir='ltr'>Quum</span> <span class='ocrx_word' id='word_1_99' title='bbox 510 1532 783 1625; x_wconf 86' lang='lat' dir='ltr'>fugerem,</span> <span class='ocrx_word' id='word_1_100' title='bbox 811 1546 933 1606; x_wconf 86' lang='lat' dir='ltr'>vivo</span> <span class='ocrx_word' id='word_1_101' title='bbox 966 1569 1100 1628; x_wconf 90' lang='lat' dir='ltr'>quas</span> <span class='ocrx_word' id='word_1_102' title='bbox 1133 1544 1283 1604; x_wconf 87' lang='lat' dir='ltr'>dedit</span> <span class='ocrx_word' id='word_1_103' title='bbox 1312 1542 1401 1603; x_wconf 90' lang='lat' dir='ltr'>ille</span> <span class='ocrx_word' id='word_1_104' title='bbox 1428 1544 1562 1604; x_wconf 85' lang='lat' dir='ltr'>mihi</span> <span class='ocrx_word' id='word_1_105' title='bbox 1587 1569 1599 1604; x_wconf 91' lang='lat'>:</span> 
     </span>
     <span class='ocr_line' id='line_1_16' title="bbox 213 1640 1537 1724; baseline 0.001 -24"><span class='ocrx_word' id='word_1_106' title='bbox 213 1640 467 1703; x_wconf 83' lang='lat' dir='ltr'>Carmina</span> <span class='ocrx_word' id='word_1_107' title='bbox 491 1642 613 1724; x_wconf 91' lang='lat' dir='ltr'>jure</span> <span class='ocrx_word' id='word_1_108' title='bbox 642 1643 833 1703; x_wconf 89' lang='lat' dir='ltr'>damus</span> <span class='ocrx_word' id='word_1_109' title='bbox 858 1666 1010 1703; x_wconf 91' lang='lat' dir='ltr'>raros</span> <span class='ocrx_word' id='word_1_110' title='bbox 1041 1641 1291 1703; x_wconf 81' lang='lat' dir='ltr'>testantia</span> <span class='ocrx_word' id='word_1_111' title='bbox 1323 1663 1504 1701; x_wconf 89' lang='lat' dir='ltr'>mores</span> <span class='ocrx_word' id='word_1_112' title='bbox 1522 1687 1537 1713; x_wconf 87' lang='lat'>‚</span> 
     </span>
     <span class='ocr_line' id='line_1_17' title="bbox 293 1737 1475 1817; baseline -0.001 -20"><span class='ocrx_word' id='word_1_113' title='bbox 293 1739 373 1798; x_wconf 89' lang='lat' dir='ltr'>Ut</span> <span class='ocrx_word' id='word_1_114' title='bbox 399 1752 491 1800; x_wconf 88' lang='lat' dir='ltr'>tua</span> <span class='ocrx_word' id='word_1_115' title='bbox 522 1739 735 1801; x_wconf 86' lang='lat' dir='ltr'>venturi</span> <span class='ocrx_word' id='word_1_116' title='bbox 764 1739 1018 1812; x_wconf 88' lang='lat' dir='ltr'>nomina,</span> <span class='ocrx_word' id='word_1_117' title='bbox 1052 1738 1206 1799; x_wconf 89' lang='lat' dir='ltr'>Celse</span> <span class='ocrx_word' id='word_1_118' title='bbox 1225 1785 1240 1810; x_wconf 90' lang='lat'>‚</span> <span class='ocrx_word' id='word_1_119' title='bbox 1274 1737 1475 1817; x_wconf 84' lang='lat' dir='ltr'>legant.</span> 
     </span>
     <span class='ocr_line' id='line_1_18' title="bbox 212 1833 1985 1920; baseline 0.002 -28"><span class='ocrx_word' id='word_1_120' title='bbox 212 1833 336 1894; x_wconf 89' lang='lat' dir='ltr'>Hoc</span> <span class='ocrx_word' id='word_1_121' title='bbox 364 1851 473 1910; x_wconf 83' lang='lat' dir='ltr'>est,</span> <span class='ocrx_word' id='word_1_122' title='bbox 505 1838 655 1920; x_wconf 89' lang='lat' dir='ltr'>quod</span> <span class='ocrx_word' id='word_1_123' title='bbox 681 1861 909 1920; x_wconf 89' lang='lat' dir='ltr'>possum</span> <span class='ocrx_word' id='word_1_124' title='bbox 945 1837 1154 1898; x_wconf 89' lang='lat' dir='ltr'>Geticis</span> <span class='ocrx_word' id='word_1_125' title='bbox 1183 1836 1287 1896; x_wconf 89' lang='lat' dir='ltr'>tibi</span> <span class='ocrx_word' id='word_1_126' title='bbox 1315 1835 1532 1895; x_wconf 85' lang='lat' dir='ltr'>mittere</span> <span class='ocrx_word' id='word_1_127' title='bbox 1564 1834 1634 1894; x_wconf 88' lang='lat' dir='ltr'>ab</span> <span class='ocrx_word' id='word_1_128' title='bbox 1661 1836 1834 1907; x_wconf 83' lang='lat' dir='ltr'>arvis3</span> <span class='ocrx_word' id='word_1_129' title='bbox 1931 1854 1985 1909; x_wconf 69' lang='lat'>45</span> 
     </span>
     <span class='ocr_line' id='line_1_19' title="bbox 292 1931 1682 2016; baseline -0.001 -23"><span class='ocrx_word' id='word_1_130' title='bbox 292 1933 416 1994; x_wconf 92' lang='lat' dir='ltr'>Hoc</span> <span class='ocrx_word' id='word_1_131' title='bbox 447 1933 625 1996; x_wconf 91' lang='lat' dir='ltr'>solum</span> <span class='ocrx_word' id='word_1_132' title='bbox 655 1949 739 1995; x_wconf 88' lang='lat' dir='ltr'>est</span> <span class='ocrx_word' id='word_1_133' title='bbox 763 1934 920 2006; x_wconf 87' lang='lat' dir='ltr'>istie,</span> <span class='ocrx_word' id='word_1_134' title='bbox 955 1933 1107 2016; x_wconf 90' lang='lat' dir='ltr'>quod</span> <span class='ocrx_word' id='word_1_135' title='bbox 1137 1931 1311 2016; x_wconf 89' lang='lat' dir='ltr'>liquet</span> <span class='ocrx_word' id='word_1_136' title='bbox 1338 1955 1455 1992; x_wconf 90' lang='lat' dir='ltr'>esse</span> <span class='ocrx_word' id='word_1_137' title='bbox 1485 1954 1682 1991; x_wconf 90' lang='lat' dir='ltr'>meum.</span> 
     </span>
    </p>
   </div>
   <div class='ocr_carea' id='block_1_4' title="bbox 190 2090 1062 3400">
    <p class='ocr_par' dir='ltr' id='par_1_4' title="bbox 209 2090 1051 2215">
     <span class='ocr_line' id='line_1_20' title="bbox 209 2090 1051 2146; baseline 0 -13"><span class='ocrx_word' id='word_1_138' title='bbox 209 2091 370 2134; x_wconf 75' lang='lat' dir='ltr'>Fratris</span> <span class='ocrx_word' id='word_1_139' title='bbox 385 2095 506 2136; x_wconf 67' lang='lat' dir='ltr'>vites.</span> <span class='ocrx_word' id='word_1_140' title='bbox 527 2092 659 2136; x_wconf 89' lang='lat' dir='ltr'>Vires</span> <span class='ocrx_word' id='word_1_141' title='bbox 677 2091 824 2136; x_wconf 86' lang='lat' dir='ltr'>fratris</span> <span class='ocrx_word' id='word_1_142' title='bbox 842 2090 1051 2146; x_wconf 81' lang='lat' dir='ltr'>Maximi,</span> 
     </span>
     <span class='ocr_line' id='line_1_21' title="bbox 210 2154 946 2215; baseline 0 -17"><span class='ocrx_word' id='word_1_143' title='bbox 210 2155 284 2212; x_wconf 88' lang='lat' dir='ltr'>qui</span> <span class='ocrx_word' id='word_1_144' title='bbox 298 2154 496 2213; x_wconf 80' lang='lat' dir='ltr'>Augusto</span> <span class='ocrx_word' id='word_1_145' title='bbox 510 2173 682 2215; x_wconf 88' lang='lat' dir='ltr'>quoque</span> <span class='ocrx_word' id='word_1_146' title='bbox 698 2165 791 2201; x_wconf 83' lang='lat' dir='ltr'>erat</span> <span class='ocrx_word' id='word_1_147' title='bbox 810 2172 946 2200; x_wconf 85' lang='lat' dir='ltr'>carus.</span> 
     </span>
    </p>

    <p class='ocr_par' dir='ltr' id='par_1_5' title="bbox 210 2219 1056 2343">
     <span class='ocr_line' id='line_1_22' title="bbox 265 2219 1056 2267; baseline 0.001 -5"><span class='ocrx_word' id='word_1_148' title='bbox 265 2219 331 2264; x_wconf 83' lang='lat'><strong>33.</strong></span> <span class='ocrx_word' id='word_1_149' title='bbox 350 2221 527 2267; x_wconf 77' lang='lat' dir='ltr'>Solebat.</span> <span class='ocrx_word' id='word_1_150' title='bbox 542 2222 696 2266; x_wconf 86' lang='lat' dir='ltr'>Franc.</span> <span class='ocrx_word' id='word_1_151' title='bbox 711 2231 754 2266; x_wconf 85' lang='lat' dir='ltr'>et</span> <span class='ocrx_word' id='word_1_152' title='bbox 764 2221 970 2264; x_wconf 86' lang='lat' dir='ltr'>undecim</span> <span class='ocrx_word' id='word_1_153' title='bbox 986 2219 1056 2263; x_wconf 88' lang='lat' dir='ltr'>alii</span> 
     </span>
     <span class='ocr_line' id='line_1_23' title="bbox 210 2285 1056 2343; baseline 0.002 -17"><span class='ocrx_word' id='word_1_154' title='bbox 210 2287 380 2329; x_wconf 81' lang='lat' dir='ltr'>volebat</span> <span class='ocrx_word' id='word_1_155' title='bbox 400 2303 412 2328; x_wconf 88' lang='grc'>.·</span> <span class='ocrx_word' id='word_1_156' title='bbox 433 2303 488 2331; x_wconf 88' lang='lat' dir='ltr'>sc.</span> <span class='ocrx_word' id='word_1_157' title='bbox 504 2303 642 2343; x_wconf 90' lang='lat' dir='ltr'>quum</span> <span class='ocrx_word' id='word_1_158' title='bbox 655 2286 917 2331; x_wconf 82' lang='lat' dir='ltr'>valediceret</span> <span class='ocrx_word' id='word_1_159' title='bbox 933 2285 1056 2329; x_wconf 90' lang='lat' dir='ltr'>mihi.</span> 
     </span>
    </p>

    <p class='ocr_par' dir='ltr' id='par_1_6' title="bbox 211 2350 1057 2666">
     <span class='ocr_line' id='line_1_24' title="bbox 267 2350 1057 2407; baseline 0 -14"><span class='ocrx_word' id='word_1_160' title='bbox 267 2350 333 2406; x_wconf 82' lang='lat'><strong>34.</strong></span> <span class='ocrx_word' id='word_1_161' title='bbox 345 2352 497 2395; x_wconf 76' lang='lat' dir='ltr'>Nisite</span> <span class='ocrx_word' id='word_1_162' title='bbox 507 2355 633 2396; x_wconf 62' lang='lat' dir='ltr'>dante</span> <span class='ocrx_word' id='word_1_163' title='bbox 631 2353 723 2407; x_wconf 86' lang='lat' dir='ltr'>jus.</span> <span class='ocrx_word' id='word_1_164' title='bbox 738 2352 831 2395; x_wconf 88' lang='lat' dir='ltr'>Nisi</span> <span class='ocrx_word' id='word_1_165' title='bbox 847 2361 887 2395; x_wconf 85' lang='lat' dir='ltr'>te</span> <span class='ocrx_word' id='word_1_166' title='bbox 906 2352 944 2394; x_wconf 90' lang='lat' dir='ltr'>ei</span> <span class='ocrx_word' id='word_1_167' title='bbox 958 2367 1057 2395; x_wconf 90' lang='lat' dir='ltr'>con-</span> 
     </span>
     <span class='ocr_line' id='line_1_25' title="bbox 211 2413 1055 2474; baseline 0.002 -17"><span class='ocrx_word' id='word_1_168' title='bbox 211 2413 394 2459; x_wconf 79' lang='lat' dir='ltr'>cedente</span> <span class='ocrx_word' id='word_1_169' title='bbox 412 2449 424 2470; x_wconf 91' lang='lat'>,</span> <span class='ocrx_word' id='word_1_170' title='bbox 449 2424 497 2460; x_wconf 88' lang='lat' dir='ltr'>ut</span> <span class='ocrx_word' id='word_1_171' title='bbox 527 2416 655 2474; x_wconf 84' lang='lat' dir='ltr'>longa</span> <span class='ocrx_word' id='word_1_172' title='bbox 683 2417 957 2474; x_wconf 84' lang='lat' dir='ltr'>navigatione</span> <span class='ocrx_word' id='word_1_173' title='bbox 983 2433 1055 2459; x_wconf 90' lang='lat' dir='ltr'>me</span> 
     </span>
     <span class='ocr_line' id='line_1_26' title="bbox 214 2477 1054 2535; baseline 0.004 -14"><span class='ocrx_word' id='word_1_174' title='bbox 214 2477 366 2523; x_wconf 83' lang='lat' dir='ltr'>adiret.</span> <span class='ocrx_word' id='word_1_175' title='bbox 387 2479 470 2524; x_wconf 88' lang='lat' dir='ltr'>Vel</span> <span class='ocrx_word' id='word_1_176' title='bbox 487 2482 619 2533; x_wconf 82' lang='lat' dir='ltr'>etiam</span> <span class='ocrx_word' id='word_1_177' title='bbox 634 2497 750 2524; x_wconf 90' lang='lat' dir='ltr'>:non</span> <span class='ocrx_word' id='word_1_178' title='bbox 766 2482 869 2535; x_wconf 84' lang='lat' dir='ltr'>alio,</span> <span class='ocrx_word' id='word_1_179' title='bbox 888 2497 964 2524; x_wconf 89' lang='lat' dir='ltr'>seu</span> <span class='ocrx_word' id='word_1_180' title='bbox 978 2497 1054 2524; x_wconf 90' lang='lat' dir='ltr'>ne-</span> 
     </span>
     <span class='ocr_line' id='line_1_27' title="bbox 212 2543 1056 2605; baseline 0.004 -20"><span class='ocrx_word' id='word_1_181' title='bbox 212 2543 332 2587; x_wconf 86' lang='lat' dir='ltr'>mine</span> <span class='ocrx_word' id='word_1_182' title='bbox 347 2545 429 2588; x_wconf 88' lang='lat' dir='ltr'>nisi</span> <span class='ocrx_word' id='word_1_183' title='bbox 446 2555 487 2590; x_wconf 92' lang='lat' dir='ltr'>te</span> <span class='ocrx_word' id='word_1_184' title='bbox 505 2546 635 2590; x_wconf 87' lang='lat' dir='ltr'>dante</span> <span class='ocrx_word' id='word_1_185' title='bbox 649 2548 717 2605; x_wconf 86' lang='lat' dir='ltr'>jus</span> <span class='ocrx_word' id='word_1_186' title='bbox 733 2546 872 2603; x_wconf 82' lang='lat' dir='ltr'>longae</span> <span class='ocrx_word' id='word_1_187' title='bbox 885 2546 965 2590; x_wconf 84' lang='lat' dir='ltr'>viae</span> <span class='ocrx_word' id='word_1_188' title='bbox 978 2579 990 2601; x_wconf 94' lang='lat'>,</span> <span class='ocrx_word' id='word_1_189' title='bbox 1007 2553 1056 2588; x_wconf 84' lang='lat' dir='ltr'>ut</span> 
     </span>
     <span class='ocr_line' id='line_1_28' title="bbox 212 2608 937 2666; baseline 0.006 -15"><span class='ocrx_word' id='word_1_190' title='bbox 212 2608 268 2652; x_wconf 77' lang='lat' dir='ltr'>sit</span> <span class='ocrx_word' id='word_1_191' title='bbox 287 2609 332 2652; x_wconf 90' lang='lat' dir='ltr'>in</span> <span class='ocrx_word' id='word_1_192' title='bbox 356 2610 536 2666; x_wconf 85' lang='lat' dir='ltr'>gratiam</span> <span class='ocrx_word' id='word_1_193' title='bbox 558 2611 740 2654; x_wconf 87' lang='lat' dir='ltr'>Maximi</span> <span class='ocrx_word' id='word_1_194' title='bbox 760 2610 937 2655; x_wconf 86' lang='lat' dir='ltr'>dictum.</span> 
     </span>
    </p>

    <p class='ocr_par' dir='ltr' id='par_1_7' title="bbox 190 2676 1062 3400">
     <span class='ocr_line' id='line_1_29' title="bbox 267 2676 1053 2722; baseline 0.003 -4"><span class='ocrx_word' id='word_1_195' title='bbox 267 2676 334 2719; x_wconf 82' lang='grc'>36.</span> <span class='ocrx_word' id='word_1_196' title='bbox 356 2679 474 2721; x_wconf 88' lang='lat' dir='ltr'>Deos</span> <span class='ocrx_word' id='word_1_197' title='bbox 499 2681 687 2722; x_wconf 77' lang='lat' dir='ltr'>dominos</span> <span class='ocrx_word' id='word_1_198' title='bbox 708 2685 918 2722; x_wconf 80' lang='lat' dir='ltr'>terrarum.</span> <span class='ocrx_word' id='word_1_199' title='bbox 951 2677 1053 2721; x_wconf 90' lang='lat' dir='ltr'>Au-</span> 
     </span>
     <span class='ocr_line' id='line_1_30' title="bbox 216 2743 760 2800; baseline 0.006 -17"><span class='ocrx_word' id='word_1_200' title='bbox 216 2749 390 2798; x_wconf 77' lang='lat' dir='ltr'>gustum</span> <span class='ocrx_word' id='word_1_201' title='bbox 410 2758 458 2787; x_wconf 87' lang='lat' dir='ltr'>ac</span> <span class='ocrx_word' id='word_1_202' title='bbox 478 2743 572 2800; x_wconf 85' lang='lat' dir='ltr'>ejus</span> <span class='ocrx_word' id='word_1_203' title='bbox 591 2743 760 2787; x_wconf 84' lang='lat' dir='ltr'>liberos.</span> 
     </span>
     <span class='ocr_line' id='line_1_31' title="bbox 190 2806 1057 2867; baseline 0.001 -17"><span class='ocrx_word' id='word_1_204' title='bbox 190 2826 197 2840; x_wconf 52' lang='grc' dir='ltr'><em>τ</em></span> <span class='ocrx_word' id='word_1_205' title='bbox 268 2806 334 2867; x_wconf 78' lang='grc'>39.</span> <span class='ocrx_word' id='word_1_206' title='bbox 354 2809 534 2852; x_wconf 76' lang='lat' dir='ltr'>simodo</span> <span class='ocrx_word' id='word_1_207' title='bbox 553 2826 635 2852; x_wconf 84' lang='lat' dir='ltr'>non</span> <span class='ocrx_word' id='word_1_208' title='bbox 654 2826 815 2853; x_wconf 80' lang='lat' dir='ltr'>census.</span> <span class='ocrx_word' id='word_1_209' title='bbox 835 2811 925 2852; x_wconf 84' lang='lat' dir='ltr'>Nec</span> <span class='ocrx_word' id='word_1_210' title='bbox 941 2825 1057 2852; x_wconf 89' lang='lat' dir='ltr'>non-</span> 
     </span>
     <span class='ocr_line' id='line_1_32' title="bbox 217 2870 1058 2930; baseline 0.006 -19"><span class='ocrx_word' id='word_1_211' title='bbox 217 2870 336 2914; x_wconf 86' lang='lat' dir='ltr'>nulli.</span> <span class='ocrx_word' id='word_1_212' title='bbox 351 2873 643 2918; x_wconf 78' lang='lat' dir='ltr'>H.—Simodo</span> <span class='ocrx_word' id='word_1_213' title='bbox 659 2891 739 2918; x_wconf 83' lang='lat' dir='ltr'>non</span> <span class='ocrx_word' id='word_1_214' title='bbox 761 2890 921 2918; x_wconf 83' lang='lat' dir='ltr'>census.</span> <span class='ocrx_word' id='word_1_215' title='bbox 938 2873 1058 2930; x_wconf 86' lang='lat' dir='ltr'>Quia</span> 
     </span>
     <span class='ocr_line' id='line_1_33' title="bbox 219 2934 1057 2992; baseline 0.002 -14"><span class='ocrx_word' id='word_1_216' title='bbox 219 2934 397 2992; x_wconf 84' lang='lat' dir='ltr'>dixerat,</span> <span class='ocrx_word' id='word_1_217' title='bbox 409 2937 587 2982; x_wconf 79' lang='lat' dir='ltr'>Celsum</span> <span class='ocrx_word' id='word_1_218' title='bbox 598 2955 689 2982; x_wconf 92' lang='lat' dir='ltr'>non</span> <span class='ocrx_word' id='word_1_219' title='bbox 700 2938 827 2982; x_wconf 88' lang='lat' dir='ltr'>fuisse</span> <span class='ocrx_word' id='word_1_220' title='bbox 838 2939 1057 2981; x_wconf 87' lang='lat' dir='ltr'>minorem</span> 
     </span>
     <span class='ocr_line' id='line_1_34' title="bbox 220 3003 1059 3061; baseline 0.004 -15"><span class='ocrx_word' id='word_1_221' title='bbox 220 3003 363 3060; x_wconf 89' lang='lat' dir='ltr'>aliquo</span> <span class='ocrx_word' id='word_1_222' title='bbox 383 3021 434 3049; x_wconf 86' lang='lat' dir='ltr'>ex</span> <span class='ocrx_word' id='word_1_223' title='bbox 455 3007 600 3051; x_wconf 87' lang='lat' dir='ltr'>amicis</span> <span class='ocrx_word' id='word_1_224' title='bbox 629 3007 840 3061; x_wconf 80' lang='lat' dir='ltr'>Maximi,</span> <span class='ocrx_word' id='word_1_225' title='bbox 869 3006 1059 3050; x_wconf 85' lang='lat' dir='ltr'>ostendit</span> 
     </span>
     <span class='ocr_line' id='line_1_35' title="bbox 212 3069 1059 3130; baseline 0.004 -17"><span class='ocrx_word' id='word_1_226' title='bbox 212 3069 265 3113; x_wconf 79' lang='lat' dir='ltr'>id</span> <span class='ocrx_word' id='word_1_227' title='bbox 284 3086 437 3114; x_wconf 85' lang='lat' dir='ltr'>verum</span> <span class='ocrx_word' id='word_1_228' title='bbox 452 3089 564 3127; x_wconf 81' lang='lat' dir='ltr'>esse,</span> <span class='ocrx_word' id='word_1_229' title='bbox 585 3074 620 3117; x_wconf 91' lang='lat' dir='ltr'>si</span> <span class='ocrx_word' id='word_1_230' title='bbox 634 3074 863 3118; x_wconf 88' lang='lat' dir='ltr'>hominum</span> <span class='ocrx_word' id='word_1_231' title='bbox 885 3073 1059 3130; x_wconf 83' lang='lat' dir='ltr'>ingenia</span> 
     </span>
     <span class='ocr_line' id='line_1_36' title="bbox 220 3136 1060 3192; baseline 0.005 -16"><span class='ocrx_word' id='word_1_232' title='bbox 220 3142 264 3176; x_wconf 87' lang='lat' dir='ltr'>et</span> <span class='ocrx_word' id='word_1_233' title='bbox 286 3150 428 3177; x_wconf 87' lang='lat' dir='ltr'>mores</span> <span class='ocrx_word' id='word_1_234' title='bbox 446 3136 766 3181; x_wconf 85' lang='lat' dir='ltr'>consideramus</span> <span class='ocrx_word' id='word_1_235' title='bbox 782 3170 794 3192; x_wconf 89' lang='lat'>‚</span> <span class='ocrx_word' id='word_1_236' title='bbox 817 3154 908 3180; x_wconf 89' lang='lat' dir='ltr'>non</span> <span class='ocrx_word' id='word_1_237' title='bbox 927 3138 1060 3180; x_wconf 79' lang='lat' dir='ltr'>sortu-</span> 
     </span>
     <span class='ocr_line' id='line_1_37' title="bbox 220 3200 1061 3255; baseline 0.005 -14"><span class='ocrx_word' id='word_1_238' title='bbox 220 3214 297 3242; x_wconf 86' lang='lat' dir='ltr'>nas</span> <span class='ocrx_word' id='word_1_239' title='bbox 309 3231 320 3252; x_wconf 91' lang='lat'><strong>‚</strong></span> <span class='ocrx_word' id='word_1_240' title='bbox 339 3208 413 3242; x_wconf 90' lang='lat' dir='ltr'>aut</span> <span class='ocrx_word' id='word_1_241' title='bbox 427 3200 728 3255; x_wconf 82' lang='lat' dir='ltr'>majores.—Si</span> <span class='ocrx_word' id='word_1_242' title='bbox 735 3205 856 3245; x_wconf 88' lang='lat' dir='ltr'>modo</span> <span class='ocrx_word' id='word_1_243' title='bbox 870 3219 952 3244; x_wconf 82' lang='lat' dir='ltr'>non</span> <span class='ocrx_word' id='word_1_244' title='bbox 965 3219 1061 3245; x_wconf 80' lang='lat' dir='ltr'>cen-</span> 
     </span>
     <span class='ocr_line' id='line_1_38' title="bbox 219 3265 1060 3324; baseline 0.005 -19"><span class='ocrx_word' id='word_1_245' title='bbox 219 3279 293 3306; x_wconf 86' lang='lat' dir='ltr'>sus</span> <span class='ocrx_word' id='word_1_246' title='bbox 313 3280 326 3306; x_wconf 85' lang='grc'>.·</span> <span class='ocrx_word' id='word_1_247' title='bbox 349 3267 383 3307; x_wconf 79' lang='grc' dir='ltr'>ἕν</span> <span class='ocrx_word' id='word_1_248' title='bbox 407 3266 514 3324; x_wconf 69' lang='grc' dir='ltr'>ὅλὸίῳ</span> <span class='ocrx_word' id='word_1_249' title='bbox 538 3271 642 3309; x_wconf 68' lang='grc' dir='ltr'><strong><em>ὅλέιοι</em></strong></span> <span class='ocrx_word' id='word_1_250' title='bbox 659 3269 779 3310; x_wconf 61' lang='lat' dir='ltr'>‹cdo-:a</span> <span class='ocrx_word' id='word_1_251' title='bbox 795 3298 808 3320; x_wconf 89' lang='lat'>,</span> <span class='ocrx_word' id='word_1_252' title='bbox 840 3265 1060 3310; x_wconf 81' lang='lat' dir='ltr'>Theocrit.</span> 
     </span>
     <span class='ocr_line' id='line_1_39' title="bbox 221 3329 1062 3400; baseline 0 -27"><span class='ocrx_word' id='word_1_253' title='bbox 221 3329 344 3388; x_wconf 75' lang='lat' dir='ltr'>Idyll.</span> <span class='ocrx_word' id='word_1_254' title='bbox 369 3331 471 3384; x_wconf 81' lang='lat' dir='ltr'>XV,</span> <span class='ocrx_word' id='word_1_255' title='bbox 490 3346 598 3374; x_wconf 82' lang='lat' dir='ltr'>vers.</span> <span class='ocrx_word' id='word_1_256' title='bbox 615 3333 666 3385; x_wconf 80' lang='lat'>24</span> <span class='ocrx_word' id='word_1_257' title='bbox 681 3348 692 3383; x_wconf 79' lang='lat'><em>3</em></span> <span class='ocrx_word' id='word_1_258' title='bbox 711 3338 846 3377; x_wconf 71' lang='grc' dir='ltr'>Πολλοὶ</span> <span class='ocrx_word' id='word_1_259' title='bbox 859 3335 930 3393; x_wconf 66' lang='grc' dir='ltr'>γὰρ</span> <span class='ocrx_word' id='word_1_260' title='bbox 948 3339 1062 3400; x_wconf 36' lang='grc' dir='ltr'><strong>πλὶου-</strong></span> 
     </span>
    </p>
   </div>
   <div class='ocr_carea' id='block_1_5' title="bbox 221 3397 1061 3451">
    <p class='ocr_par' dir='ltr' id='par_1_8' title="bbox 221 3397 1061 3451">
     <span class='ocr_line' id='line_1_40' title="bbox 221 3397 1061 3451; baseline 0.005 -13"><span class='ocrx_word' id='word_1_261' title='bbox 221 3405 327 3439; x_wconf 74' lang='grc' dir='ltr'><strong><em>τοῡσι</em></strong></span> <span class='ocrx_word' id='word_1_262' title='bbox 348 3402 480 3450; x_wconf 75' lang='grc' dir='ltr'><strong><em>κακοὶ,</em></strong></span> <span class='ocrx_word' id='word_1_263' title='bbox 513 3397 645 3450; x_wconf 75' lang='grc' dir='ltr'><em>ἀγαθοὶ</em></span> <span class='ocrx_word' id='word_1_264' title='bbox 676 3399 937 3451; x_wconf 45' lang='lat' dir='ltr'>&amp;knivam-m,</span> <span class='ocrx_word' id='word_1_265' title='bbox 971 3398 1061 3444; x_wconf 46' lang='grc' dir='ltr'>Δ.λλ’ν</span> 
     </span>
    </p>
   </div>
   <div class='ocr_carea' id='block_1_6' title="bbox 1134 2092 1989 3453">
    <p class='ocr_par' dir='ltr' id='par_1_9' title="bbox 1135 2092 1987 2407">
     <span class='ocr_line' id='line_1_41' title="bbox 1140 2092 1987 2152; baseline 0.001 -18"><span class='ocrx_word' id='word_1_266' title='bbox 1140 2094 1246 2147; x_wconf 63' lang='grc' dir='ltr'><strong><em>ἡμεῖς</em></strong></span> <span class='ocrx_word' id='word_1_267' title='bbox 1259 2093 1386 2139; x_wconf 72' lang='grc' dir='ltr'><strong>αὐτοῖς</strong></span> <span class='ocrx_word' id='word_1_268' title='bbox 1399 2093 1438 2135; x_wconf 79' lang='grc' dir='ltr'>οὖ</span> <span class='ocrx_word' id='word_1_269' title='bbox 1454 2094 1627 2147; x_wconf 73' lang='grc' dir='ltr'><strong><em>διαμιμψ</em></strong></span> <span class='ocrx_word' id='word_1_270' title='bbox 1635 2092 1747 2145; x_wconf 66' lang='grc' dir='ltr'>ἐμεΰοι</span> <span class='ocrx_word' id='word_1_271' title='bbox 1759 2098 1839 2140; x_wconf 75' lang='grc' dir='ltr'>Τῖς</span> <span class='ocrx_word' id='word_1_272' title='bbox 1854 2092 1987 2152; x_wconf 61' lang='grc' dir='ltr'>ἀρετῆς</span> 
     </span>
     <span class='ocr_line' id='line_1_42' title="bbox 1135 2158 1984 2212; baseline 0.002 -10"><span class='ocrx_word' id='word_1_273' title='bbox 1135 2161 1196 2202; x_wconf 69' lang='grc' dir='ltr'>τὶν</span> <span class='ocrx_word' id='word_1_274' title='bbox 1230 2163 1383 2200; x_wconf 70' lang='grc' dir='ltr'>πλοῦτον</span> <span class='ocrx_word' id='word_1_275' title='bbox 1404 2158 1484 2201; x_wconf 75' lang='grc' dir='ltr'>εὐί</span> <span class='ocrx_word' id='word_1_276' title='bbox 1514 2160 1554 2200; x_wconf 71' lang='grc' dir='ltr'>τὲ</span> <span class='ocrx_word' id='word_1_277' title='bbox 1585 2162 1655 2212; x_wconf 68' lang='grc' dir='ltr'>μὲν</span> <span class='ocrx_word' id='word_1_278' title='bbox 1689 2161 1848 2212; x_wconf 46' lang='lat' dir='ltr'>Quem</span> <span class='ocrx_word' id='word_1_279' title='bbox 1877 2161 1984 2212; x_wconf 70' lang='grc' dir='ltr'><strong><em>ἔστι,</em></strong></span> 
     </span>
     <span class='ocr_line' id='line_1_43' title="bbox 1138 2222 1983 2286; baseline 0.002 -19"><span class='ocrx_word' id='word_1_280' title='bbox 1138 2229 1329 2286; x_wconf 64' lang='grc' dir='ltr'>Χρήματα</span> <span class='ocrx_word' id='word_1_281' title='bbox 1348 2222 1384 2266; x_wconf 66' lang='grc' dir='ltr'>δ’</span> <span class='ocrx_word' id='word_1_282' title='bbox 1397 2224 1595 2284; x_wconf 59' lang='grc' dir='ltr'>ἄνθρώκων</span> <span class='ocrx_word' id='word_1_283' title='bbox 1616 2227 1744 2268; x_wconf 72' lang='grc' dir='ltr'>ἄλλοτε</span> <span class='ocrx_word' id='word_1_284' title='bbox 1765 2227 1870 2274; x_wconf 73' lang='grc' dir='ltr'>ἄλλος</span> <span class='ocrx_word' id='word_1_285' title='bbox 1885 2230 1983 2281; x_wconf 75' lang='grc' dir='ltr'><strong><em>ἷχιι;</em></strong></span> 
     </span>
     <span class='ocr_line' id='line_1_44' title="bbox 1137 2285 1981 2344; baseline 0.004 -15"><span class='ocrx_word' id='word_1_286' title='bbox 1137 2285 1311 2330; x_wconf 81' lang='lat' dir='ltr'>Solonis</span> <span class='ocrx_word' id='word_1_287' title='bbox 1335 2303 1482 2329; x_wconf 81' lang='lat' dir='ltr'>versus</span> <span class='ocrx_word' id='word_1_288' title='bbox 1509 2286 1562 2329; x_wconf 89' lang='lat' dir='ltr'>ad</span> <span class='ocrx_word' id='word_1_289' title='bbox 1592 2287 1901 2344; x_wconf 80' lang='lat' dir='ltr'>Plutarchum,</span> <span class='ocrx_word' id='word_1_290' title='bbox 1937 2289 1981 2332; x_wconf 92' lang='lat' dir='ltr'>in</span> 
     </span>
     <span class='ocr_line' id='line_1_45' title="bbox 1136 2351 1475 2407; baseline 0 -13"><span class='ocrx_word' id='word_1_291' title='bbox 1136 2351 1334 2407; x_wconf 82' lang='lat' dir='ltr'>ejusdem</span> <span class='ocrx_word' id='word_1_292' title='bbox 1358 2351 1475 2394; x_wconf 80' lang='lat' dir='ltr'>Vita.</span> 
     </span>
    </p>

    <p class='ocr_par' dir='ltr' id='par_1_10' title="bbox 1134 2416 1984 2602">
     <span class='ocr_line' id='line_1_46' title="bbox 1195 2416 1984 2471; baseline 0.004 -12"><span class='ocrx_word' id='word_1_293' title='bbox 1195 2419 1260 2471; x_wconf 86' lang='lat'><strong>40.</strong></span> <span class='ocrx_word' id='word_1_294' title='bbox 1283 2418 1369 2459; x_wconf 85' lang='lat' dir='ltr'>Sed</span> <span class='ocrx_word' id='word_1_295' title='bbox 1378 2421 1580 2471; x_wconf 77' lang='lat' dir='ltr'>probitas.</span> <span class='ocrx_word' id='word_1_296' title='bbox 1612 2416 1701 2461; x_wconf 86' lang='lat' dir='ltr'>Sed</span> <span class='ocrx_word' id='word_1_297' title='bbox 1731 2418 1879 2461; x_wconf 77' lang='lat' dir='ltr'>virtus.</span> <span class='ocrx_word' id='word_1_298' title='bbox 1910 2418 1984 2462; x_wconf 89' lang='lat' dir='ltr'>Sic</span> 
     </span>
     <span class='ocr_line' id='line_1_47' title="bbox 1134 2481 1984 2536; baseline 0.004 -13"><span class='ocrx_word' id='word_1_299' title='bbox 1134 2481 1295 2524; x_wconf 88' lang='lat' dir='ltr'>Juven.</span> <span class='ocrx_word' id='word_1_300' title='bbox 1310 2481 1399 2525; x_wconf 85' lang='lat' dir='ltr'>Sat.</span> <span class='ocrx_word' id='word_1_301' title='bbox 1418 2481 1534 2526; x_wconf 89' lang='lat' dir='ltr'>VIII</span> <span class='ocrx_word' id='word_1_302' title='bbox 1551 2515 1563 2536; x_wconf 90' lang='lat'>,</span> <span class='ocrx_word' id='word_1_303' title='bbox 1584 2499 1660 2535; x_wconf 82' lang='lat'>20,</span> <span class='ocrx_word' id='word_1_304' title='bbox 1677 2485 1877 2525; x_wconf 81' lang='lat' dir='ltr'>nobilitas</span> <span class='ocrx_word' id='word_1_305' title='bbox 1888 2486 1984 2526; x_wconf 85' lang='lat' dir='ltr'>sola</span> 
     </span>
     <span class='ocr_line' id='line_1_48' title="bbox 1134 2544 1886 2602; baseline 0 -14"><span class='ocrx_word' id='word_1_306' title='bbox 1134 2553 1202 2589; x_wconf 80' lang='lat' dir='ltr'>est</span> <span class='ocrx_word' id='word_1_307' title='bbox 1212 2555 1334 2602; x_wconf 81' lang='lat' dir='ltr'><em>atquc</em></span> <span class='ocrx_word' id='word_1_308' title='bbox 1344 2550 1468 2589; x_wconf 79' lang='lat' dir='ltr'>unica</span> <span class='ocrx_word' id='word_1_309' title='bbox 1488 2551 1632 2589; x_wconf 77' lang='lat' dir='ltr'>virtus.</span> <span class='ocrx_word' id='word_1_310' title='bbox 1883 2544 1886 2549; x_wconf 79' lang='grc'><strong>’</strong></span> 
     </span>
    </p>

    <p class='ocr_par' dir='ltr' id='par_1_11' title="bbox 1136 2604 1987 2788">
     <span class='ocr_line' id='line_1_49' title="bbox 1182 2604 1987 2666; baseline 0.001 -14"><span class='ocrx_word' id='word_1_311' title='bbox 1182 2604 1256 2664; x_wconf 62' lang='grc'>42.</span> <span class='ocrx_word' id='word_1_312' title='bbox 1283 2609 1625 2666; x_wconf 71' lang='lat' dir='ltr'>Quumfugerem.</span> <span class='ocrx_word' id='word_1_313' title='bbox 1643 2609 1799 2666; x_wconf 88' lang='lat' dir='ltr'>Quum</span> <span class='ocrx_word' id='word_1_314' title='bbox 1814 2610 1857 2652; x_wconf 91' lang='lat' dir='ltr'>in</span> <span class='ocrx_word' id='word_1_315' title='bbox 1874 2610 1987 2653; x_wconf 81' lang='lat' dir='ltr'>exsi-</span> 
     </span>
     <span class='ocr_line' id='line_1_50' title="bbox 1136 2678 1986 2736; baseline 0.001 -15"><span class='ocrx_word' id='word_1_316' title='bbox 1136 2678 1243 2721; x_wconf 88' lang='lat' dir='ltr'>lium</span> <span class='ocrx_word' id='word_1_317' title='bbox 1260 2678 1748 2736; x_wconf 77' lang='lat' dir='ltr'>proficiscerer.-Quas</span> <span class='ocrx_word' id='word_1_318' title='bbox 1764 2681 1882 2721; x_wconf 80' lang='lat' dir='ltr'>dedit</span> <span class='ocrx_word' id='word_1_319' title='bbox 1896 2683 1986 2735; x_wconf 78' lang='lat' dir='ltr'>ipse</span> 
     </span>
     <span class='ocr_line' id='line_1_51' title="bbox 1136 2743 1657 2788; baseline -0.002 -2"><span class='ocrx_word' id='word_1_320' title='bbox 1136 2746 1249 2788; x_wconf 76' lang='lat' dir='ltr'>mihi.</span> <span class='ocrx_word' id='word_1_321' title='bbox 1267 2747 1347 2787; x_wconf 90' lang='lat' dir='ltr'>Ille</span> <span class='ocrx_word' id='word_1_322' title='bbox 1363 2743 1577 2788; x_wconf 87' lang='lat' dir='ltr'>meliores.</span> <span class='ocrx_word' id='word_1_323' title='bbox 1597 2745 1657 2787; x_wconf 89' lang='lat' dir='ltr'>H.</span> 
     </span>
    </p>

    <p class='ocr_par' dir='ltr' id='par_1_12' title="bbox 1139 2808 1980 2929">
     <span class='ocr_line' id='line_1_52' title="bbox 1192 2808 1980 2863; baseline 0.001 -12"><span class='ocrx_word' id='word_1_324' title='bbox 1192 2809 1258 2862; x_wconf 84' lang='lat'><strong>43.</strong></span> <span class='ocrx_word' id='word_1_325' title='bbox 1279 2811 1419 2852; x_wconf 82' lang='lat' dir='ltr'>Raros</span> <span class='ocrx_word' id='word_1_326' title='bbox 1442 2825 1586 2852; x_wconf 81' lang='lat' dir='ltr'>mores.</span> <span class='ocrx_word' id='word_1_327' title='bbox 1608 2808 1761 2851; x_wconf 88' lang='lat' dir='ltr'>Mores</span> <span class='ocrx_word' id='word_1_328' title='bbox 1785 2808 1950 2852; x_wconf 88' lang='lat' dir='ltr'>nobiles</span> <span class='ocrx_word' id='word_1_329' title='bbox 1968 2842 1980 2863; x_wconf 91' lang='lat'><strong><em>,</em></strong></span> 
     </span>
     <span class='ocr_line' id='line_1_53' title="bbox 1139 2873 1687 2929; baseline 0.004 -14"><span class='ocrx_word' id='word_1_330' title='bbox 1139 2874 1212 2929; x_wconf 89' lang='lat' dir='ltr'>qui</span> <span class='ocrx_word' id='word_1_331' title='bbox 1230 2874 1273 2916; x_wconf 90' lang='lat' dir='ltr'>in</span> <span class='ocrx_word' id='word_1_332' title='bbox 1300 2875 1406 2916; x_wconf 87' lang='lat' dir='ltr'>raris</span> <span class='ocrx_word' id='word_1_333' title='bbox 1427 2890 1516 2917; x_wconf 86' lang='lat' dir='ltr'>esse</span> <span class='ocrx_word' id='word_1_334' title='bbox 1538 2873 1687 2917; x_wconf 85' lang='lat' dir='ltr'>solent.</span> 
     </span>
    </p>

    <p class='ocr_par' dir='ltr' id='par_1_13' title="bbox 1140 2941 1985 3050">
     <span class='ocr_line' id='line_1_54' title="bbox 1193 2941 1985 2994; baseline 0 -13"><span class='ocrx_word' id='word_1_335' title='bbox 1193 2941 1257 2993; x_wconf 88' lang='lat'><strong>44.</strong></span> <span class='ocrx_word' id='word_1_336' title='bbox 1286 2942 1466 2982; x_wconf 82' lang='lat' dir='ltr'>Venturi.</span> <span class='ocrx_word' id='word_1_337' title='bbox 1496 2947 1586 2988; x_wconf 74' lang='grc' dir='ltr'>Τοῖς</span> <span class='ocrx_word' id='word_1_338' title='bbox 1617 2942 1851 2994; x_wconf 61' lang='grc' dir='ltr'>ἐσσομένοισι</span> <span class='ocrx_word' id='word_1_339' title='bbox 1875 2943 1985 2982; x_wconf 66' lang='grc' dir='ltr'><em>πυθέ-</em></span> 
     </span>
     <span class='ocr_line' id='line_1_55' title="bbox 1140 3005 1444 3050; baseline -0.013 0"><span class='ocrx_word' id='word_1_340' title='bbox 1140 3015 1242 3050; x_wconf 79' lang='grc' dir='ltr'><strong><em>σθαι.</em></strong></span> <span class='ocrx_word' id='word_1_341' title='bbox 1263 3005 1444 3046; x_wconf 86' lang='lat' dir='ltr'>Homer.</span> 
     </span>
    </p>

    <p class='ocr_par' dir='ltr' id='par_1_14' title="bbox 1141 3070 1989 3453">
     <span class='ocr_line' id='line_1_56' title="bbox 1195 3070 1988 3125; baseline -0.003 -12"><span class='ocrx_word' id='word_1_342' title='bbox 1195 3071 1259 3125; x_wconf 80' lang='lat'>46.</span> <span class='ocrx_word' id='word_1_343' title='bbox 1279 3072 1374 3112; x_wconf 90' lang='lat' dir='ltr'>Hoc</span> <span class='ocrx_word' id='word_1_344' title='bbox 1390 3073 1525 3112; x_wconf 83' lang='lat' dir='ltr'>solum</span> <span class='ocrx_word' id='word_1_345' title='bbox 1539 3077 1604 3110; x_wconf 85' lang='lat' dir='ltr'>est</span> <span class='ocrx_word' id='word_1_346' title='bbox 1624 3072 1741 3118; x_wconf 50' lang='lat' dir='ltr'>istim</span> <span class='ocrx_word' id='word_1_347' title='bbox 1767 3070 1880 3123; x_wconf 85' lang='lat' dir='ltr'>quod</span> <span class='ocrx_word' id='word_1_348' title='bbox 1888 3071 1988 3111; x_wconf 84' lang='lat' dir='ltr'>licet</span> 
     </span>
     <span class='ocr_line' id='line_1_57' title="bbox 1144 3132 1989 3189; baseline -0.004 -10"><span class='ocrx_word' id='word_1_349' title='bbox 1144 3153 1236 3180; x_wconf 84' lang='lat' dir='ltr'>esse</span> <span class='ocrx_word' id='word_1_350' title='bbox 1256 3151 1399 3178; x_wconf 85' lang='lat' dir='ltr'>meum.</span> <span class='ocrx_word' id='word_1_351' title='bbox 1423 3135 1487 3178; x_wconf 89' lang='lat' dir='ltr'>Ita</span> <span class='ocrx_word' id='word_1_352' title='bbox 1506 3143 1549 3177; x_wconf 84' lang='lat' dir='ltr'>et</span> <span class='ocrx_word' id='word_1_353' title='bbox 1567 3132 1714 3189; x_wconf 87' lang='lat' dir='ltr'>scripti</span> <span class='ocrx_word' id='word_1_354' title='bbox 1738 3149 1748 3176; x_wconf 92' lang='lat'>:</span> <span class='ocrx_word' id='word_1_355' title='bbox 1767 3132 1842 3176; x_wconf 84' lang='lat' dir='ltr'>sed</span> <span class='ocrx_word' id='word_1_356' title='bbox 1860 3136 1989 3189; x_wconf 81' lang='lat' dir='ltr'>liquet</span> 
     </span>
     <span class='ocr_line' id='line_1_58' title="bbox 1141 3197 1982 3256; baseline -0.007 -11"><span class='ocrx_word' id='word_1_357' title='bbox 1141 3218 1232 3245; x_wconf 86' lang='lat' dir='ltr'>esse</span> <span class='ocrx_word' id='word_1_358' title='bbox 1255 3198 1560 3256; x_wconf 86' lang='lat' dir='ltr'>reponendum</span> <span class='ocrx_word' id='word_1_359' title='bbox 1582 3215 1592 3242; x_wconf 88' lang='lat'>:</span> <span class='ocrx_word' id='word_1_360' title='bbox 1614 3198 1673 3240; x_wconf 88' lang='lat' dir='ltr'>sic</span> <span class='ocrx_word' id='word_1_361' title='bbox 1693 3197 1823 3241; x_wconf 88' lang='lat' dir='ltr'>Trist.</span> <span class='ocrx_word' id='word_1_362' title='bbox 1841 3197 1911 3240; x_wconf 85' lang='lat' dir='ltr'>lib.</span> <span class='ocrx_word' id='word_1_363' title='bbox 1931 3197 1951 3240; x_wconf 93' lang='lat' dir='ltr'>I</span> <span class='ocrx_word' id='word_1_364' title='bbox 1970 3231 1982 3251; x_wconf 86' lang='lat'>‚</span> 
     </span>
     <span class='ocr_line' id='line_1_59' title="bbox 1144 3262 1983 3320; baseline -0.006 -11"><span class='ocrx_word' id='word_1_365' title='bbox 1144 3266 1210 3309; x_wconf 81' lang='lat' dir='ltr'>El.</span> <span class='ocrx_word' id='word_1_366' title='bbox 1230 3279 1247 3307; x_wconf 92' lang='lat'>1</span> <span class='ocrx_word' id='word_1_367' title='bbox 1267 3298 1279 3320; x_wconf 90' lang='lat'>,</span> <span class='ocrx_word' id='word_1_368' title='bbox 1302 3265 1353 3307; x_wconf 79' lang='lat'>62</span> <span class='ocrx_word' id='word_1_369' title='bbox 1371 3297 1384 3319; x_wconf 89' lang='lat'>,</span> <span class='ocrx_word' id='word_1_370' title='bbox 1403 3263 1533 3306; x_wconf 89' lang='lat' dir='ltr'>simili</span> <span class='ocrx_word' id='word_1_371' title='bbox 1556 3262 1690 3305; x_wconf 86' lang='lat' dir='ltr'>modo</span> <span class='ocrx_word' id='word_1_372' title='bbox 1716 3271 1915 3319; x_wconf 87' lang='lat' dir='ltr'>peccatur</span> <span class='ocrx_word' id='word_1_373' title='bbox 1938 3263 1983 3304; x_wconf 91' lang='lat' dir='ltr'>in</span> 
     </span>
     <span class='ocr_line' id='line_1_60' title="bbox 1141 3327 1985 3379; baseline -0.007 -6"><span class='ocrx_word' id='word_1_374' title='bbox 1141 3331 1258 3374; x_wconf 90' lang='lat' dir='ltr'>libris</span> <span class='ocrx_word' id='word_1_375' title='bbox 1280 3330 1458 3373; x_wconf 86' lang='lat' dir='ltr'>vetustis</span> <span class='ocrx_word' id='word_1_376' title='bbox 1479 3345 1490 3371; x_wconf 71' lang='grc' dir='ltr'><strong><em>ι</em></strong></span> <span class='ocrx_word' id='word_1_377' title='bbox 1512 3347 1533 3365; x_wconf 93' lang='lat'>«</span> <span class='ocrx_word' id='word_1_378' title='bbox 1553 3328 1835 3371; x_wconf 88' lang='lat' dir='ltr'>Dissimulare</span> <span class='ocrx_word' id='word_1_379' title='bbox 1856 3327 1960 3371; x_wconf 72' lang='lat' dir='ltr'>velis</span> <span class='ocrx_word' id='word_1_380' title='bbox 1974 3359 1985 3379; x_wconf 82' lang='lat'>,</span> 
     </span>
     <span class='ocr_line' id='line_1_61' title="bbox 1142 3395 1753 3453; baseline -0.007 -13"><span class='ocrx_word' id='word_1_381' title='bbox 1142 3407 1185 3440; x_wconf 81' lang='lat' dir='ltr'>te.</span> <span class='ocrx_word' id='word_1_382' title='bbox 1204 3397 1340 3453; x_wconf 87' lang='lat' dir='ltr'>liquet</span> <span class='ocrx_word' id='word_1_383' title='bbox 1357 3413 1446 3440; x_wconf 84' lang='lat' dir='ltr'>esse</span> <span class='ocrx_word' id='word_1_384' title='bbox 1469 3411 1627 3439; x_wconf 82' lang='lat' dir='ltr'>meam.</span> <span class='ocrx_word' id='word_1_385' title='bbox 1648 3413 1670 3433; x_wconf 67' lang='lat' dir='ltr'>n</span> <span class='ocrx_word' id='word_1_386' title='bbox 1692 3395 1753 3437; x_wconf 91' lang='lat' dir='ltr'><strong>H.</strong></span> 
     </span>
    </p>
   </div>
  </div>
 </body>
</html>
