2280 3776
511 330 616 384 EX
662 324 959 383 PONTO
1000 330 1157 384 LIB.
1203 330 1335 383 111.
1378 329 1652 384 EPIST.
1698 329 1759 384 1.‘
1906 334 2011 408 375

325 447 436 507 Pro
461 445 665 507 nostris
693 459 756 506 ut
777 445 858 506 sis
885 444 1175 507 ambitiosa
1202 445 1376 507 malis.

246 543 326 602 Ut
354 542 532 602 minus
556 539 751 603 infesta
777 539 977 622 jaceam
1009 541 1267 619 regione,
1295 541 1518 602 labora:
1960 558 2016 603 85

332 637 540 699 Clauda
567 660 664 698 nec
696 635 861 697 officii
893 660 1022 721 pars
1052 637 1155 697 erit
1185 636 1294 700 ulla
1328 638 1422 699 tui.

250 734 453 812 Magna
479 727 638 817 pem,
665 733 761 795 sed
790 757 899 795 non
935 749 1115 805 tamen
1142 733 1410 797 invidiosa
1435 735 1687 814 roganti:

328 833 515 915 thue
542 855 602 892 ea
631 856 745 893 non
780 847 987 905 teneas,
1019 847 1135 893 tuta
1162 829 1380 915 repulsa
1412 847 1501 893 tua
1534 846 1631 894 est.

248 930 364 990 Nec
393 929 528 990 mihi
557 953 838 1003 succense,
874 929 1037 990 toties
1071 931 1115 990 si
1148 929 1384 990 carmine
1412 945 1634 1003 nostr0,

331 1028 503 1106 Quod
531 1026 691 1100 sacis,
718 1042 781 1089 ut
811 1027 1006 1099 facias,
1037 1042 1197 1111 teque
1225 1027 1459 1100 imitere,
1491 1052 1648 1108 rogo.
1970 1062 2026 1103 0⁰

248 1122 512 1185 Fortibus
542 1124 789 1185 adsuevit
816 1123 1035 1185 tubicen
1068 1124 1357 1208 prodesse,
1390 1149 1603 1209 suoque

334 1219 466 1280 Dux
489 1220 635 1280 bene
661 1236 974 1304 pugnantes
1004 1221 1196 1283 incitat
1227 1236 1322 1282 ore
1348 1222 1541 1286 viros..

249 1317 397 1380 Nota
420 1331 512 1377 tua
541 1331 623 1378 est
650 1318 930 1402 probitaS,
969 1333 1269 1403 testataque
1302 1335 1519 1404 tempus
1550 1321 1608 1381 in
1637 1343 1799 1381 omne
1823 1344 1836 1380 :

331 1411 418 1473 Sit
445 1412 619 1474 virtus
645 1413 805 1474 etiam
836 1439 946 1476 non
979 1415 1258 1500 probitate
1286 1416 1480 1476 minor,

253 1507 384 1568 Non
411 1507 514 1568 tibi
544 1510 837 1571 Amazonia
866 1526 950 1569 est
977 1535 1082 1592 pro
1114 1534 1199 1569 me
1229 1513 1492 1570 sumenda
1524 1511 1757 1582 securiS,
1975 1530 2031 1589 95

336 1604 453 1665 Aut
480 1606 655 1667 excisa
685 1605 784 1666 levi
810 1605 953 1689 pelta
982 1605 1214 1685 gerenda
1246 1630 1426 1668 manu.

256 1699 473 1760 Numen
505 1701 846 1762 adorandum
876 1715 986 1773 est;
1017 1726 1129 1762 non
1164 1717 1229 1762 ut
1257 1701 1391 1762 mihi
1419 1700 1512 1762 fiat
1539 1701 1770 1765 amicum
1792 1748 1807 1774 ,

312 1841 378 1895 84.
403 1841 464 1883 Ut
476 1845 540 1883 sis
556 1844 794 1884 ambitiosa.
814 1841 880 1885 Ut
893 1841 948 1885 sis
962 1849 1104 1898 capta-

258 1903 339 1947 trix
368 1903 525 1947 favoris
555 1914 599 1948 et
624 1903 942 1948 misericocdiae.
975 1906 1104 1948 Mna.

260 1971 342 2014 Vel
367 1971 470 2015 utin
490 1971 726 2015 obtinenda
742 1971 847 2015 mihi
866 1971 997 2015 exsilii
1015 1987 1105 2014 mu-

256 2037 420 2085 tatione
438 2036 641 2081 omnibus
661 2037 834 2081 laudem
857 2037 1076 2094 preripias
1091 2071 1102 2089 ,

257 2111 302 2148 et
324 2100 498 2149 videare
527 2104 622 2162 ejus
651 2103 715 2148 rei
740 2103 959 2148 adfectare
982 2105 1106 2162 prin-

257 2167 462 2226 cipatum.
482 2169 629 2214 Pon‘r.
740 2179 760 2223 χ

313 2235 379 2279 86.
395 2235 560 2278 clauda
577 2252 653 2281 nec
666 2235 804 2294 officii
807 2252 912 2292 pars
927 2239 1008 2280 eri!
1018 2239 1109 2279 ulla

259 2303 333 2342 tui.
354 2297 403 2344 Si
421 2298 505 2343 hoe
528 2299 634 2343 mihi
651 2333 663 2355 ,
691 2300 833 2356 inquit
849 2333 862 2355 ‚
895 2301 1108 2357 praestite-

264 2364 348 2420 ris,
371 2364 538 2409 nullam
564 2365 693 2411 officii
717 2366 778 2410 tui
802 2375 970 2422 partem
995 2367 1107 2411 desi-

261 2429 445 2483 derabm
462 2439 507 2491 et
525 2431 646 2474 omni
661 2447 712 2474 ex
727 2439 847 2488 parte
864 2431 1111 2488 perfectum

262 2494 346 2540 erit
366 2494 563 2540 officium
586 2504 726 2540 tuum.

316 2561 382 2617 87.
416 2562 502 2604 Sed
522 2578 604 2604 non
632 2569 771 2605 tamen
796 2565 1006 2606 invidiosa
1035 2579 1113 2606 ro-

261 2631 395 2682 ganti·
417 2625 506 2671 Sed
530 2635 676 2670 tamen
701 2627 868 2671 nullam
894 2628 972 2671 tibi
996 2629 1112 2671 invi-

265 2690 381 2735 diam
400 2701 444 2736 et
456 2691 819 2736 detrectationem
834 2726 847 2748 ,
869 2710 948 2737 seu
961 2693 1114 2738 odium

265 2757 558 2804 conciliatura.

321 2823 387 2870 88.
412 2825 546 2880 thue
558 2840 610 2867 ea
624 2840 705 2867 non
723 2833 879 2869 teneas.
896 2825 955 2869 Et
968 2841 1130 2882 quam·-

268 2886 334 2930 vis
356 2903 449 2931 non
468 2888 665 2932 obtineas
681 2906 777 2947 quae
795 2905 875 2946 pro
894 2907 965 2934 me
984 2899 1117 2948 petes.

269 2974 325 2985 -
343 2953 456 2996 Tuta
473 2956 640 3009 repulsa
660 2963 734 2998 tua
746 2963 821 2999 est.
842 2955 890 2999 Si
911 2955 1118 3011 rejicieris

270 3032 318 3059 re
337 3014 498 3060 infecta
513 3050 525 3073 ,
545 3017 655 3062 nihil
669 3020 724 3064 ob
742 3019 785 3062 id
806 3020 884 3065 tibi
902 3020 1004 3064 mali
1018 3037 1118 3064 con—

272 3083 426 3141 tinget.

324 3164 393 3208 90.
421 3150 482 3192 Ut
487 3149 641 3205 facias
660 3149 912 3207 quodsacis.
925 3151 994 3195 Ut
1011 3151 1120 3195 mihi

273 3212 497 3270 opituleris
510 3247 522 3268 ,
547 3214 922 3271 quemadmodum
940 3214 1057 3260 facis.
1068 3239 1122 3249 -·

283 3282 416 3337 Teque
430 3284 600 3326 imitere.
619 3282 678 3325 Et
692 3298 797 3337 rogo
813 3282 944 3326 etiam
957 3315 970 3338 ‚
990 3293 1040 3328 ut
1053 3301 1121 3328 ve·

279 3347 330 3391 lis
350 3364 492 3390 mores
511 3356 555 3391 et
574 3356 776 3406 naturam
796 3355 915 3390 tuam
932 3347 1091 3393 imitari
1109 3384 1120 3405 ,

281 3429 364 3469 qun
377 3413 486 3456 soles
497 3421 650 3469 sponte
664 3428 838 3470 semper
850 3412 904 3458 de
919 3414 1123 3466 omnibus

277 3476 388 3520 bene
413 3477 588 3521 mereri.
631 3482 634 3485 “

1238 1858 1305 1899 9¹·
1328 1843 1520 1883 Fortibus
1542 1843 1737 1883 adsum?
1756 1845 1921 1886 tubicen
1934 1860 2039 1899 pro-

1181 1907 1315 1950 desse.
1342 1905 1736 1960 Quemadmodum
1761 1907 1804 1950 iu
1830 1907 1944 1951 bello
1965 1917 2039 1953 tu-

1183 1971 1307 2015 bicen
1334 1981 1463 2015 cantu
1481 1971 1617 2015 fortes
1636 1972 1794 2016 milites
1813 1974 2009 2018 accendit
2023 2008 2037 2029 ,

1182 2047 1227 2081 et
1247 2040 1387 2081 bonus
1410 2037 1542 2081 etiam
1573 2037 1812 2092 imperator
1837 2041 2038 2084 oratione

1184 2101 1412 2146 alacriores
1434 2101 1577 2145 reddit
1600 2103 1683 2146 :sir
1698 2121 1743 2146 se
1763 2102 1867 2147 dicit
1880 2120 1935 2147 eo
1948 2121 2040 2147 mo·

1186 2168 1245 2211 do
1265 2184 1446 2211 uxorem
1471 2176 1628 2224 sponte
1655 2168 1877 2212 incitatam
1904 2169 2038 2213 etiam

1186 2232 1368 2277 hortari.

1224 2301 1309 2359 ,94
1335 2301 1403 2343 Sit
1419 2303 1551 2341 virtus
1574 2303 1700 2342 etiam
1726 2316 1808 2342 non
1827 2303 2040 2354 probitate

1187 2370 1330 2410 minor.
1351 2365 1516 2409 Versus
1537 2367 1697 2408 merito
1717 2376 1939 2422 suspectus
1960 2366 2041 2410 mi-

1187 2433 1315 2476 hi.H.
1329 2457 1382 2464 —
1399 2432 1588 2476 Videtur
1601 2442 1749 2476 tamen
1770 2443 1958 2489 purgata
1973 2434 2042 2477 fa-

1188 2498 1289 2543 cilis.
1322 2501 1580 2542 probitatem
1598 2531 1609 2547 ,
1645 2498 1688 2541 id
1723 2508 1789 2542 est
1826 2515 1971 2543 mores
1995 2509 2041 2543 et

1190 2565 1400 2610 affectum
1430 2564 1575 2608 laudat
1603 2583 1613 2616 3
1653 2570 1842 2610 virtutem
1856 2601 1865 2615 .
1902 2566 1947 2609 id
1977 2575 2042 2610 est

1189 2630 1498 2674 fortitudinem
1515 2630 1788 2687 aliquantum
1803 2631 2040 2675 desiderat:

1191 2696 1236 2741 id
1251 2700 1462 2742 abitt-:rou
1477 2695 1595 2752 quod
1614 2697 1855 2752 precessit,
1877 2706 1969 2740 tuta
1983 2714 2045 2739 re-

1185 2765 1315 2817 pulsa
1334 2771 1408 2805 tua
1422 2771 1488 2805 cst
1509 2779 1519 2807 ε
1538 2763 1766 2819 sequeutia
1788 2779 1894 2806 vero
1914 2779 2044 2820 aper-

1192 2829 1279 2873 tius
1288 2828 1531 2881 declarant;
1546 2829 1651 2873 illud
1667 2830 1882 2887 praecipue
1898 2862 1911 2883 ,
1931 2831 2051 2884 Quid

1194 2895 1379 2948 trepidas
1392 2927 1402 2944 ,
1427 2904 1471 2937 et
1486 2899 1605 2937 adire
1620 2899 1755 2938 times.

1246 2963 1318 3019 95.
1338 2962 1428 3006 Nec
1448 2965 1533 3006 tibi
1546 2962 1791 3005 Amazonia
1809 2970 1885 3004 est.
1907 2965 1962 3004 Τό
1984 2969 2051 3003 est

1197 3025 1325 3069 multi
1344 3025 1513 3070 codices
1531 3043 1623 3069 non
1645 3035 1898 3082 agnoscunt.
1911 3025 2045 3069 Forte

1198 3091 1465 3134 Amazonios
1483 3096 1651 3135 securis.
1670 3090 1823 3134 Graeca
1839 3090 2048 3134 enuntia-

1201 3157 1333 3200 tione.
1356 3157 1523 3202 Hms.

1251 3224 1318 3283 96.
1340 3226 1559 3279 Autpella
1578 3228 1737 3267 excels-a.
1764 3223 1856 3266 Aut
1873 3232 2047 3268 scutum

1201 3287 1254 3330 ad
1273 3287 1607 3331 similitudinem
1626 3288 1742 3332 lunae
1760 3288 1849 3344 iam
1864 3287 2044 3341 mediae,

1201 3367 1288 3407 quo
1309 3352 1556 3396 Amazones
1575 3353 1825 3396 utebantur.

1255 3433 1321 3474 97.
1333 3419 1495 3462 Numen
1508 3419 1767 3461 adorandum
1779 3427 1855 3462 est.
1870 3418 1959 3461 Per
1971 3433 2047 3459 nu·

1203 3495 1308 3524 men
1336 3514 1348 3535 ‚
1383 3481 1633 3538 Augustum
1663 3481 1868 3538 intellige.
1905 3481 2047 3523 Docet
