<?xml version="1.0" encoding="UTF-8"?>
<!DOCTYPE html PUBLIC "-//W3C//DTD XHTML 1.0 Transitional//EN"
    "http://www.w3.org/TR/xhtml1/DTD/xhtml1-transitional.dtd">
<html xmlns="http://www.w3.org/1999/xhtml" xml:lang="en" lang="en">
 <head>
  <title>
</title>
<meta http-equiv="Content-Type" content="text/html;charset=utf-8" />
  <meta name='ocr-system' content='tesseract 3.04.00' />
  <meta name='ocr-capabilities' content='ocr_page ocr_carea ocr_par ocr_line ocrx_word'/>
</head>
<body>
  <div class='ocr_page' id='page_1' title='image "./quaeextantomniao07oviduoft_0502.png"; bbox 0 0 2280 3776; ppageno 0'>
   <div class='ocr_carea' id='block_1_1' title="bbox 236 272 1426 369">
    <p class='ocr_par' dir='ltr' id='par_1_1' title="bbox 236 272 1426 369">
     <span class='ocr_line' id='line_1_1' title="bbox 236 272 1426 369; baseline 0.008 -17"><span class='ocrx_word' id='word_1_1' title='bbox 236 301 344 369; x_wconf 70' lang='lat'><strong>488</strong></span> <span class='ocrx_word' id='word_1_2' title='bbox 797 303 966 358; x_wconf 74' lang='lat' dir='ltr'><strong>mc.</strong></span> <span class='ocrx_word' id='word_1_3' title='bbox 1013 272 1426 362; x_wconf 68' lang='lat' dir='ltr'><strong>11E1Nsius</strong></span> 
     </span>
    </p>
   </div>
   <div class='ocr_carea' id='block_1_2' title="bbox 235 418 1721 600">
    <p class='ocr_par' dir='ltr' id='par_1_2' title="bbox 235 418 1721 600">
     <span class='ocr_line' id='line_1_2' title="bbox 235 418 1721 504; baseline 0.007 -27"><span class='ocrx_word' id='word_1_4' title='bbox 235 420 454 496; x_wconf 88' lang='lat' dir='ltr'><strong>Ingeret</strong></span> <span class='ocrx_word' id='word_1_5' title='bbox 481 419 585 478; x_wconf 90' lang='lat' dir='ltr'><strong>hoc</strong></span> <span class='ocrx_word' id='word_1_6' title='bbox 616 418 838 500; x_wconf 89' lang='lat' dir='ltr'><strong>populis</strong></span> <span class='ocrx_word' id='word_1_7' title='bbox 868 420 1076 480; x_wconf 89' lang='lat' dir='ltr'><strong>facinus</strong></span> <span class='ocrx_word' id='word_1_8' title='bbox 1102 420 1192 504; x_wconf 90' lang='lat' dir='ltr'><strong>pia</strong></span> <span class='ocrx_word' id='word_1_9' title='bbox 1219 421 1359 482; x_wconf 89' lang='lat' dir='ltr'><strong>fama</strong></span> <span class='ocrx_word' id='word_1_10' title='bbox 1382 425 1684 486; x_wconf 83' lang='lat' dir='ltr'><strong>notandum</strong></span> <span class='ocrx_word' id='word_1_11' title='bbox 1709 451 1721 487; x_wconf 90' lang='lat'>:</span> 
     </span>
     <span class='ocr_line' id='line_1_3' title="bbox 317 516 1458 600; baseline 0.004 -24"><span class='ocrx_word' id='word_1_12' title='bbox 317 516 482 577; x_wconf 85' lang='lat' dir='ltr'><strong>Saecla</strong></span> <span class='ocrx_word' id='word_1_13' title='bbox 517 517 599 577; x_wconf 92' lang='lat' dir='ltr'><strong>sui</strong></span> <span class='ocrx_word' id='word_1_14' title='bbox 630 541 843 576; x_wconf 90' lang='lat' dir='ltr'><strong>causam</strong></span> <span class='ocrx_word' id='word_1_15' title='bbox 872 532 1090 600; x_wconf 89' lang='lat' dir='ltr'><strong>postera</strong></span> <span class='ocrx_word' id='word_1_16' title='bbox 1118 519 1254 579; x_wconf 90' lang='lat' dir='ltr'><strong>vatis</strong></span> <span class='ocrx_word' id='word_1_17' title='bbox 1283 535 1458 597; x_wconf 86' lang='lat' dir='ltr'><strong>agent.</strong></span> 
     </span>
    </p>
   </div>
   <div class='ocr_carea' id='block_1_3' title="bbox 235 611 1857 695">
    <p class='ocr_par' dir='ltr' id='par_1_3' title="bbox 235 611 1857 695">
     <span class='ocr_line' id='line_1_4' title="bbox 235 611 1857 695; baseline 0.005 -24"><span class='ocrx_word' id='word_1_18' title='bbox 235 614 301 671; x_wconf 95' lang='lat' dir='ltr'><strong>In</strong></span> <span class='ocrx_word' id='word_1_19' title='bbox 333 627 383 671; x_wconf 89' lang='lat' dir='ltr'><strong>te</strong></span> <span class='ocrx_word' id='word_1_20' title='bbox 416 611 645 671; x_wconf 87' lang='lat' dir='ltr'><strong>Helicon</strong></span> <span class='ocrx_word' id='word_1_21' title='bbox 681 612 998 695; x_wconf 90' lang='lat' dir='ltr'><strong>Pimpleque</strong></span> <span class='ocrx_word' id='word_1_22' title='bbox 1026 615 1209 674; x_wconf 84' lang='lat' dir='ltr'>minax</span> <span class='ocrx_word' id='word_1_23' title='bbox 1235 615 1346 675; x_wconf 92' lang='lat' dir='ltr'><strong>fera</strong></span> <span class='ocrx_word' id='word_1_24' title='bbox 1372 615 1517 676; x_wconf 90' lang='lat' dir='ltr'><strong>bella</strong></span> <span class='ocrx_word' id='word_1_25' title='bbox 1541 641 1820 679; x_wconf 87' lang='lat' dir='ltr'>movemus</span> <span class='ocrx_word' id='word_1_26' title='bbox 1845 643 1857 679; x_wconf 92' lang='lat'><strong>:</strong></span> 
     </span>
    </p>
   </div>
   <div class='ocr_carea' id='block_1_4' title="bbox 238 708 1786 3490">
    <p class='ocr_par' dir='ltr' id='par_1_4' title="bbox 238 708 1786 3490">
     <span class='ocr_line' id='line_1_5' title="bbox 320 708 1640 792; baseline 0.005 -25"><span class='ocrx_word' id='word_1_27' title='bbox 320 708 466 767; x_wconf 86' lang='lat' dir='ltr'><strong>Hinc</strong></span> <span class='ocrx_word' id='word_1_28' title='bbox 496 732 562 767; x_wconf 91' lang='lat' dir='ltr'><strong>en</strong></span> <span class='ocrx_word' id='word_1_29' title='bbox 592 708 736 768; x_wconf 83' lang='lat' dir='ltr'><strong>dicta</strong></span> <span class='ocrx_word' id='word_1_30' title='bbox 765 709 896 780; x_wconf 88' lang='lat' dir='ltr'><strong>tibi,</strong></span> <span class='ocrx_word' id='word_1_31' title='bbox 932 710 1112 769; x_wconf 86' lang='lat' dir='ltr'><strong>Caesar</strong></span> <span class='ocrx_word' id='word_1_32' title='bbox 1139 710 1356 792; x_wconf 85' lang='lat' dir='ltr'><strong>inique,</strong></span> <span class='ocrx_word' id='word_1_33' title='bbox 1386 711 1514 791; x_wconf 83' lang='lat' dir='ltr'><strong>fuga</strong></span> <span class='ocrx_word' id='word_1_34' title='bbox 1542 728 1640 773; x_wconf 88' lang='lat' dir='ltr'><strong>est.</strong></span> 
     </span>
     <span class='ocr_line' id='line_1_6' title="bbox 240 802 1669 890; baseline 0.004 -28"><span class='ocrx_word' id='word_1_35' title='bbox 240 802 571 880; x_wconf 81' lang='lat' dir='ltr'><strong>Sacrilegum</strong></span> <span class='ocrx_word' id='word_1_36' title='bbox 603 802 734 863; x_wconf 89' lang='lat' dir='ltr'><strong>flent</strong></span> <span class='ocrx_word' id='word_1_37' title='bbox 763 805 926 864; x_wconf 89' lang='lat' dir='ltr'><strong>Musa</strong></span> <span class='ocrx_word' id='word_1_38' title='bbox 953 804 1102 864; x_wconf 90' lang='lat' dir='ltr'><strong>nefas</strong></span> <span class='ocrx_word' id='word_1_39' title='bbox 1131 819 1302 865; x_wconf 89' lang='lat' dir='ltr'><strong>atrata</strong></span> <span class='ocrx_word' id='word_1_40' title='bbox 1334 806 1669 890; x_wconf 84' lang='lat' dir='ltr'><strong>Charisque:</strong></span> 
     </span>
     <span class='ocr_line' id='line_1_7' title="bbox 319 898 1375 981; baseline 0.004 -23"><span class='ocrx_word' id='word_1_41' title='bbox 319 901 445 981; x_wconf 90' lang='lat' dir='ltr'><strong>Ipse</strong></span> <span class='ocrx_word' id='word_1_42' title='bbox 478 898 719 959; x_wconf 89' lang='lat' dir='ltr'><strong>Palatina</strong></span> <span class='ocrx_word' id='word_1_43' title='bbox 754 899 848 959; x_wconf 86' lang='lat' dir='ltr'><strong>sset</strong></span> <span class='ocrx_word' id='word_1_44' title='bbox 874 901 1038 960; x_wconf 90' lang='lat' dir='ltr'><strong>miser</strong></span> <span class='ocrx_word' id='word_1_45' title='bbox 1063 901 1173 961; x_wconf 89' lang='lat' dir='ltr'><strong>aede</strong></span> <span class='ocrx_word' id='word_1_46' title='bbox 1197 902 1375 974; x_wconf 88' lang='lat' dir='ltr'><strong>Deus;</strong></span> 
     </span>
     <span class='ocr_line' id='line_1_8' title="bbox 239 993 1620 1076; baseline 0.006 -23"><span class='ocrx_word' id='word_1_47' title='bbox 239 997 469 1054; x_wconf 83' lang='lat' dir='ltr'>Pectora</span> <span class='ocrx_word' id='word_1_48' title='bbox 497 1018 622 1054; x_wconf 91' lang='lat' dir='ltr'><strong>nam</strong></span> <span class='ocrx_word' id='word_1_49' title='bbox 655 993 793 1053; x_wconf 89' lang='lat' dir='ltr'><strong>nulli</strong></span> <span class='ocrx_word' id='word_1_50' title='bbox 823 996 1145 1076; x_wconf 86' lang='lat' dir='ltr'><strong>praesentior</strong></span> <span class='ocrx_word' id='word_1_51' title='bbox 1168 997 1309 1075; x_wconf 88' lang='lat' dir='ltr'><strong>egit,</strong></span> <span class='ocrx_word' id='word_1_52' title='bbox 1341 1012 1395 1058; x_wconf 88' lang='lat' dir='ltr'><strong>et</strong></span> <span class='ocrx_word' id='word_1_53' title='bbox 1421 999 1620 1060; x_wconf 90' lang='lat' dir='ltr'><strong>hausto</strong></span> 
     </span>
     <span class='ocr_line' id='line_1_9' title="bbox 317 1091 1372 1177; baseline 0.003 -25"><span class='ocrx_word' id='word_1_54' title='bbox 317 1092 550 1169; x_wconf 85' lang='lat' dir='ltr'>Largius</span> <span class='ocrx_word' id='word_1_55' title='bbox 580 1092 774 1152; x_wconf 87' lang='lat' dir='ltr'><strong>Aoniae</strong></span> <span class='ocrx_word' id='word_1_56' title='bbox 799 1091 953 1151; x_wconf 86' lang='lat' dir='ltr'><strong>fonte</strong></span> <span class='ocrx_word' id='word_1_57' title='bbox 976 1093 1174 1172; x_wconf 84' lang='lat' dir='ltr'><strong>rigavit</strong></span> <span class='ocrx_word' id='word_1_58' title='bbox 1201 1118 1372 1177; x_wconf 83' lang='lat' dir='ltr'><strong>aquae.</strong></span> 
     </span>
     <span class='ocr_line' id='line_1_10' title="bbox 238 1189 1748 1272; baseline 0.003 -22"><span class='ocrx_word' id='word_1_59' title='bbox 238 1191 352 1250; x_wconf 81' lang='lat' dir='ltr'><strong>Nec</strong></span> <span class='ocrx_word' id='word_1_60' title='bbox 385 1189 520 1248; x_wconf 90' lang='lat' dir='ltr'><strong>duce</strong></span> <span class='ocrx_word' id='word_1_61' title='bbox 549 1212 603 1250; x_wconf 90' lang='lat' dir='ltr'><strong>se</strong></span> <span class='ocrx_word' id='word_1_62' title='bbox 631 1204 863 1271; x_wconf 86' lang='lat' dir='ltr'><strong>mystam</strong></span> <span class='ocrx_word' id='word_1_63' title='bbox 890 1190 1187 1272; x_wconf 87' lang='lat' dir='ltr'><strong>profugum</strong></span> <span class='ocrx_word' id='word_1_64' title='bbox 1218 1192 1530 1266; x_wconf 86' lang='lat' dir='ltr'><strong>defraudat,</strong></span> <span class='ocrx_word' id='word_1_65' title='bbox 1558 1209 1611 1253; x_wconf 85' lang='lat' dir='ltr'><strong>et</strong></span> <span class='ocrx_word' id='word_1_66' title='bbox 1639 1219 1748 1256; x_wconf 91' lang='lat' dir='ltr'><strong>una</strong></span> 
     </span>
     <span class='ocr_line' id='line_1_11' title="bbox 321 1286 1740 1372; baseline 0.004 -29"><span class='ocrx_word' id='word_1_67' title='bbox 321 1286 467 1346; x_wconf 80' lang='lat' dir='ltr'><strong>Visit</strong></span> <span class='ocrx_word' id='word_1_68' title='bbox 497 1286 905 1368; x_wconf 88' lang='lat' dir='ltr'><strong>Hyperboream</strong></span> <span class='ocrx_word' id='word_1_69' title='bbox 936 1311 1044 1347; x_wconf 91' lang='lat' dir='ltr'><strong>non</strong></span> <span class='ocrx_word' id='word_1_70' title='bbox 1074 1311 1253 1348; x_wconf 88' lang='lat' dir='ltr'><strong>novus</strong></span> <span class='ocrx_word' id='word_1_71' title='bbox 1276 1288 1477 1372; x_wconf 88' lang='lat' dir='ltr'>hospes</span> <span class='ocrx_word' id='word_1_72' title='bbox 1496 1289 1740 1354; x_wconf 88' lang='lat' dir='ltr'><strong>humum.</strong></span> 
     </span>
     <span class='ocr_line' id='line_1_12' title="bbox 239 1380 1502 1462; baseline 0.004 -23"><span class='ocrx_word' id='word_1_73' title='bbox 239 1380 510 1441; x_wconf 85' lang='lat' dir='ltr'><strong>Exsilium</strong></span> <span class='ocrx_word' id='word_1_74' title='bbox 542 1383 761 1442; x_wconf 84' lang='lat' dir='ltr'>Nasone</span> <span class='ocrx_word' id='word_1_75' title='bbox 789 1382 894 1442; x_wconf 90' lang='lat' dir='ltr'><strong>fuit</strong></span> <span class='ocrx_word' id='word_1_76' title='bbox 925 1382 1032 1442; x_wconf 86' lang='lat' dir='ltr'><strong>sihi</strong></span> <span class='ocrx_word' id='word_1_77' title='bbox 1061 1385 1239 1443; x_wconf 85' lang='lat' dir='ltr'><strong>Roma</strong></span> <span class='ocrx_word' id='word_1_78' title='bbox 1269 1399 1468 1462; x_wconf 84' lang='lat' dir='ltr'><strong>negato</strong></span> <span class='ocrx_word' id='word_1_79' title='bbox 1487 1431 1502 1458; x_wconf 88' lang='lat'>‚</span> 
     </span>
     <span class='ocr_line' id='line_1_13' title="bbox 323 1476 1408 1560; baseline 0.003 -24"><span class='ocrx_word' id='word_1_80' title='bbox 323 1477 477 1537; x_wconf 88' lang='lat' dir='ltr'>Orba</span> <span class='ocrx_word' id='word_1_81' title='bbox 508 1476 592 1536; x_wconf 91' lang='lat' dir='ltr'><strong>sui</strong></span> <span class='ocrx_word' id='word_1_82' title='bbox 622 1492 844 1549; x_wconf 81' lang='lat' dir='ltr'><strong>cantuS‚</strong></span> <span class='ocrx_word' id='word_1_83' title='bbox 879 1478 1112 1560; x_wconf 90' lang='lat' dir='ltr'><strong>pectinis</strong></span> <span class='ocrx_word' id='word_1_84' title='bbox 1143 1479 1277 1540; x_wconf 90' lang='lat' dir='ltr'><strong>orba</strong></span> <span class='ocrx_word' id='word_1_85' title='bbox 1305 1480 1408 1540; x_wconf 87' lang='lat' dir='ltr'><strong>sui.</strong></span> 
     </span>
     <span class='ocr_line' id='line_1_14' title="bbox 242 1574 1649 1654; baseline 0.001 -18"><span class='ocrx_word' id='word_1_86' title='bbox 242 1577 430 1636; x_wconf 84' lang='lat' dir='ltr'><strong>Mente</strong></span> <span class='ocrx_word' id='word_1_87' title='bbox 462 1589 637 1634; x_wconf 86' lang='lat' dir='ltr'><strong>tamen</strong></span> <span class='ocrx_word' id='word_1_88' title='bbox 664 1574 797 1635; x_wconf 84' lang='lat' dir='ltr'><strong>forti</strong></span> <span class='ocrx_word' id='word_1_89' title='bbox 826 1599 1084 1654; x_wconf 88' lang='lat' dir='ltr'><strong>magnum</strong></span> <span class='ocrx_word' id='word_1_90' title='bbox 1117 1575 1348 1636; x_wconf 87' lang='lat' dir='ltr'><strong>tolerare</strong></span> <span class='ocrx_word' id='word_1_91' title='bbox 1373 1576 1649 1650; x_wconf 86' lang='lat' dir='ltr'><strong>dolorem,</strong></span> 
     </span>
     <span class='ocr_line' id='line_1_15' title="bbox 324 1671 1432 1755; baseline 0.001 -23"><span class='ocrx_word' id='word_1_92' title='bbox 324 1672 571 1733; x_wconf 84' lang='lat' dir='ltr'><strong>Sustinet</strong></span> <span class='ocrx_word' id='word_1_93' title='bbox 602 1671 838 1731; x_wconf 86' lang='lat' dir='ltr'><strong>infandis</strong></span> <span class='ocrx_word' id='word_1_94' title='bbox 867 1686 921 1732; x_wconf 91' lang='lat' dir='ltr'><strong>et</strong></span> <span class='ocrx_word' id='word_1_95' title='bbox 951 1696 1232 1755; x_wconf 85' lang='lat' dir='ltr'><strong>superesse</strong></span> <span class='ocrx_word' id='word_1_96' title='bbox 1259 1672 1432 1733; x_wconf 83' lang='lat' dir='ltr'><strong>malis.</strong></span> 
     </span>
     <span class='ocr_line' id='line_1_16' title="bbox 243 1768 1565 1850; baseline -0.002 -22"><span class='ocrx_word' id='word_1_97' title='bbox 243 1768 350 1828; x_wconf 89' lang='lat' dir='ltr'><strong>Hei</strong></span> <span class='ocrx_word' id='word_1_98' title='bbox 377 1768 540 1828; x_wconf 83' lang='lat' dir='ltr'><strong>mihi!</strong></span> <span class='ocrx_word' id='word_1_99' title='bbox 574 1782 682 1827; x_wconf 90' lang='lat' dir='ltr'><strong>tam</strong></span> <span class='ocrx_word' id='word_1_100' title='bbox 714 1768 861 1828; x_wconf 86' lang='lat' dir='ltr'><strong>durae</strong></span> <span class='ocrx_word' id='word_1_101' title='bbox 890 1769 1155 1850; x_wconf 84' lang='lat' dir='ltr'><strong>posituris</strong></span> <span class='ocrx_word' id='word_1_102' title='bbox 1184 1770 1386 1830; x_wconf 89' lang='lat' dir='ltr'><strong>moenia</strong></span> <span class='ocrx_word' id='word_1_103' title='bbox 1414 1768 1565 1848; x_wconf 88' lang='lat' dir='ltr'><strong>genti</strong></span> 
     </span>
     <span class='ocr_line' id='line_1_17' title="bbox 321 1865 1596 1948; baseline 0.001 -24"><span class='ocrx_word' id='word_1_104' title='bbox 321 1866 606 1925; x_wconf 86' lang='lat' dir='ltr'><strong>Fratribus</strong></span> <span class='ocrx_word' id='word_1_105' title='bbox 638 1865 879 1926; x_wconf 82' lang='lat' dir='ltr'><strong>altricem</strong></span> <span class='ocrx_word' id='word_1_106' title='bbox 905 1867 1013 1947; x_wconf 89' lang='lat' dir='ltr'><strong>jam</strong></span> <span class='ocrx_word' id='word_1_107' title='bbox 1045 1866 1221 1948; x_wconf 86' lang='lat' dir='ltr'><strong>liquet</strong></span> <span class='ocrx_word' id='word_1_108' title='bbox 1252 1889 1367 1926; x_wconf 90' lang='lat' dir='ltr'><strong>esse</strong></span> <span class='ocrx_word' id='word_1_109' title='bbox 1394 1865 1596 1948; x_wconf 91' lang='lat' dir='ltr'><strong>lupam.</strong></span> 
     </span>
     <span class='ocr_line' id='line_1_18' title="bbox 243 1963 1705 2035; baseline 0 -13"><span class='ocrx_word' id='word_1_110' title='bbox 243 1963 483 2023; x_wconf 88' lang='lat' dir='ltr'><strong>Barbara</strong></span> <span class='ocrx_word' id='word_1_111' title='bbox 511 1963 778 2022; x_wconf 83' lang='lat' dir='ltr'><strong>barbariae</strong></span> <span class='ocrx_word' id='word_1_112' title='bbox 807 1987 954 2022; x_wconf 91' lang='lat' dir='ltr'><strong>nunc</strong></span> <span class='ocrx_word' id='word_1_113' title='bbox 985 1963 1223 2022; x_wconf 86' lang='lat' dir='ltr'><strong>Romula</strong></span> <span class='ocrx_word' id='word_1_114' title='bbox 1254 1963 1416 2023; x_wconf 89' lang='lat' dir='ltr'><strong>turba</strong></span> <span class='ocrx_word' id='word_1_115' title='bbox 1442 1977 1705 2035; x_wconf 86' lang='lat' dir='ltr'><strong>vocetur,</strong></span> 
     </span>
     <span class='ocr_line' id='line_1_19' title="bbox 325 2059 1462 2141; baseline -0.001 -23"><span class='ocrx_word' id='word_1_116' title='bbox 325 2060 513 2120; x_wconf 86' lang='lat' dir='ltr'><strong>Vincit</strong></span> <span class='ocrx_word' id='word_1_117' title='bbox 540 2060 864 2119; x_wconf 92' lang='lat' dir='ltr'><strong>inhumanos</strong></span> <span class='ocrx_word' id='word_1_118' title='bbox 891 2083 1010 2141; x_wconf 89' lang='lat' dir='ltr'><strong>quae</strong></span> <span class='ocrx_word' id='word_1_119' title='bbox 1036 2059 1249 2118; x_wconf 85' lang='lat' dir='ltr'><strong>feritate</strong></span> <span class='ocrx_word' id='word_1_120' title='bbox 1279 2059 1462 2118; x_wconf 87' lang='lat' dir='ltr'><strong>Getas.</strong></span> 
     </span>
     <span class='ocr_line' id='line_1_20' title="bbox 248 2155 1691 2237; baseline -0.002 -19"><span class='ocrx_word' id='word_1_121' title='bbox 248 2158 573 2218; x_wconf 86' lang='lat' dir='ltr'><strong>Cimmerius</strong></span> <span class='ocrx_word' id='word_1_122' title='bbox 598 2155 956 2237; x_wconf 85' lang='lat' dir='ltr'><strong>tenebrasque</strong></span> <span class='ocrx_word' id='word_1_123' title='bbox 980 2178 1104 2215; x_wconf 91' lang='lat' dir='ltr'><strong>suas</strong></span> <span class='ocrx_word' id='word_1_124' title='bbox 1127 2155 1484 2237; x_wconf 88' lang='lat' dir='ltr'><strong>hyememque</strong></span> <span class='ocrx_word' id='word_1_125' title='bbox 1514 2155 1691 2233; x_wconf 88' lang='lat' dir='ltr'><strong>fugari</strong></span> 
     </span>
     <span class='ocr_line' id='line_1_21' title="bbox 325 2250 1501 2333; baseline -0.003 -19"><span class='ocrx_word' id='word_1_126' title='bbox 325 2257 539 2314; x_wconf 87' lang='lat' dir='ltr'><strong>Pontus</strong></span> <span class='ocrx_word' id='word_1_127' title='bbox 567 2251 854 2311; x_wconf 89' lang='lat' dir='ltr'><strong>inadsueto</strong></span> <span class='ocrx_word' id='word_1_128' title='bbox 879 2250 1017 2310; x_wconf 86' lang='lat' dir='ltr'><strong>vatis</strong></span> <span class='ocrx_word' id='word_1_129' title='bbox 1044 2251 1112 2310; x_wconf 90' lang='lat' dir='ltr'><strong>ab</strong></span> <span class='ocrx_word' id='word_1_130' title='bbox 1144 2251 1272 2329; x_wconf 87' lang='lat' dir='ltr'><strong>igne</strong></span> <span class='ocrx_word' id='word_1_131' title='bbox 1301 2265 1501 2333; x_wconf 88' lang='lat' dir='ltr'><strong>stupet.</strong></span> 
     </span>
     <span class='ocr_line' id='line_1_22' title="bbox 245 2346 1724 2431; baseline -0.004 -19"><span class='ocrx_word' id='word_1_132' title='bbox 245 2353 488 2429; x_wconf 85' lang='lat' dir='ltr'><strong>Pignora</strong></span> <span class='ocrx_word' id='word_1_133' title='bbox 517 2362 720 2431; x_wconf 89' lang='lat' dir='ltr'><strong>quanta</strong></span> <span class='ocrx_word' id='word_1_134' title='bbox 750 2346 868 2419; x_wconf 81' lang='lat' dir='ltr'><strong>sui,</strong></span> <span class='ocrx_word' id='word_1_135' title='bbox 900 2362 1167 2429; x_wconf 90' lang='lat' dir='ltr'><strong>quantum</strong></span> <span class='ocrx_word' id='word_1_136' title='bbox 1198 2347 1496 2407; x_wconf 84' lang='lat' dir='ltr'><strong>committit</strong></span> <span class='ocrx_word' id='word_1_137' title='bbox 1521 2346 1724 2408; x_wconf 89' lang='lat' dir='ltr'><strong>alumni</strong></span> 
     </span>
     <span class='ocr_line' id='line_1_23' title="bbox 326 2444 1510 2523; baseline -0.006 -12"><span class='ocrx_word' id='word_1_138' title='bbox 326 2448 583 2511; x_wconf 84' lang='lat' dir='ltr'><strong>Numinis</strong></span> <span class='ocrx_word' id='word_1_139' title='bbox 613 2448 820 2507; x_wconf 84' lang='lat' dir='ltr'><strong>Arctoo</strong></span> <span class='ocrx_word' id='word_1_140' title='bbox 853 2444 1049 2505; x_wconf 88' lang='lat' dir='ltr'><strong>Cirrha</strong></span> <span class='ocrx_word' id='word_1_141' title='bbox 1074 2444 1312 2523; x_wconf 88' lang='lat' dir='ltr'><strong>benigna</strong></span> <span class='ocrx_word' id='word_1_142' title='bbox 1341 2444 1474 2504; x_wconf 92' lang='lat' dir='ltr'><strong>mari</strong></span> <span class='ocrx_word' id='word_1_143' title='bbox 1498 2447 1510 2504; x_wconf 69' lang='grc' dir='ltr'>ἱ</span> 
     </span>
     <span class='ocr_line' id='line_1_24' title="bbox 249 2539 1376 2622; baseline -0.008 -13"><span class='ocrx_word' id='word_1_144' title='bbox 249 2548 490 2609; x_wconf 87' lang='lat' dir='ltr'><strong>Caesareo</strong></span> <span class='ocrx_word' id='word_1_145' title='bbox 522 2567 639 2604; x_wconf 91' lang='lat' dir='ltr'><strong>sese</strong></span> <span class='ocrx_word' id='word_1_146' title='bbox 668 2540 919 2602; x_wconf 84' lang='lat' dir='ltr'><strong>facundia</strong></span> <span class='ocrx_word' id='word_1_147' title='bbox 947 2539 1174 2601; x_wconf 88' lang='lat' dir='ltr'><strong>fulmine</strong></span> <span class='ocrx_word' id='word_1_148' title='bbox 1202 2541 1376 2622; x_wconf 88' lang='lat' dir='ltr'><strong>major</strong></span> 
     </span>
     <span class='ocr_line' id='line_1_25' title="bbox 326 2638 1457 2723; baseline -0.005 -18"><span class='ocrx_word' id='word_1_149' title='bbox 326 2645 510 2722; x_wconf 82' lang='lat' dir='ltr'><strong>Erigit</strong></span> <span class='ocrx_word' id='word_1_150' title='bbox 535 2644 594 2702; x_wconf 90' lang='lat' dir='ltr'><strong>in</strong></span> <span class='ocrx_word' id='word_1_151' title='bbox 621 2640 813 2702; x_wconf 87' lang='lat' dir='ltr'><strong>mediis</strong></span> <span class='ocrx_word' id='word_1_152' title='bbox 842 2638 1259 2723; x_wconf 84' lang='lat' dir='ltr'><strong>exstimulatque</strong></span> <span class='ocrx_word' id='word_1_153' title='bbox 1286 2638 1457 2699; x_wconf 79' lang='lat' dir='ltr'><strong>malis,</strong></span> 
     </span>
     <span class='ocr_line' id='line_1_26' title="bbox 248 2736 1782 2822; baseline -0.005 -19"><span class='ocrx_word' id='word_1_154' title='bbox 248 2744 377 2803; x_wconf 85' lang='lat' dir='ltr'><strong>Vim</strong></span> <span class='ocrx_word' id='word_1_155' title='bbox 406 2741 623 2800; x_wconf 84' lang='lat' dir='ltr'><strong>citharae</strong></span> <span class='ocrx_word' id='word_1_156' title='bbox 649 2762 952 2822; x_wconf 83' lang='lat' dir='ltr'><strong>nervosque</strong></span> <span class='ocrx_word' id='word_1_157' title='bbox 981 2761 1155 2797; x_wconf 86' lang='lat' dir='ltr'><strong>novos</strong></span> <span class='ocrx_word' id='word_1_158' title='bbox 1184 2736 1406 2797; x_wconf 85' lang='lat' dir='ltr'><strong>adversa</strong></span> <span class='ocrx_word' id='word_1_159' title='bbox 1436 2736 1782 2807; x_wconf 88' lang='lat' dir='ltr'><strong>ministrant;</strong></span> 
     </span>
     <span class='ocr_line' id='line_1_27' title="bbox 331 2833 1590 2920; baseline -0.006 -20"><span class='ocrx_word' id='word_1_160' title='bbox 331 2840 628 2920; x_wconf 87' lang='lat' dir='ltr'><strong>Gratiaque</strong></span> <span class='ocrx_word' id='word_1_161' title='bbox 656 2850 859 2914; x_wconf 85' lang='lat' dir='ltr'><strong>argutae</strong></span> <span class='ocrx_word' id='word_1_162' title='bbox 886 2835 1129 2895; x_wconf 86' lang='lat' dir='ltr'><strong>luctibus</strong></span> <span class='ocrx_word' id='word_1_163' title='bbox 1152 2848 1309 2894; x_wconf 86' lang='lat' dir='ltr'><strong>aucta</strong></span> <span class='ocrx_word' id='word_1_164' title='bbox 1336 2833 1468 2916; x_wconf 87' lang='lat' dir='ltr'><strong>lyrae</strong></span> <span class='ocrx_word' id='word_1_165' title='bbox 1494 2846 1590 2893; x_wconf 88' lang='lat' dir='ltr'><strong>est.</strong></span> 
     </span>
     <span class='ocr_line' id='line_1_28' title="bbox 248 2928 1573 3019; baseline -0.007 -22"><span class='ocrx_word' id='word_1_166' title='bbox 248 2941 458 3019; x_wconf 79' lang='lat' dir='ltr'><strong>Aspera</strong></span> <span class='ocrx_word' id='word_1_167' title='bbox 486 2935 743 2995; x_wconf 89' lang='lat' dir='ltr'><strong>lectorem</strong></span> <span class='ocrx_word' id='word_1_168' title='bbox 778 2931 1022 3015; x_wconf 89' lang='lat' dir='ltr'><strong>quamvis</strong></span> <span class='ocrx_word' id='word_1_169' title='bbox 1052 2947 1107 2991; x_wconf 85' lang='lat' dir='ltr'><strong>et</strong></span> <span class='ocrx_word' id='word_1_170' title='bbox 1133 2955 1313 2991; x_wconf 90' lang='lat' dir='ltr'><strong>amara</strong></span> <span class='ocrx_word' id='word_1_171' title='bbox 1344 2928 1573 3013; x_wconf 85' lang='lat' dir='ltr'><strong>querelae</strong></span> 
     </span>
     <span class='ocr_line' id='line_1_29' title="bbox 332 3027 1402 3116; baseline -0.008 -21"><span class='ocrx_word' id='word_1_172' title='bbox 332 3034 506 3116; x_wconf 89' lang='lat' dir='ltr'><strong>Copia</strong></span> <span class='ocrx_word' id='word_1_173' title='bbox 536 3032 834 3103; x_wconf 87' lang='lat' dir='ltr'><strong>delectant,</strong></span> <span class='ocrx_word' id='word_1_174' title='bbox 867 3046 921 3091; x_wconf 87' lang='lat' dir='ltr'><strong>et</strong></span> <span class='ocrx_word' id='word_1_175' title='bbox 948 3030 1065 3091; x_wconf 89' lang='lat' dir='ltr'><strong>sine</strong></span> <span class='ocrx_word' id='word_1_176' title='bbox 1093 3029 1201 3089; x_wconf 91' lang='lat' dir='ltr'><strong>fine</strong></span> <span class='ocrx_word' id='word_1_177' title='bbox 1229 3027 1402 3088; x_wconf 86' lang='lat' dir='ltr'><strong>dolor.</strong></span> 
     </span>
     <span class='ocr_line' id='line_1_30' title="bbox 249 3123 1665 3212; baseline -0.006 -22"><span class='ocrx_word' id='word_1_178' title='bbox 249 3131 535 3208; x_wconf 83' lang='lat' dir='ltr'><strong>Ingenium</strong></span> <span class='ocrx_word' id='word_1_179' title='bbox 567 3128 817 3212; x_wconf 88' lang='lat' dir='ltr'><strong>lacrymis</strong></span> <span class='ocrx_word' id='word_1_180' title='bbox 845 3149 944 3187; x_wconf 93' lang='lat' dir='ltr'><strong>nec</strong></span> <span class='ocrx_word' id='word_1_181' title='bbox 973 3124 1204 3186; x_wconf 89' lang='lat' dir='ltr'><strong>amabile</strong></span> <span class='ocrx_word' id='word_1_182' title='bbox 1234 3124 1476 3206; x_wconf 89' lang='lat' dir='ltr'><strong>carpitur</strong></span> <span class='ocrx_word' id='word_1_183' title='bbox 1502 3123 1665 3205; x_wconf 79' lang='lat' dir='ltr'><strong>ipsiS‚</strong></span> 
     </span>
     <span class='ocr_line' id='line_1_31' title="bbox 333 3221 1786 3309; baseline -0.006 -21"><span class='ocrx_word' id='word_1_184' title='bbox 333 3229 582 3309; x_wconf 79' lang='lat' dir='ltr'><strong>Quaeque</strong></span> <span class='ocrx_word' id='word_1_185' title='bbox 611 3228 830 3286; x_wconf 89' lang='lat' dir='ltr'><strong>trahant</strong></span> <span class='ocrx_word' id='word_1_186' title='bbox 856 3225 1069 3285; x_wconf 90' lang='lat' dir='ltr'><strong>animos</strong></span> <span class='ocrx_word' id='word_1_187' title='bbox 1096 3221 1312 3283; x_wconf 88' lang='lat' dir='ltr'><strong>vincula</strong></span> <span class='ocrx_word' id='word_1_188' title='bbox 1339 3221 1577 3305; x_wconf 87' lang='lat' dir='ltr'><strong>plangor</strong></span> <span class='ocrx_word' id='word_1_189' title='bbox 1604 3221 1786 3281; x_wconf 87' lang='lat' dir='ltr'><strong>habet.</strong></span> 
     </span>
     <span class='ocr_line' id='line_1_32' title="bbox 250 3319 1571 3404; baseline -0.003 -19"><span class='ocrx_word' id='word_1_190' title='bbox 250 3327 367 3396; x_wconf 82' lang='lat' dir='ltr'>Sic,</span> <span class='ocrx_word' id='word_1_191' title='bbox 399 3326 602 3384; x_wconf 88' lang='lat' dir='ltr'><strong>instare</strong></span> <span class='ocrx_word' id='word_1_192' title='bbox 632 3324 821 3383; x_wconf 88' lang='lat' dir='ltr'><strong>videns</strong></span> <span class='ocrx_word' id='word_1_193' title='bbox 847 3324 952 3404; x_wconf 87' lang='lat' dir='ltr'><strong>jam</strong></span> <span class='ocrx_word' id='word_1_194' title='bbox 984 3322 1120 3394; x_wconf 87' lang='lat' dir='ltr'><strong>fata,</strong></span> <span class='ocrx_word' id='word_1_195' title='bbox 1153 3321 1434 3403; x_wconf 84' lang='lat' dir='ltr'><strong>Caystrius</strong></span> <span class='ocrx_word' id='word_1_196' title='bbox 1460 3319 1571 3381; x_wconf 90' lang='lat' dir='ltr'><strong>ales</strong></span> 
     </span>
     <span class='ocr_line' id='line_1_33' title="bbox 327 3415 1468 3490; baseline -0.005 -11"><span class='ocrx_word' id='word_1_197' title='bbox 327 3421 438 3480; x_wconf 88' lang='lat' dir='ltr'><strong>Ore</strong></span> <span class='ocrx_word' id='word_1_198' title='bbox 470 3433 652 3490; x_wconf 83' lang='lat' dir='ltr'><strong>cavet,</strong></span> <span class='ocrx_word' id='word_1_199' title='bbox 687 3417 911 3477; x_wconf 90' lang='lat' dir='ltr'><strong>tacitum</strong></span> <span class='ocrx_word' id='word_1_200' title='bbox 941 3439 1010 3475; x_wconf 89' lang='lat' dir='ltr'><strong>ne</strong></span> <span class='ocrx_word' id='word_1_201' title='bbox 1042 3415 1148 3476; x_wconf 92' lang='lat' dir='ltr'><strong>sibi</strong></span> <span class='ocrx_word' id='word_1_202' title='bbox 1176 3415 1342 3475; x_wconf 88' lang='lat' dir='ltr'><strong>funus</strong></span> <span class='ocrx_word' id='word_1_203' title='bbox 1371 3428 1468 3475; x_wconf 89' lang='lat' dir='ltr'><strong>eat.</strong></span> 
     </span>
    </p>
   </div>
   <div class='ocr_carea' id='block_1_5' title="bbox 1949 747 2005 792">
    <p class='ocr_par' dir='ltr' id='par_1_5' title="bbox 1949 747 2005 792">
     <span class='ocr_line' id='line_1_34' title="bbox 1949 747 2005 792; baseline -0.018 -18"><span class='ocrx_word' id='word_1_204' title='bbox 1949 747 2005 792; x_wconf 73' lang='lat'><strong>90</strong></span> 
     </span>
    </p>
   </div>
   <div class='ocr_carea' id='block_1_6' title="bbox 1954 1210 2009 1268">
    <p class='ocr_par' dir='ltr' id='par_1_6' title="bbox 1954 1210 2009 1268">
     <span class='ocr_line' id='line_1_35' title="bbox 1954 1210 2009 1268; baseline 0 -14"><span class='ocrx_word' id='word_1_205' title='bbox 1954 1210 2009 1268; x_wconf 82' lang='lat'><strong>95</strong></span> 
     </span>
    </p>
   </div>
   <div class='ocr_carea' id='block_1_7' title="bbox 1938 1702 2014 1731">
    <p class='ocr_par' dir='ltr' id='par_1_7' title="bbox 1938 1702 2014 1731">
     <span class='ocr_line' id='line_1_36' title="bbox 1938 1702 2014 1731; baseline -0.053 0"><span class='ocrx_word' id='word_1_206' title='bbox 1938 1702 2014 1731; x_wconf 73' lang='lat' dir='ltr'><strong>loo</strong></span> 
     </span>
    </p>
   </div>
   <div class='ocr_carea' id='block_1_8' title="bbox 1940 2173 2014 2213">
    <p class='ocr_par' dir='ltr' id='par_1_8' title="bbox 1940 2173 2014 2213">
     <span class='ocr_line' id='line_1_37' title="bbox 1940 2173 2014 2213; baseline 0 0"><span class='ocrx_word' id='word_1_207' title='bbox 1940 2187 1951 2213; x_wconf 83' lang='lat' dir='ltr'><strong>l</strong></span> <span class='ocrx_word' id='word_1_208' title='bbox 1964 2173 2014 2213; x_wconf 78' lang='lat'><strong>05</strong></span> 
     </span>
    </p>
   </div>
   <div class='ocr_carea' id='block_1_9' title="bbox 1943 2669 2019 2698">
    <p class='ocr_par' dir='ltr' id='par_1_9' title="bbox 1943 2669 2019 2698">
     <span class='ocr_line' id='line_1_38' title="bbox 1943 2669 2019 2698; baseline 0 -1"><span class='ocrx_word' id='word_1_209' title='bbox 1943 2669 2019 2698; x_wconf 82' lang='lat'><strong>110</strong></span> 
     </span>
    </p>
   </div>
   <div class='ocr_carea' id='block_1_10' title="bbox 1945 3139 2018 3179">
    <p class='ocr_par' dir='ltr' id='par_1_10' title="bbox 1945 3139 2018 3179">
     <span class='ocr_line' id='line_1_39' title="bbox 1945 3139 2018 3179; baseline 0.014 -1"><span class='ocrx_word' id='word_1_210' title='bbox 1945 3139 2018 3179; x_wconf 82' lang='lat'><strong>115</strong></span> 
     </span>
    </p>
   </div>
  </div>
 </body>
</html>
