2280 3776
447 377 450 381 ,
499 305 607 359 Ex
648 303 942 371 ΡοῖΝΤο
981 304 1143 358 LIB.
1188 305 1235 358 1.
1278 304 1552 359 Ems‘r.
1599 307 1708 360 1v.

1881 328 1988 384 279

313 420 617 483 Defendere
642 444 820 482 meum
849 419 1071 480 numina
1100 417 1250 480 nulla
1278 435 1442 504 caput
1466 446 1478 493 ;
1934 443 1989 497 4⁰

233 517 398 580 Illum
426 518 636 580 furtivae
658 518 839 599 juvere
870 505 1144 600 cupidinis
1168 530 1336 590 arteS,

316 615 472 695 Quas
498 637 530 674 a
555 637 641 675 me
660 612 850 675 vellem
878 637 990 674 non
1023 612 1299 676 didicisset
1326 614 1535 674 Amor:

234 706 334 769 Ille
365 708 588 768 domum
614 708 800 778 rediit;
829 731 931 769 nos
957 707 1045 769 his
1074 707 1368 770 moriemur
1397 709 1453 768 in
1485 708 1655 780 arviS,

317 803 624 865 Perstiterit
651 802 763 864 laesi
791 803 836 865 si
867 804 1041 882 gravis
1072 803 1150 864 ira
1182 803 1302 864 Dei.

238 898 448 959 Durius
475 912 557 959 est
583 897 752 976 igitur
780 899 1027 959 nostrum
1046 945 1060 971 ‚
1092 898 1353 961 fidissima
1379 900 1575 981 conjux
1593 948 1608 973 ‚
1942 918 1993 972 43

319 992 456 1067 Illo,
489 994 638 1078 quod
667 994 837 1055 subiit
866 996 1072 1056 AEsone
1101 1010 1290 1067 natus,
1320 1019 1475 1056 onus.

236 1090 314 1151 Te
346 1113 596 1173 quoque,
626 1114 787 1174 quam
810 1091 1059 1172 juvenem
1086 1090 1365 1152 discedens
1396 1091 1530 1151 urbe
1556 1089 1778 1173 reliqui,

319 1184 597 1246 Credibile
623 1201 706 1247 est
731 1187 936 1248 nostris
966 1185 1264 1248 insenuisse
1293 1183 1467 1246 malis.

237 1283 291 1343 Ο
323 1305 452 1363 ego,
486 1284 561 1344 Di
588 1284 816 1356 saciant,
851 1283 1011 1345 talem
1041 1299 1091 1345 te
1122 1307 1337 1345 cernere
1364 1283 1602 1366 possim,

319 1379 568 1464 Caraque
595 1380 820 1442 mutatis
850 1378 1034 1441 oscula
1064 1378 1203 1440 serre
1232 1379 1417 1459 genis;
1946 1398 1999 1438 50

236 1474 621 1561 Amplectique
646 1477 780 1539 meis
807 1500 1005 1566 corpus
1033 1501 1147 1537 non
1174 1476 1377 1562 pingue
1404 1474 1647 1548 lacertis3

317 1571 426 1642 Et,
458 1569 655 1650 gracile
684 1571 788 1639 hoc
818 1571 980 1644 fecit,
1011 1571 1217 1645 dicere,
1248 1595 1376 1632 cura
1402 1571 1543 1632 mei:

237 1667 313 1726 Et
337 1688 554 1728 narrare
582 1691 733 1728 meos
757 1667 905 1729 flenti
938 1666 1071 1728 flens
1096 1667 1214 1750 ipsc
1242 1665 1458 1728 labores
1481 1690 1494 1739 ;

321 1761 550 1845 Sperato
569 1787 850 1848 nunquam
880 1763 1267 1848 colloquioque
1292 1763 1398 1824 frui
1423 1787 1436 1836 ;

237 1857 493 1940 Turaque
523 1859 831 1921 Caesaribus
859 1884 984 1922 cum
1013 1860 1245 1943 conjuge
1275 1860 1483 1921 Caesare
1509 1857 1699 1937 digna,
1947 1875 1999 1916 55

317 1952 420 2015 Dis
448 1955 587 2016 veris
606 2003 621 2029 ,
651 1956 878 2017 memori
898 1956 1081 2017 debita
1106 1956 1246 2017 ferre
1274 1955 1468 2016 manu!

236 2048 548 2112 Memnonis
576 2051 715 2112 hanc
740 2052 978 2125 utinam,
1008 2050 1177 2113 lenito
1204 2052 1478 2137 principe,
1504 2067 1675 2113 mater

315 2149 498 2228 Quam
523 2150 762 2232 primum
789 2174 949 2211 roseo
977 2165 1238 2234 provocet
1265 2139 1528 2210 ore'diem
1551 2151 1563 2208 Ξ

235 2305 321 2334 neo
340 2290 451 2335 datis
469 2323 481 2346 ,
515 2293 735 2349 quomodo
755 2293 1075 2338 instituendum

237 2356 503 2414 Argonautis
532 2367 642 2402 esset
673 2359 756 2402 iter
777 2391 788 2413 ,
822 2359 962 2415 deque
990 2374 1075 2403 co-

237 2421 383 2466 lumba
414 2421 528 2466 viam
563 2432 833 2467 monstrante
859 2457 870 2478 ,
903 2425 1073 2481 copiose

237 2495 424 2543 egerunt
436 2486 580 2531 Valer.
596 2488 733 2532 Flacc.
747 2497 792 2533 et
804 2488 1074 2545 Apollonius.

290 2554 336 2605 4¹
345 2582 355 2593 .
369 2551 668 2607 Illumsurtim.
678 2552 781 2596 Jaso
790 2585 801 2607 ,
817 2552 959 2609 inquit
971 2585 982 2607 ,
993 2552 1073 2596 ha-

236 2615 331 2660 buit
339 2616 662 2674 Medeam,quae
674 2617 767 2674 ejus
779 2633 924 2661 amore
936 2625 1073 2674 capta,

236 2683 297 2727 illi
322 2682 376 2727 ad
407 2684 667 2739 rapiendum
691 2700 872 2728 aureum
903 2685 1037 2728 vellus
1060 2716 1073 2739 ,

238 2765 369 2808 opera
385 2783 397 2805 ,
416 2758 505 2794 arte
519 2783 530 2805 ,
553 2758 596 2794 et
615 2752 792 2795 consilio
811 2751 986 2809 profuit.

265 2817 332 2871 4²·
338 2818 428 2860 Non
438 2819 657 2860 devisas-set
665 2832 826 2861 amans.
835 2819 968 2860 Amor
979 2817 1077 2861 Sar·

240 2894 328 2923 rav.
343 2880 523 2938 Argent.
539 2889 582 2924 et
598 2889 682 2924 tres
700 2881 782 2924 alii.
797 2882 967 2925 Amoris
972 2899 1077 2937 pra·-

240 2953 434 3001 ceptorum
463 2963 507 2991 se
529 2948 684 3005 passim
711 2957 860 2992 noster
879 2949 1077 3006 adpellat-

299 3012 364 3052 50.
381 3012 538 3055 Oscula
543 3013 660 3068 serre
671 3019 812 3058 comt's.
831 3016 965 3058 Gem’s
976 3031 1078 3071 prae·

242 3082 326 3117 stat
334 3089 433 3118 cum
447 3092 538 3120 uno
550 3077 782 3122 Hafniensi
796 3089 839 3123 et
853 3080 1078 3124 tribusVa·

244 3141 393 3184 ticanis
404 3158 414 3193 3
429 3143 638 3199 superiori
651 3161 775 3188 versu
790 3161 869 3203 pro
880 3149 1003 3189 talem
1014 3155 1073 3198 te,

246 3204 422 3261 quidam
444 3214 485 3249 te
504 3211 639 3252 talem.
674 3209 847 3253 Censeo
878 3212 1078 3255 scriben-

246 3270 377 3315 dum:
394 3290 415 3308 «ι
438 3271 480 3316 Ο
503 3287 606 3330 ego,
630 3273 689 3316 Di
710 3273 893 3329 faciant,
917 3276 985 3319 vel
1003 3284 1076 3319 ta-

245 3335 332 3379 lem
351 3352 531 3380 cernere
551 3338 721 3394 possim.
736 3357 758 3377 »
780 3338 838 3382 H.

1210 2294 1463 2349 54.'Speraeto
1478 2309 1699 2349 nunquam.
1727 2290 1883 2335 Malim
1901 2306 1997 2346 spe-

1154 2361 1286 2400 tando
1297 2390 1308 2408 ,
1335 2357 1403 2401 vel
1420 2366 1586 2413 speralo
1605 2373 1817 2414 nusquam.
1838 2356 1899 2399 H.

1211 2425 1276 2466 55.
1313 2423 1546 2465 Cesar-rbus
1570 2437 1661 2465 cum
1690 2421 1877 2476 conju5e.
1909 2420 1997 2464 Per

1155 2485 1375 2541 Casan-es,
1407 2486 1655 2544 Augustum
1677 2494 1723 2529 et
1743 2485 1837 2542 ejus
1858 2483 1994 2528 filios:

1155 2567 1234 2608 per
1243 2553 1477 2610 conjugem
1489 2568 1610 2607 vero,
1621 2552 1804 2606 Liviam,
1812 2551 1996 2610 Augusti

1154 2632 1336 2660 uxorem
1352 2650 1363 2672 ,
1383 2617 1586 2675 intellige.

1209 2683 1275 2728 56.
1299 2686 1458 2727 Debita
1467 2682 1583 2738 seme
1603 2700 1740 2728 mun.
1761 2682 1995 2740 Proprium

1154 2750 1200 2793 in
1224 2750 1305 2794 hae
1328 2766 1376 2794 re
1402 2751 1583 2794 verbum
1617 2767 1707 2795 esse
1724 2749 1843 2804 firm
1872 2757 2000 2792 notat

1157 2815 1338 2858 Herald.
1358 2815 1413 2859 ad
1434 2815 1601 2860 Arnob.
1620 2816 1693 2859 lib.
1708 2815 1797 2860 Vll
1812 2848 1824 2869 ,
1846 2832 1887 2872 p.
1904 2815 1997 2858 268.

1211 2884 1275 2937 57.
1290 2882 1431 2924 Mater
1439 2883 1688 2924 maraonis.
1702 2881 1876 2923 Aurora
1891 2912 1904 2935 ,
1918 2880 2000 2923 Ti-

1156 2948 1302 2993 thenis
1322 2965 1428 2993 uxor
1445 2981 1458 3004 ,
1487 2958 1712 3006 materque
1729 2947 2001 2991 Memnonis.

1155 3039 1209 3049 -
1222 3017 1370 3059 Lenito
1399 3018 1572 3060 cesare.
1607 3018 1797 3070 Principe
1820 3013 1993 3071 scripti:

1157 3081 1354 3138 proximo
1366 3097 1490 3124 versu
1507 3097 1585 3138 pro
1592 3088 1790 3137 provocet
1798 3113 1810 3130 ‚
1825 3079 1914 3123 duo
1927 3095 1996 3122 ve-

1157 3155 1268 3189 teres
1279 3148 1487 3202 pmoebat.
1506 3146 1637 3189 Forte
1653 3178 1666 3200 ,
1678 3147 1973 3201 pmoebataaee
1983 3177 1995 3199 ,

1158 3221 1206 3256 ut
1225 3213 1270 3255 in
1293 3212 1555 3267 Amor-ibus,
1578 3211 1699 3268 Eleg.
1722 3224 1808 3255 xm
1823 3243 1836 3264 ,
1862 3227 1923 3254 vs.
1946 3228 1967 3253 α
1986 3227 1996 3253 :

1159 3296 1180 3315 «
1202 3277 1329 3321 Flava
1362 3275 1620 3334 pruinosum
1650 3291 1748 3334 quae
1773 3275 1890 3319 vehit
1921 3291 1995 3318 axe

1160 3342 1292 3386 diem.
1313 3361 1335 3380 ›-
1361 3342 1528 3387 Hssms.

927 3451 1317 3473 ὢ-
