2268 3848
294 248 435 356 44*

768 291 831 344 P.
874 289 1171 346 OVIDII
1213 287 1603 343 NASONIS

370 405 638 463 Narratur
664 403 904 487 Pyladen
933 405 1051 487 ipse
1082 406 1345 489 prob'asse
1373 405 1590 464 Thoas:

292 502 433 581 Quae
463 500 566 561 fuit
597 502 874 563 Actoridae
904 527 1028 563 cum
1054 528 1256 580 magno
1288 526 1503 586 semper
1532 499 1750 562 Achille
1769 545 1785 574 ,

372 598 610 658 Laudari
643 598 804 658 solita
833 615 915 660 est
942 602 1198 660 Hectoris
1234 624 1326 661 ore
1357 599 1490 660 fides
1515 623 1527 658 ε
2027 614 2082 657 30

291 693 461 772 Quod
489 693 615 776 pius
647 695 715 754 ad
746 719 930 756 manes
960 696 1211 758 Theseus
1240 719 1421 757 comes
1450 695 1586 756 isset
1617 693 1790 755 amico
1811 739 1825 766 ‚

368 790 690 850 Tartareum
720 790 912 851 dicunt
938 791 1240 853 indoluisse
1272 795 1451 852 Deum
1478 817 1490 852 :

290 884 517 968 Euryali
545 886 778 969 Nisique
803 886 911 947 fide
941 889 1070 959 tibi,
1103 891 1316 962 Turne,
1349 889 1514 950 relata
1537 936 1551 961 ‚

375 983 652 1045 Credibile
683 1001 767 1045 est
791 987 1047 1068 lacrymis
1076 988 1431 1048 immaduisse
1459 1010 1643 1066 genas,

292 1079 396 1138 Est
424 1080 826 1149 etiammiseris
858 1081 1032 1164 pietas
1050 1129 1063 1154 ‚
1098 1098 1151 1142 et
1179 1082 1424 1143 invhoste
1452 1083 1759 1165 probatur:
2028 1099 2087 1140 35

378 1178 498 1236 Heu
530 1177 667 1236 mihi
687 1224 701 1248 ‚
735 1202 897 1260 quam
923 1202 1129 1261 paucos
1157 1179 1271 1239 haec
1301 1204 1419 1240 mea
1446 1179 1590 1238 dicta
1618 1177 1870 1236 movent!

292 1273 400 1332 Hic
432 1288 634 1346 status,
668 1275 780 1333 haec
804 1299 986 1335 rerum
1019 1300 1166 1335 nunc
1195 1291 1277 1336 est
1309 1276 1532 1335 fortuna
1562 1297 1837 1341 mearum,

376 1372 593 1432 Debeat
623 1387 687 1431 ut
714 1371 967 1455 lacrymis
992 1371 1179 1433 nullus
1203 1373 1393 1434 adesse
1419 1372 1638 1432 modus.

293 1468 372 1527 At
398 1493 515 1528 mea
547 1484 711 1541 sunt,
745 1469 974 1552 proprio
1006 1469 1254 1551 quamvis
1282 1469 1631 1530 moestissima
1662 1490 1818 1543 casu,

348 1624 414 1665 29.
441 1609 544 1662 Quoe
554 1607 649 1663 fuit
667 1609 893 1651 Actoridoe.
916 1607 1118 1650 Patroclo
1134 1639 1145 1661 ,

295 1672 469 1716 Actoris
484 1673 597 1716 filio:
615 1689 738 1715 amor
747 1672 935 1716 Patrocli
952 1681 996 1715 et
1008 1671 1150 1715 Achil·

248 1790 252 1793 =
294 1739 345 1782 lis
364 1749 493 1782 notus
512 1749 576 1782 est
598 1740 784 1783 Homeri
807 1739 1016 1782 carmine.

342 1805 408 1846 3ο.
423 1800 617 1847 'Hecloris
630 1822 709 1848 ore.
724 1804 818 1848 Ore
834 1804 1012 1847 inimici.
1028 1803 1155 1846 Sum-

295 1885 416 1912 mam
432 1886 478 1912 ac
497 1869 678 1913 solidam
693 1886 782 1912 esse
798 1869 971 1912 taudem
987 1903 997 1922 ,
1016 1885 1153 1924 quum

295 1934 389 1989 quis
411 1934 462 1976 ab
484 1933 606 1977 hoste
631 1934 860 1988 laudatur,
881 1934 1007 1977 docet
1022 1935 1153 1978 Arist.

293 1997 400 2041 lib.l
425 1998 764 2043 Rhetor„C1or.

353 2065 378 2107 3
389 2082 401 2106 1
412 2098 421 2106 .
441 2066 624 2108 Theseus
639 2081 778 2108 comes
793 2069 872 2107 iret
880 2069 1027 2107 amico.
1045 2066 1159 2107 Isset

297 2130 424 2173 multi
443 2139 634 2183 veteres3
658 2148 773 2174 unus
795 2131 957 2174 Medic.
979 2140 1022 2173 et
1044 2132 1156 2174 Bar-

297 2195 477 2239 herinus
501 2212 582 2252 pro
611 2196 779 2239 diversa
810 2196 995 2240 lectione
1024 2201 1156 2239 comi-

299 2267 409 2305 tavit
419 2267 610 2306 amicum.
629 2265 746 2306 Puto
760 2268 977 2306 comitaret
988 2277 1002 2315 ,·
1024 2264 1156 2306 Pont.

299 2327 372 2371 lib.
389 2328 455 2382 11,
470 2328 536 2371 El.
553 2329 688 2384 111,43
705 2345 716 2372 ι
733 2347 754 2366 «
772 2328 1023 2372 Pirithoum
1041 2327 1156 2371 The-

301 2411 399 2439 seus
428 2396 600 2455 Stygias
621 2395 844 2440 comitavit
870 2394 924 2438 ad
951 2394 1087 2438 undas
1104 2412 1114 2447 3
1134 2413 1155 2432 »

303 2461 414 2504 Met.
426 2462 562 2517 XIII,
575 2479 625 2506 ex
639 2462 812 2519 optimis
823 2460 1156 2518 exemplaribus,

306 2543 328 2563 «
351 2526 427 2569 Ille
448 2535 596 2569 tamen
618 2527 750 2581 vivit,
776 2527 876 2583 quia
898 2543 986 2569 non
1008 2526 1158 2569 comi-

305 2590 411 2635 tavit
433 2592 648 2650 Ulyssen;
675 2610 695 2629 »
712 2593 842 2635 Pont.
859 2593 895 2646 I,
914 2591 978 2634 El.
997 2605 1040 2633 lx
1058 2625 1069 2645 ‚
1082 2593 1158 2648 47:

307 2674 329 2694 κ
353 2657 529 2700 Funera
548 2673 640 2700 non
659 2656 781 2714 potui
796 2657 1003 2700 comitare
1021 2689 1033 2710 ‚
1053 2673 1073 2692 υ
1092 2665 1158 2699 at-

305 2737 392 2777 que
414 2722 472 2764 ita
491 2722 648 2778 passim
662 2722 822 2766 Noster
844 2737 853 2764 :
873 2720 1127 2777 Propertius
1145 2752 1156 2774 ,

306 2791 378 2835 lib.
399 2793 474 2846 ΙΙ,
507 2793 627 2850 Eleg.
649 2807 718 2836 vn
741 2809 751 2836 ε
777 2810 798 2829 «
828 2789 964 2848 Quod
997 2806 1096 2832 mea
1124 2789 1159 2833 si

307 2868 473 2903 tenerae
504 2861 767 2903 comitarent
793 2868 930 2903 castra
970 2857 1122 2914 puellae
1145 2889 1156 2911 ,

309 2926 413 2970 Non
435 2916 542 2969 mihi
571 2936 635 2970 sat
654 2942 839 2983 magnus
862 2923 1054 2968 Castoris
1077 2924 1161 2966 iret

310 3008 461 3048 equus.
489 3011 510 3030 »
541 2994 607 3036 Ita
630 2992 770 3036 scribo
796 3007 944 3034 versus
971 2987 1161 3032 mendo-

311 3058 497 3102 sissimus
511 3092 522 3113 ,
541 3076 563 3102 a
575 3057 794 3115 Scaligero
809 3057 984 3113 aliisque
999 3056 1163 3099 frustra

312 3131 499 3167 tentatos
512 3142 522 3175 3
534 3140 637 3167 nam
651 3123 821 3166 codices
834 3121 990 3166 vetusti
1003 3134 1162 3178 magna

314 3206 364 3232 ex
379 3198 500 3246 parte
517 3206 527 3233 ι
544 3209 563 3227 «
584 3189 718 3245 Quod
736 3189 771 3232 si
790 3205 891 3232 vera
908 3204 1018 3231 meae
1032 3186 1163 3230 comi-

317 3263 461 3298 tarent
489 3263 625 3297 castra
645 3255 818 3311 puellae,
852 3273 872 3291 »
898 3254 1070 3297 turbato
1093 3267 1164 3294 or-

315 3318 418 3361 dine
433 3319 656 3362 literarum
673 3337 683 3371 ;
702 3322 1002 3374 teneroepuellae
1016 3333 1164 3374 perpe-

315 3394 441 3429 tuum
468 3384 692 3441 epitheton
715 3385 875 3426 Nostro
892 3383 1087 3440 plurimis
1108 3383 1166 3425 lo·

316 3450 388 3495 cis.
408 3448 673 3496 Passeratius
692 3448 845 3506 aliique
867 3448 1167 3503 conjecturam

1220 1869 1431 1932 ‚bendum
1458 1887 1468 1913 ε

1233 1608 1438 1665 Scaliger-i
1453 1608 1506 1651 de
1528 1609 1737 1650 Romanis
1747 1607 1903 1661 puellis
1930 1603 2093 1661 adpro-

1232 1675 1408 1717 barunt.
1433 1674 1599 1716 HEms.

1289 1740 1356 1783 35.
1381 1741 1466 1781 Est
1494 1743 1622 1782 eliam
1657 1739 1820 1780 miseris
1851 1740 2006 1792 pietas.
2038 1738 2091 1778 In

1233 1809 1397 1848 misem
1415 1813 1583 1848 veteres
1603 1802 1821 1846 nonnulli.
1848 1802 1963 1845 Puto
1983 1802 2092 1844 scri-

1497 1889 1517 1906 «
1555 1871 1640 1913 Ista
1675 1868 1809 1912 etiam
1846 1868 1891 1910 in
1923 1867 2092 1910 miseris

1232 1936 1367 1993 pietas
1390 1937 1455 1978 vel
1478 1935 1529 1978 ab
1553 1934 1674 1977 hoste
1703 1933 1940 1990 probatur-3
1969 1950 1990 1969 »
2014 1941 2090 1974 aut

1236 2019 1258 2039 «
1279 2002 1442 2045 misero
1472 2001 1608 2056 pietas
1638 1998 1706 2042 vel
1735 1998 1780 2041 in
1817 1997 1942 2040 hoste
1977 2013 2093 2053 pro-

1234 2069 1376 2112 batur.
1405 2087 1426 2106 »
1457 2067 1559 2110 Hoc
1582 2065 1754 2108 videtur
1789 2064 1896 2107 velle
1921 2065 2094 2107 Noster.

1233 2138 1318 2179 Est
1331 2139 1459 2179 eliam
1476 2135 1836 2190 mtlrerisquefidcs
1849 2165 1859 2183 ,
1882 2130 2093 2174 Arondet.

1239 2201 1407 2244 Hnms.

1292 2267 1357 2320 37.
1378 2267 1502 2308 Nunc
1516 2273 1584 2308 est
1582 2264 1766 2320 fortuna
1777 2278 1969 2305 mearum.
1988 2260 2097 2303 Duo

1237 2338 1408 2373 veteres
1438 2346 1522 2372 non
1544 2337 1653 2378 ἐπί,
1690 2336 1734 2370 et
1765 2336 1860 2370 tum
1892 2323 2097 2381 sequenti

1237 2410 1366 2438 versu
1399 2393 1634 2451 legendut‘n
1661 2395 1776 2435 ullas
1807 2407 1888 2448 pro
1918 2393 2086 2451 nullus,

1239 2461 1461 2518 quomodo
1484 2462 1720 2505 Patavinus
1746 2475 1881 2512 unus,
1907 2457 2095 2501 Metam.

1239 2528 1355 2571 XIII
1382 2544 1391 2570 ;
1413 2546 1436 2565 «
1464 2528 1564 2570 Non
1587 2526 1677 2570 haec
1696 2534 1761 2569 est
1783 2526 1980 2569 Fortuna
2004 2522 2094 2565 d'o-

1240 2609 1350 2636 mus.
1375 2611 1396 2630 »
1422 2593 1591 2636 HEINS.
1985 2632 2007 2642 x

1294 2660 1360 2718 39.
1395 2659 1461 2702 At
1485 2676 1580 2702 mea
1603 2662 1692 2701 sint
1708 2660 1876 2713 proprio
1903 2657 2099 2712 quamvis·

1239 2729 1510 2768 moeslzlrsima
1523 2740 1626 2767 casu
1650 2724 1851 2777 Tempora
1863 2756 1874 2770 ‚
1902 2717 2098 2775 prosecta

1228 2789 1360 2846 facta
1379 2805 1524 2832 serena
1547 2795 1630 2833 luo.
1660 2788 1780 2832 Nihil
1801 2787 1871 2830 hic
1885 2785 1977 2829 sani
1998 2793 2089 2826 est:

1241 2856 1409 2914 primus
1429 2854 1666 2897 Vaticanus
1689 2863 1732 2897 et
1764 2853 1958 2909 quinque
1989 2849 2057 2892 alii
2081 2882 2093 2903 ‚

1242 2925 1306 2966 At
1328 2938 1421 2965 mea
1447 2929 1570 2973 sunt‚·
1604 2919 1762 2963 deinde
1793 2927 1962 2962 veteres
1993 2915 2097 2973 ple-
2128 2955 2133 2958 .

1217 2998 1221 3003 '
1242 2987 1366 3043 rique
1389 3002 1489 3030 cum
1511 2986 1664 3043 primis
1684 2983 1948 3028 editionibus
1970 3015 1981 3035 ‚
2006 2983 2096 3023 Pe-

1241 3061 1358 3096 ctera
1379 3069 1457 3106 pro
1488 3066 1625 3094 sensu.
1665 3046 1926 3106 Legendum
1949 3062 1959 3089 ε
1983 3063 2005 3083 «
2039 3045 2098 3087 At

1243 3133 1342 3160 mea
1359 3125 1462 3160 sunt
1476 3149 1487 3171 ,
1515 3114 1693 3172 proprio
1709 3111 1906 3170 quamvis
1915 3110 2100 3153 moestis-

1244 3183 1353 3226 sima
1375 3197 1473 3225 casu
1489 3214 1502 3236 ,
1530 3181 1714 3224 Pectora
1736 3193 1818 3235 pro
1838 3191 1966 3220 sensu
1985 3174 2099 3217 facta

1245 3263 1399 3292 serena
1412 3256 1501 3290 tuo.
1514 3265 1533 3283 υ
1549 3244 1763 3300 Excerpta
1776 3241 1916 3285 Vossii
1932 3249 2096 3290 tamen,

1238 3331 1317 3370 pto
1335 3330 1460 3357 sensu
1474 3329 1485 3356 :
1497 3328 1575 3369 pro
1588 3319 1712 3354 ventu
1734 3308 2004 3353 Combianus
2021 3323 2098 3363 pro

1249 3379 1417 3422 diversa
1438 3378 1626 3421 lectione
1648 3392 1659 3420 ι
1679 3375 1755 3419 sed
1775 3383 1881 3432 puto
1893 3379 1995 3428 post
2008 3388 2097 3414 sen-

1250 3462 1322 3491 sus
1341 3454 1455 3501 tuos7
1480 3459 1529 3488 ea
1553 3441 1895 3500 significatione,
1919 3455 2003 3496 qua
2026 3438 2098 3481 lib.
