2280 3776
497 324 608 380 Ex
648 319 945 378 PONTO
983 320 1141 375 LIB.
1186 320 1234 373 I.
1278 317 1552 373 EPIST.
1598 321 1718 374 ΙΙΙ.

1881 324 1985 397 273

317 441 593 525 Vastaque
614 487 629 513 ‚
658 462 778 522 quae
801 459 961 498 nemo
987 435 1226 495 vindicet
1243 482 1257 507 ‚
1288 460 1410 496 arva
1436 436 1628 517 jacent.

238 539 436 600 Hostis
463 536 646 607 adest,
676 533 865 595 dextra
893 531 1128 615 laevaque
1158 556 1186 592 a
1215 547 1367 615 parte
1399 532 1700 605 timendum

322 633 628 716 Vicinoque
660 632 808 691 metu
836 642 1003 691 terret
1027 643 1320 712 utrumque
1345 628 1503 691 latus,

244 731 431 796 Altera
457 729 737 792 Bistonias
766 750 891 812 pars
920 741 1003 788 est
1029 748 1248 787 sensura
1278 726 1523 800 sarissas,

326 828 516 892 Altera
544 823 838 887 Sarmatica
866 821 1071 907 spicula
1105 823 1266 885 missa
1295 847 1475 885 manu.
1950 841 2008 882 δυ

246 926 274 986 I
302 948 450 986 nune
467 970 483 996 ‚
514 937 568 983 et
594 935 836 982 veterum
863 919 1030 980 nobis
1058 918 1299 1004 exempla
1324 921 1594 993 virorum,

329 1019 445 1101 Qui
469 1018 602 1078 forti
632 1039 814 1078 casum
840 1030 1019 1075 mente
1049 1015 1250 1086 tulere,
1280 1014 1449 1074 refer:

247 1116 324 1178 Et
350 1139 507 1195 grave
537 1111 866 1191 magnanimi
896 1111 1069 1172 robur
1095 1112 1290 1172 mirare
1316 1110 1526 1185 Rutili,

327 1214 457 1272 Non
485 1208 572 1270 usi
601 1207 809 1269 reditus
835 1206 1155 1266 conditione
1184 1206 1312 1267 dati.

251 1308 479 1391 Smyrna
506 1304 683 1365 virum
714 1303 919 1374 tenuit,
952 1326 1063 1362 non
1093 1304 1307 1364 Pontus
1333 1317 1388 1365 et
1417 1302 1631 1366 hostica
1660 1302 1853 1377 tellus;
1958 1322 2013 1362 65

331 1404 492 1464 Paene
521 1402 702 1463 minus
730 1399 887 1461 nullo
916 1400 1144 1483 Smyrna
1173 1401 1407 1484 petenda
1436 1401 1573 1461 loco.

251 1502 381 1563 Non
410 1499 583 1561 doluit
612 1498 788 1583 patria
816 1495 1055 1579 Cynicus
1086 1496 1279 1579 procul
1310 1521 1424 1557 esse
1453 1497 1758 1581 Sinopeus;

336 1594 498 1676 Legit
523 1595 667 1656 enim
700 1593 879 1662 sedeS,
911 1592 1094 1652 Attica
1125 1606 1291 1663 terra,
1322 1606 1472 1653 tuas:

261 1694 427 1754 Arma
450 1686 741 1752 Neoclides
772 1688 866 1772 qui
895 1687 1111 1748 Persica
1142 1687 1393 1748 contudit
1421 1687 1616 1759 armiS‚

340 1783 601 1866 Argolica
629 1784 860 1868 primam
889 1781 1057 1844 sensit
1086 1784 1143 1841 in
1168 1781 1304 1843 urbe
1330 1782 1515 1861 sugam
1540 1807 1554 1841 :

330 1946 398 1990 6ο.
430 1946 598 2001 Spicula
628 1947 755 1986 mista
790 1958 926 1984 manu.
966 1942 1107 1984 Missa

264 2019 454 2069 quatuor
469 2009 615 2066 scripti
632 2042 642 2057 .
674 2006 789 2065 quod
811 2006 977 2050 melius.

318 2078 386 2121 6ι.
423 2078 610 2120 Veterum
636 2077 756 2117 nobis
779 2075 967 2128 exempla
987 2076 1108 2115 viro-

263 2156 365 2186 rum
380 2140 529 2185 Scribe
549 2147 726 2182 veterum
744 2153 899 2180 reorum
911 2168 922 2188 ,
950 2136 1020 2180 vel
1037 2135 1110 2179 in-

265 2206 363 2250 vitis
381 2203 660 2248 membranis.
683 2203 743 2245 H.

319 2270 386 2314 63.
417 2271 478 2312 Et
496 2283 623 2324 grave
641 2270 907 2322 magnanimi.
921 2267 968 2315 Ι.
987 2282 1113 2322 grave

269 2333 438 2388 malim,
454 2331 646 2389 adposita
664 2331 941 2387 repetitione,
954 2330 987 2373 si
1007 2329 1111 2386 quid

270 2397 409 2450 video.
419 2397 956 2451 H.—Ma3nam'miButi!12
967 2396 1015 2438 P.
1028 2395 1114 2437 Ru-

274 2463 390 2508 tilius
409 2462 560 2506 doctus
583 2469 627 2504 et
650 2459 927 2518 philosophia:
946 2460 1116 2503 deditus

274 2530 342 2573 vir
351 2528 453 2583 fuit,
466 2542 648 2571 summae
662 2525 921 2569 innocentiae
933 2540 943 2568 z
957 2526 991 2568 is
1005 2541 1117 2581 quae-

275 2604 367 2639 stor
383 2594 527 2636 Asiam
543 2590 711 2647 injuriis
729 2589 1057 2647 publicanorum
1071 2589 1119 2632 li-

276 2658 445 2703 beravit
462 2674 472 2701 :
492 2656 566 2700 sed
595 2655 753 2698 invidia
772 2654 980 2710 equestris
1000 2653 1121 2696 ordi-

279 2723 373 2777 nis,
397 2722 470 2778 qui
487 2719 764 2776 tuncjudicia
778 2719 1026 2773 exercebat,
1047 2734 1121 2761 re-

280 2788 575 2846 petundarum
588 2786 817 2829 damnatus
832 2818 843 2839 ,
866 2787 911 2829 in
925 2784 1120 2828 exsilium

282 2854 434 2898 missus
454 2861 545 2896 est:
567 2867 703 2908 quum
724 2860 871 2908 postea
892 2851 931 2893 ei
951 2851 1006 2894 ob
1022 2849 1124 2909 Syl-

283 2917 428 2962 lanam
443 2917 669 2961 victoriam
698 2917 741 2959 in
771 2916 955 2973 patriam
980 2915 1123 2958 redire

285 2981 433 3026 liceret
445 3014 458 3036 ‚
472 2982 625 3025 maluit
637 2982 681 3024 in
696 2981 842 3024 exsilio
859 2996 950 3024 esse
967 3011 979 3032 ‚
993 2995 1126 3036 quam

289 3043 449 3099 aliquid
461 3052 612 3088 contra
633 3044 746 3100 leges
764 3043 911 3087 fecisse
930 3043 1080 3086 videri.

343 3107 411 3151 65.
440 3110 590 3152 Virum.
616 3108 843 3151 Rutilium.
878 3109 939 3151 Et
965 3111 1128 3151 hostt‘m

291 3175 427 3217 tellus.
445 3172 579 3216 Multi
597 3172 694 3215 libri
722 3180 765 3217 et
782 3176 945 3228 hospita
967 3190 980 3216 .·
1012 3173 1125 3217 forte

290 3237 506 3293 scripserit
518 3269 530 3290 ,
552 3253 632 3279 non
645 3238 815 3290 Pontus,
834 3240 1041 3293 inhospita
1058 3242 1132 3280 tel-

292 3305 376 3355 lus,
391 3316 468 3358 per
481 3300 794 3357 adpositionem
804 3333 817 3354 ‚
835 3310 879 3345 et
895 3309 944 3344 ut
957 3302 1132 3346 adludat

296 3365 351 3408 ad
365 3380 608 3422 cognomen
622 3370 759 3408 axoni.
774 3366 937 3409 Bumn.

353 3431 420 3476 66.
435 3432 623 3488 Smyrna.
637 3430 828 3490 Smyrna
845 3432 945 3476 urbs
963 3430 1047 3475 fuit
1068 3431 1137 3476 Io-

463 3517 520 3572 V
520 3515 562 3567 I
561 3514 598 3567 I
602 3556 610 3565 .
655 3521 658 3524 ’

1975 1812 2030 1856 ‘1¹⁰

1187 1939 1287 1994 nie,
1303 1939 1353 1983 ab
1366 1939 1586 1983 Amazone
1596 1939 1786 1999 Smyrna
1795 1939 2003 1996 adpellata
2016 1975 2029 1996 ,

1189 2022 1285 2063 quae
1307 2006 1528 2062 Ephesum
1559 2009 1697 2051 tenuit
1720 2024 1730 2058 3
1765 2023 1814 2050 ea
1845 2008 1946 2051 urbs
1968 2017 2034 2051 est

1189 2086 1278 2115 una
1298 2088 1348 2114 ex
1368 2072 1439 2127 iis,
1459 2087 1554 2128 quoe
1572 2073 1649 2116 sibi
1668 2073 1851 2117 Homeri
1869 2074 2032 2117 natales

1188 2135 1666 2180 vindicamur-Nullo
1681 2140 1787 2180 loco.
1811 2138 1938 2182 Nulla
1954 2139 2035 2181 alia

1191 2201 1309 2243 urbe.
1323 2201 1528 2261 Smyrna,
1545 2202 1702 2258 inquit,
1717 2219 1851 2259 quum
1865 2204 1917 2246 sit
1933 2203 2035 2247 urbs

1191 2266 1511 2322 preclarissima
1539 2300 1551 2321 ‚
1591 2268 1809 2310 minorem
1843 2267 2037 2312 adferret

1195 2325 1390 2375 dolorem
1412 2333 1457 2374 in
1479 2348 1529 2375 ea
1550 2333 1785 2386 exsulanti,
1801 2350 1930 2389 quam
1944 2333 2036 2378 aliae

1195 2397 1323 2440 urbes
1338 2412 1349 2439 ε
1365 2397 1484 2452 quasi
1501 2396 1613 2440 dicat
1629 2430 1641 2450 ‚
1660 2398 1693 2440 si
1714 2398 1808 2454 quis
1826 2399 1941 2442 exsul
1961 2399 2039 2442 lo-

1195 2476 1298 2504 cum
1313 2469 1502 2517 -gratum
1533 2462 1717 2518 quaerit,
1753 2478 1850 2505 eam
1882 2463 2040 2507 urbem

1197 2539 1286 2582 prae
1305 2527 1469 2569 caeteris
1489 2527 1630 2584 eligat.

1252 2591 1319 2647 67.
1339 2592 1433 2633 Non
1450 2593 1587 2635 doluit
1599 2601 1679 2636 etc.
1704 2593 1951 2650 Diogenem
1971 2595 2044 2638 in-

1200 2654 1442 2711 telligit‚qui
1452 2655 1665 2713 Sinopeus
1675 2657 1771 2711 l'uit,
1785 2658 1906 2703 lcesii
1920 2676 2041 2702 men-

1200 2717 1300 2761 sarii
1338 2718 1451 2762 filius
1478 2735 1488 2762 :
1527 2736 1659 2777 quem
1687 2722 1847 2778 fugisse
1881 2725 2004 2768 aiunt
2027 2758 2040 2780 ,

1202 2800 1338 2841 quum
1366 2785 1461 2840 ejus
1492 2796 1614 2843 pater
1645 2788 1813 2846 publice
1845 2806 2044 2835 mensam

1202 2847 1405 2903 haberet,
1428 2865 1476 2892 ac
1508 2850 1616 2894 falso
1649 2855 1878 2909 pecuniam
1898 2856 2045 2912 signa-

1203 2920 1284 2954 ret.
1315 2912 1422 2955 lude
1448 2912 1643 2958 Athenas
1673 2918 1881 2972 veniens,
1914 2919 2048 2962 Anti-

1204 2975 1390 3019 sthenen
1412 2987 1582 3022 secutus
1601 2988 1679 3023 est.

1259 3042 1325 3099 69.
1340 3043 1475 3085 Arma
1488 3046 1720 3089 Neoclides.
1734 3047 2049 3093 Themistocles

1209 3106 1487 3152 Atheniensis
1498 3141 1510 3162 ,
1525 3109 1695 3153 Neoclis
1709 3110 1840 3164 filius,
1865 3112 1939 3169 qui
1957 3115 2052 3157 uni-

1209 3188 1341 3215 versae
1353 3172 1530 3217 Graeciae
1539 3177 1833 3232 magnaesaluti
1845 3177 1928 3235 fuit
1937 3179 2049 3223 bello

1211 3240 1397 3282 Persico.
1417 3240 1485 3282 De
1501 3241 1790 3287 Themistocle
1810 3245 1929 3301 plura
1947 3247 2053 3302 legi-

1213 3311 1258 3346 to
1271 3304 1384 3360 apud
1401 3305 1679 3349 Herodotum
1693 3340 1705 3362 ,
1723 3308 2026 3368 Thucydidem
2037 3343 2050 3365 ‚

1214 3368 1439 3412 Justinum
1455 3404 1466 3424 ,
1490 3388 1537 3415 ac
1558 3372 1784 3416 AEmilium
1805 3376 2011 3418 Probum.

1274 3449 1336 3490 70.
1349 3437 1696 3492 Primamsugam.
1713 3440 1810 3483 Hoc
1822 3440 1940 3493 dicit,
1957 3441 2055 3496 quia

1746 3529 1806 3576 18
