2268 3848
180 310 245 365 72.
649 291 714 343 P.
758 288 1051 344 oV1D11
1093 279 1473 345 NASONIS

257 388 497 464 Parthus
530 426 697 486 eques
717 450 732 476 ,
768 404 958 465 timida
987 419 1255 488 captaque
1284 404 1438 482 signa
1470 427 1651 465 manu.

176 504 338 560 Nunc
369 515 420 560 te
451 500 605 583 prole
637 516 729 561 tua
754 501 1006 582 juvenem
1043 501 1332 562 Germania
1364 499 1560 574 sentit,

255 597 520 680 Bellaque
551 622 654 680 pro
687 620 888 675 magno
920 599 1129 659 Caesare
1162 599 1343 659 Caesar
1375 597 1512 659 obit.

1886 616 1966 657 230

177 696 430 778 Denique
452 742 466 767 ,
495 710 558 755 ut
587 695 643 754 in
672 709 823 755 tanto
845 742 860 766 ‚
888 711 1155 778 quantum
1187 719 1302 755 non
1330 695 1541 756 exstitit
1562 718 1838 780 unquam,

261 792 512 874 Corpore
531 838 544 863 ‚
577 815 704 874 pars
734 790 885 851 nulla
918 808 999 852 est
1028 816 1148 875 quae
1177 791 1326 852 labet
1355 791 1599 876 imperii;

180 889 330 949 Urbs
363 913 583 972 quoque
615 905 664 949 te
687 936 700 962 ‚
734 904 787 950 et
817 888 999 968 legum
1026 888 1195 950 lassat
1228 888 1399 950 tutela
1429 904 1678 962 tuarum,

260 990 334 1048 Et
360 1011 610 1059 morum,
644 987 850 1049 similes
879 1013 1021 1072 quos
1055 988 1213 1071 cupis
1243 1011 1361 1049 esse
1398 988 1523 1049 tuis.

179 1084 292 1142 Nec
323 1083 423 1143 tibi
452 1084 813 1164 contingunt,
841 1109 962 1168 quae
993 1084 1253 1164 gentibus
1283 1086 1394 1145 otia
1421 1099 1647 1167 praestas
1669 1130 1685 1158 ,

1880 1102 1962 1143 235

260 1179 523 1264 Bellaque
556 1206 679 1243 cum
712 1181 900 1243 multis
931 1182 1232 1266 irrequieta·
1257 1182 1416 1261 geris,
1519 1250 1521 1253 ,

182 1275 356 1336 Mirer
383 1277 438 1337 in
473 1279 578 1339 hoc
606 1279 777 1358 igitur
807 1293 1081 1339 tantarum
1113 1278 1361 1362 pondere
1388 1303 1571 1341 rerum
1592 1326 1609 1354 ,

261 1374 563 1458 Nunquam
594 1391 649 1436 te
673 1391 895 1437 nostros
929 1375 1203 1437 evoluisse
1227 1377 1429 1459 jocos?

181 1470 262 1530 At
290 1471 368 1543 si,
404 1473 554 1555 quod
583 1471 831 1545 mallem,
860 1495 1066 1533 vacuus
1091 1471 1324 1532 fortasse
1351 1471 1584 1545 fuisseS,

182 1599 327 1655 siano,
343 1601 430 1645 sive
445 1602 626 1646 Antonii
638 1603 830 1646 exercitu
850 1602 1036 1647 recolle-

183 1665 264 1718 cti,
287 1665 496 1724 signaque
507 1684 607 1712 cum
620 1668 686 1712 his
705 1668 906 1712 militaria
934 1666 1033 1711 Au·-

184 1739 310 1786 gusto
333 1733 524 1776 remissa.
545 1733 634 1776 Sed
659 1743 702 1778 et
721 1733 796 1776 filii
816 1741 1034 1790 nepotes-

185 1810 267 1850 que
289 1796 517 1842 Phrahatis
530 1798 699 1842 obsides
713 1799 913 1856 Augusto
924 1798 1036 1842 dati:

185 1861 368 1918 plusque
399 1862 546 1907 Caesar
564 1864 864 1921 magnitudine
888 1864 1039 1907 nomi-

186 1926 256 1970 nis
268 1928 332 1970 sui
355 1928 481 1982 fecit,
504 1945 638 1985 quam
652 1929 783 1972 armis
805 1928 912 1973 alius
932 1929 1036 1972 im-

187 2001 364 2049 perator
380 1993 522 2036 facere
542 1993 764 2051 potuisset.

246 2057 340 2100 230.
367 2060 572 2115 Bellaque
583 2076 662 2114 pro
694 2076 845 2115 magno
876 2061 1043 2105 casare

194 2123 480 2166 Coesarhabet.
503 2126 605 2166 obit
614 2125 740 2180 prim.
755 2126 894 2170 Vatic.
909 2135 954 2170 et
968 2144 1042 2184 op·

190 2187 322 2230 timus
337 2187 523 2231 Palatin.
537 2189 684 2233 Livius
703 2190 774 2232 lib.
789 2190 875 2234 IV:
891 2210 911 2229 «
923 2192 1042 2247 Quia

191 2252 280 2296 duo
306 2254 504 2298 consules
527 2256 648 2299 obire
685 2264 751 2299 tot
776 2256 905 2300 simul
931 2257 1042 2300 bella

192 2320 440 2375 nequirent.
458 2339 479 2359 »
496 2321 616 2379 Virg.
633 2322 809 2367 AEneid.
827 2324 916 2377 VI,
942 2324 1016 2381 167
1033 2338 1043 2366 :

193 2402 216 2421 «
239 2386 298 2429 Et
318 2385 428 2430 lituo
447 2403 612 2444 pugnas
633 2387 812 2446 insignis
832 2387 981 2433 obibat
999 2396 1045 2432 et

193 2448 328 2493 hasta.
344 2452 473 2493 »vat
487 2452 626 2496 Flacc.
641 2453 712 2496 lib.
735 2454 805 2497 111
821 2485 833 2507 ‚
850 2470 951 2513 710:
965 2455 1046 2497 du-

194 2531 266 2558 ras
278 2519 367 2558 obit
383 2518 551 2560 horrida
562 2535 742 2573 pugnas.
766 2520 1049 2574 Obe‘repraelt'a

197 2579 330 2622 etiam
347 2582 534 2624 occurrit
546 2583 660 2637 apud
676 2584 958 2628 Lucretium:
975 2583 1050 2627 de·

197 2662 294 2690 cem
321 2646 390 2690 alii
413 2651 522 2691 bella
544 2652 656 2703 agit,
680 2649 797 2705 quod
817 2649 1048 2694 Gronovio

199 2710 272 2754 lib.
287 2712 333 2755 ll
348 2728 460 2769 ,cap.
477 2726 535 2755 111
556 2711 946 2774 Observationum,
960 2730 1048 2758 me-

199 2776 284 2820 rito
310 2778 585 2834 probabatur.
609 2779 707 2822 Art.
734 2779 880 2823 Amat.
901 2779 971 2823 lib.
996 2780 1017 2823 Ι
1035 2812 1047 2833 ,

206 2844 281 2887 182
313 2859 324 2886 z
350 2860 374 2880 κ
395 2843 605 2902 Bellaque
628 2860 720 2887 non
741 2861 878 2901 puero
895 2853 1051 2888 tractat

201 2908 369 2965 agenda
389 2903 524 2966 putem
545 2929 572 2960 ,ν
592 2903 635 2954 elt
654 2911 855 2955 Gratius:
873 2929 893 2948 «
913 2910 1051 2968 Quod

202 2977 284 3021 nisi
308 2986 353 3020 et
382 2982 571 3021 accessus
600 2986 644 3021 et
669 2978 825 3035 agendi
852 2986 1052 3035 tempora

203 3044 304 3088 belli
326 3045 521 3089 Noveris.
548 3063 570 3083 »
592 3044 664 3089 Sic
680 3045 843 3090 Graecis
866 3049 971 3102 ὅῖγειν
991 3051 1053 3092 τὸν

205 3114 376 3166 πόλεμον.
409 3112 569 3165 Degere
603 3113 755 3153 bellum
792 3111 1018 3156 Lucretius
1038 3144 1051 3166 ,

208 3179 358 3219 bellum
394 3178 542 3219 ducere
575 3175 783 3232 Virgilius
819 3175 1024 3220 dixerunt
1038 3208 1051 3231 ,

209 3239 431 3295 quomodo
448 3242 616 3291 ducere,
647 3243 810 3296 degere,
840 3256 963 3295 agere
986 3243 1055 3284 νί-

208 3314 296 3349 tam
310 3305 473 3349 Latinis
486 3307 766 3362 scriptoribus
784 3307 831 3349 in
853 3322 958 3350 usu:
973 3304 1057 3350 nisi

212 3368 329 3426 quod
340 3385 504 3413 cernere
516 3374 667 3414 bellum
686 3370 887 3414 nonnulli
901 3370 947 3413 in
966 3370 1057 3412 Lu-

212 3434 348 3478 cretio
379 3433 687 3490 reponendum
724 3450 814 3479 esse
846 3442 1054 3486 censent,

1118 1618 1189 1645 me
1212 1618 1303 1645 non
1332 1602 1569 1646 renitente.
1595 1601 1749 1646 Posset
1770 1607 1815 1643 et
1828 1602 1976 1642 ducere

1120 1669 1276 1711 bellum
1296 1667 1403 1724 legi,
1438 1676 1486 1711 ut
1521 1670 1674 1722 dugere
1695 1665 1840 1723 primo
1861 1665 1975 1708 scri-

1117 1740 1243 1789 ptum
1254 1733 1402 1777 fuerit.
1416 1733 1584 1777 Hssms.
1593 1734 1800 1787 Bellaque
1802 1745 1882 1787 pro
1891 1746 1975 1772 ma-

1115 1816 1198 1855 gno
1220 1801 1397 1843 Caesare.
1411 1796 1578 1842 Sensus
1593 1806 1681 1841 est:
1696 1796 1867 1839 Drusus
1878 1793 1973 1838 bel-

1117 1866 1158 1909 la
1180 1867 1291 1923 gerit
1316 1881 1397 1923 pro
1419 1865 1636 1922 Augusto,
1663 1862 1868 1920 Appellat
1889 1876 1975 1904 au·—

1120 1940 1212 1976 tem
1231 1932 1453 1984 Drusum,
1488 1929 1675 1987 Augusti
1695 1928 1946 1985 privignum
1962 1958 1975 1980 ,

1125 1996 1349 2040 Caesarem
1375 2004 1454 2039 :ut
1488 1995 1622 2039 etiam
1654 1993 1978 2038 Germanicum

1123 2062 1170 2105 in
1194 2061 1345 2106 Fastis.
1381 2059 1466 2104 Alii
1495 2059 1579 2104 hoc
1603 2059 1700 2103 loco
1731 2073 1824 2101 non
1845 2057 1979 2100 Dru-

1123 2143 1248 2180 sum,
1272 2125 1347 2169 sed
1371 2125 1507 2169 Drusi
1528 2124 1672 2168 filium
1699 2140 1751 2167 ex
1780 2120 1979 2166 Antonia

1128 2188 1312 2233 Caesaris
1322 2197 1454 2246 nepte
1467 2221 1478 2243 ,
1492 2203 1626 2245 quem
1642 2187 1866 2243 Augustus
1878 2193 1978 2228 octo

1125 2254 1370 2312 legionibus
1383 2253 1495 2312 apud
1519 2253 1732 2298 Rhenum
1745 2252 1977 2307 imposue-

1126 2329 1196 2364 rat
1210 2352 1222 2373 ,
1253 2319 1524 2376 adscribique
1546 2335 1624 2376 per
1645 2317 1927 2374 adoptionem
1957 2332 1981 2358 a

1130 2385 1311 2429 Tiberio
1327 2386 1514 2444 jusserat
1531 2400 1542 2428 z
1563 2391 1614 2427 ut
1633 2382 1812 2427 Tacitus
1831 2389 1982 2425 auctor

1129 2459 1216 2504 est,
1239 2450 1344 2495 lib.1
1361 2482 1375 2504 ,
1396 2450 1516 2493 Anu.
1535 2449 1586 2491 3:
1604 2447 1692 2492 vid.
1712 2447 1795 2491 vol.
1820 2448 1842 2492 I
1857 2479 1869 2502 ,
1887 2462 1979 2504 pag.

1136 2518 1186 2571 14
1203 2525 1364 2561 nostrae
1386 2511 1619 2559 Editionis.

1187 2584 1281 2626 233.
1300 2584 1490 2634 lassam
1505 2584 1676 2624 lassant
1684 2575 1982 2628 Lovaniensis;

1131 2656 1263 2692 vexat
1277 2647 1410 2714 ³¹le3
1429 2650 1556 2689 laxat
1572 2643 1823 2689 Beruensis.

1187 2714 1283 2768 234.
1298 2714 1360 2755 Et
1371 2708 1540 2756 morum.
1561 2709 1785 2766 Augustus
1801 2739 1813 2762 ,
1834 2706 1984 2763 impe-

1135 2781 1258 2825 tratis
1278 2796 1302 2824 a
1319 2788 1475 2824 senatu
1504 2777 1660 2821 decem
1679 2773 1952 2834 adjutoribus
1969 2804 1982 2825 ,

1135 2860 1498 2902 unumquemque
1530 2842 1729 2898 equitum
1764 2841 1984 2884 rationem

1134 2912 1234 2954 vitae
1260 2909 1444 2953 reddere
1465 2906 1618 2963 coegit.
1642 2905 1987 2949 Mum—Mores

1137 2977 1300 3019 Lovan.
1322 2983 1367 3017 et
1390 2982 1490 3017 octo
1511 2971 1604 3015 alii:
1620 2987 1722 3028 quos
1728 2973 1842 3025 petis·
1858 2985 1987 3012 unus.

1194 3041 1285 3097 237.
1306 3041 1444 3082 M'ror
1458 3043 1503 3081 e'n
1516 3039 1595 3080 hoc
1605 3040 1743 3092 igitur.
1763 3036 1898 3078 ,M'irer
1907 3049 1987 3077 se·—

1137 3114 1258 3162 ptem
1273 3111 1348 3147 aut
1368 3112 1466 3147 octo
1477 3100 1682 3145 meliores
1698 3117 1709 3152 ;
1730 3108 1775 3143 et
1787 3097 1988 3155 sequenti

1136 3185 1265 3213 versu
1283 3171 1504 3226 Nunquam
1517 3183 1598 3225 pro
1618 3167 1810 3222 Unquam
1828 3162 1988 3207 iidem:

1138 3243 1254 3279 recte
1262 3234 1310 3288 ‚si
1322 3230 1674 3290 interrogationis
1682 3239 1832 3274 notam
1842 3227 1986 3272 addas.

1194 3301 1289 3359 239.
1320 3300 1386 3345 At
1402 3303 1460 3352 si,
1489 3300 1602 3354 quod
1615 3299 1800 3347 mallem,
1827 3308 1989 3338 vacuus

1127 3366 1322 3424 sortasse
1325 3364 1504 3420 fuisses.
1521 3364 1728 3421 Quatuor
1749 3375 1907 3405 vacuus
1921 3362 1985 3401 tl-

1141 3431 1337 3488 bz‘sorte;
1360 3430 1429 3474 alii
1451 3428 1600 3484 multi,
1624 3428 1756 3472 etiam
1771 3442 1820 3470 ex·
1841 3422 1985 3468 melio-
