2280 3776
235 319 341 353 220

695 306 758 358 Ρ.
809 307 1097 362 OVIDII
1142 308 1524 365 NASONIS

232 417 371 476 Nata
400 415 661 498 pudicitia
689 435 797 492 est,
827 444 1034 494 moreS,
1062 424 1419 507 probitasque
1439 472 1453 497 ,
1487 424 1762 508 fidesque:
1944 445 2002 500 45

314 515 391 571 At
418 537 532 571 non
561 530 690 574 sunt
719 516 824 575 ista
855 518 1050 594 gaudia
1080 535 1206 580 nata
1235 521 1339 580 die.

237 608 343 668 Sed
374 607 556 681 labor,
590 625 645 669 et
673 635 843 684 curae,
874 613 1203 699 fortunaque
1230 615 1477 676 moribus
1503 616 1711 699 impar;

315 705 582 786 Justaque
615 706 681 766 de
708 708 875 769 viduo
904 734 1056 792 paene
1084 712 1302 794 querela
1332 728 1469 772 toro.

237 800 484 874 Scilicet,
513 800 754 865 adversis
784 807 1035 888 probitas
1065 811 1297 869 exercita
1326 809 1523 881 rebuS,

321 899 491 959 Tristi
521 903 800 963 materiam
830 919 1073 987 tempore
1103 905 1279 966 laudis
1306 905 1504 964 habet:
1957 923 2012 964 50

242 995 302 1054 Si
331 997 471 1056 nihil
500 997 687 1059 infesti
719 1000 887 1061 durus
918 1002 1143 1062 vidisset
1173 1002 1397 1085 Ulysses
1415 1050 1431 1073 ,

321 1095 596 1179 Penelope
629 1098 787 1171 felix,
821 1100 915 1160 sed
946 1101 1061 1160 sine
1090 1100 1281 1173 laude,
1310 1102 1482 1162 foret:

239 1190 433 1251 Victor
462 1193 761 1254 Echionias
792 1195 838 1254 si
871 1195 953 1254 vir
975 1210 1311 1278 penetrasset
1338 1196 1397 1255 in
1425 1219 1572 1255 arces
1590 1241 1605 1266 ‚

322 1290 577 1350 Forsitan
608 1293 867 1352 Evadnen
897 1294 987 1352 vix
1019 1319 1113 1354 sua
1142 1308 1331 1354 nosset
1359 1294 1590 1354 humus:

248 1386 437 1464 Quum
467 1387 617 1448 Pelia
643 1404 729 1449 tot
751 1390 862 1449 sint
891 1391 1113 1468 genitae,
1144 1414 1242 1451 cur
1268 1389 1475 1451 nobilis
1504 1413 1614 1450 una
1642 1390 1765 1450 est?
1961 1406 2015 1449 55

299 1553 364 1606 45.
378 1555 709 1608 Ναίαραᾱιὶίίἰα
721 1563 805 1609 est,
828 1573 971 1600 mores.
991 1558 1090 1599 Mo-
1171 1557 1262 1611 XI,
1288 1557 1364 1600 263
1389 1573 1404 1601 τ
1422 1574 1443 1594 «
1463 1556 1649 1599 AEtneos
1676 1554 1784 1597 vidit
1806 1553 2017 1613 Cyclopas

243 1620 324 1666 ris,
352 1617 431 1667 vel*
449 1636 623 1671 morum,
653 1620 719 1663 vel
737 1637 872 1665 secum
899 1621 995 1664 libri
1014 1639 1091 1666 ve-

244 1688 358 1723 teres
377 1698 386 1732 ;
407 1681 489 1725 hoc
504 1692 565 1726 est
583 1692 715 1727 tecum
731 1694 883 1741 :atque
899 1684 956 1727 ita
979 1701 1086 1740 quo-

248 1761 332 1800 que
348 1747 388 1788 T
391 1748 629 1805 anaquillus
646 1750 786 1793 Faber
798 1749 843 1793 in
860 1749 1062 1806 Epistolis
1081 1765 1108 1793 :-

247 1810 324 1853 sed
357 1817 480 1855 moris
511 1814 725 1857 meliores.
759 1816 886 1859 Latet
918 1813 1095 1871 aliquid.

249 1876 410 1920 Putem
419 1887 567 1929 etmos,
586 1881 667 1924 nisi
676 1880 793 1936 quod
804 1885 984 1923 moribus
996 1897 1095 1923 mox

251 1943 458 1996 sequitur.
480 1944 612 1987 Forte
631 1953 675 1988 et
690 1948 841 1995 honor,
868 1944 936 1988 vel
952 1948 1095 1987 honos.

306 2007 371 2064 49.
397 2008 599 2051 Adversis
611 2013 802 2063 probitas
827 2013 1010 2053 exercita
1031 2026 1099 2052 re-

252 2071 341 2111 bus.
358 2070 430 2114 Sic
443 2072 567 2130 Virg.
582 2074 791 2129 AEn.111‚
811 2091 850 2117 v.
867 2075 940 2116 182
957 2107 968 2128 ‚
993 2075 1098 2116 Ilia-

255 2137 319 2176 cis
333 2138 645 2193 exercetesatelr.

303 2204 327 2243 5
336 2218 350 2242 1
360 2234 369 2242 .
380 2203 524 2246 Durus
537 2208 715 2250 vidisset
730 2208 915 2265 Ulysses.
929 2209 1031 2260 Non
1042 2209 1100 2252 vi·

256 2263 319 2306 dit
341 2274 535 2322 tantum,
560 2269 636 2312 sed
657 2269 754 2314 tulit
778 2271 910 2314 etiam
927 2262 971 2314 et
989 2288 1099 2328 per-

256 2346 401 2385 pessus
422 2341 497 2375 est.
522 2333 673 2389 Quare
695 2335 857 2391 scribo,
880 2340 1100 2379 subiisset:

257 2411 338 2450 pro
347 2396 514 2453 vulgata
527 2399 710 2443 lectione
721 2410 867 2444 tamen
877 2411 992 2445 stant
1003 2402 1102 2445 scri-

256 2460 321 2515 pti
341 2477 506 2507 omnes.
527 2465 656 2508 Pont.
677 2467 698 2509 I
713 2498 724 2520 ,
750 2466 870 2523 Eleg.
883 2481 947 2521 Ν,
962 2484 1002 2508 v.
1020 2469 1099 2521 45:

258 2542 282 2562 «
303 2525 467 2569 Durius
488 2538 552 2572 est
572 2530 703 2586 igitur
724 2541 925 2575 nostrum
939 2564 952 2586 ,
979 2532 1104 2576 fidis-

257 2589 365 2633 sima
376 2594 534 2648 'conjux
548 2626 559 2647 ,
580 2595 660 2637 Illo
671 2628 682 2648 ,
697 2595 814 2651 quod
826 2596 955 2639 subiit
969 2596 1104 2639 AEso-

258 2670 316 2698 ne
336 2666 462 2700 natus
477 2690 488 2712 ,
514 2674 636 2701 onus.
649 2678 669 2695 »
692 2660 764 2703 Sic
777 2664 1004 2714 periculum
1019 2677 1103 2703 su-

259 2724 363 2772 bire,
371 2740 535 2777 poenam
546 2758 556 2775 ‚
572 2728 752 2768 laborem
763 2759 773 2777 ,
792 2735 835 2768 et
848 2726 1001 2769 similia
1014 2742 1104 2782 pas-

259 2787 339 2831 sim
351 2790 464 2846 apud
476 2789 738 2834 Ciceronem
753 2792 940 2848 aliosque
954 2792 1105 2835 obcur-

261 2865 378 2899 runt.
391 2857 594 2901 H.—-Sed
608 2857 699 2901 haec
711 2867 775 2901 est
792 2875 910 2902 mera
926 2867 1105 2902 mutan-

263 2922 306 2964 di
322 2932 364 2966 et
377 2923 620 2980 corrigendi
633 2957 645 2979 ,
659 2925 790 2968 etiam
798 2941 900 2968 sana
913 2959 925 2979 ‚
943 2924 1074 2967 libido
1091 2940 1102 2967 :

260 2989 447 3030 videmus
473 2989 593 3031 enim
613 2990 724 3031 mala
739 3021 750 3043 ,
783 3005 878 3045 quae
898 2989 1104 3032 subimus.

262 3052 444 3096 Terent.
465 3054 652 3111 Adelph.
674 3056 731 3108 V,
753 3069 817 3107 IV,
844 3056 892 3097 13
910 3071 920 3097 ι
939 3071 959 3090 «
978 3054 1103 3097 Uxo-

264 3133 360 3160 rem
376 3119 501 3174 duxi,
517 3137 647 3176 quam
662 3121 720 3164 ibi
731 3121 952 3164 miseriam
964 3118 1064 3162 vidi.
1082 3137 1105 3156 »

264 3184 391 3230 Idem
402 3204 505 3230 vero
518 3199 670 3233 notare
685 3190 799 3247 quod
813 3193 1006 3245 experiri,
1029 3187 1106 3230 do-

264 3261 334 3294 cet
353 3253 538 3312 Philarg.
564 3257 616 3299 ad
638 3257 898 3314 illaVirgilii
911 3290 922 3312 ,
946 3255 1105 3311 Georg.

267 3316 314 3359 II
334 3348 345 3369 ,
377 3319 450 3359 501
471 3335 480 3361 :
510 3338 532 3356 «
557 3337 638 3364 nec
660 3322 804 3364 ferrea
825 3323 922 3377 jura
937 3354 949 3375 ,
974 3322 1106 3365 Insa-

268 3397 464 3438 numque
475 3383 636 3438 forum,
653 3396 725 3429 aut
738 3386 884 3442 populi
902 3384 1108 3429 tabularia

267 3446 398 3503 vidit3
424 3467 444 3487 υ
467 3448 541 3492 ubi
563 3448 736 3492 adducit
757 3451 902 3494 locum
929 3468 979 3494 ex
1004 3450 1107 3493 AEn.

1173 1622 1357 1680 Ulyxes;
1388 1640 1409 1659 »
1431 1630 1475 1664 et
1498 1621 1556 1664 ibi
1579 1619 1755 1663 Servius
1780 1619 1889 1662 mire
1912 1616 2018 1660 illud

1172 1690 1282 1729 vidit
1307 1685 1518 1730 addidisse
1544 1694 1690 1735 notan
1712 1693 1761 1727 ut
1782 1685 1880 1737 111,
1910 1684 2018 1740 43⁰¹·

1176 1770 1198 1790 α
1224 1751 1375 1807 Quam
1396 1752 1531 1796 semel
1551 1751 1790 1795 informem
1813 1758 1932 1792 vasto
1954 1748 2018 1790 vi-

1175 1817 1284 1861 disse
1304 1818 1383 1860 sub
1405 1818 1538 1861 Arcto
1557 1816 1757 1875 Scyllam.
1775 1834 1798 1854 »
1818 1816 1980 1858 BURM.

1232 1885 1296 1925 52.
1310 1885 1407 1925 Sine
1418 1885 1541 1925 laude
1540 1881 1668 1936 foret.
1682 1881 1787 1925 Sine
1797 1879 1923 1923 laude
1937 1893 2019 1934 pu-

1178 1947 1332 1990 dicitiae
1345 1980 1357 2002 ,
1372 1964 1503 2004 quam
1516 1947 1607 2004 ipso
1619 1947 1796 1989 absente
1811 1977 1822 1998 ,
1840 1944 1941 1987 totis
1954 1943 2022 1985 vi-

1178 2012 1285 2067 ginti
1301 2011 1425 2055 annis
1445 2010 1741 2062 conservavit,
1766 2017 1811 2051 et
1829 2007 2020 2050 reditum

1179 2077 1272 2132 ejus
1291 2077 1506 2133 patienter
1520 2073 1789 2132 exspectavit.
1811 2073 1955 2115 PONT.

1236 2142 1303 2184 53.
1330 2144 1475 2185 Victor
1492 2142 1739 2183 Echionias.
1765 2136 2023 2193 Capaneum

1182 2205 1401 2263 designat,
1431 2205 1485 2248 de
1517 2220 1604 2261 quo
1629 2203 1827 2245 diximus.
1860 2203 1912 2243 In
1944 2217 2024 2243 ar·-

1179 2287 1250 2313 ccs
1280 2273 1525 2313 Echionias.
1548 2270 1600 2312 In
1633 2284 1750 2312 arces
1783 2266 2024 2309 Thebanas.

1183 2335 1354 2379 Echion
1374 2335 1492 2378 enim
1507 2333 1590 2376 suit
1606 2350 1720 2376 unus
1734 2349 1784 2375 ex
1797 2331 1919 2375 sociis
1937 2330 2027 2373 Ca·-

1183 2400 1274 2442 dmi
1291 2433 1304 2454 ,
1327 2399 1400 2456 qui
1418 2415 1519 2443 cum
1537 2415 1591 2442 eo
1605 2398 1777 2442 Thebas
1793 2395 1998 2441 condidit..

1239 2469 1304 2520 54.
1323 2468 1540 2508 Euadnen.
1570 2465 1769 2508 Uxorem
1801 2460 1996 2519 Capanei
2013 2477 2023 2503 ε

1184 2531 1308 2587 cujus
1326 2547 1444 2574 mors
1456 2539 1562 2573 nota
1575 2538 1651 2574 est.

1241 2599 1306 2640 55.
1324 2598 1456 2650 Quum
1468 2598 1590 2638 Pelia
1597 2598 1747 2650 genite
1755 2600 1818 2637 tot
1830 2597 1928 2642 sint,
1942 2607 2028 2633 cur.

1186 2661 1327 2704 Pelias
1357 2660 1470 2703 filius
1494 2659 1578 2703 fuit
1612 2657 1805 2714 Neptuni
1828 2673 1885 2699 ex
1905 2655 2027 2713 Tyro

1186 2725 1391 2784 Nympha
1409 2760 1420 2782 ,
1445 2725 1531 2769 fitia
1564 2722 1785 2768 Salmonei
1812 2720 1922 2777 regis
1937 2752 1949 2774 ,
1978 2727 2030 2761 ut

1185 2791 1332 2835 scribit
1347 2788 1756 2834 Homerus.'Refert
1775 2784 1894 2829 enim
1917 2784 2031 2826 hanc

1186 2857 1454 2900 consuevisse
1466 2855 1578 2898 circa
1587 2853 1699 2910 ripas
1715 2851 1870 2907 Enipei
1891 2847 2029 2892 flumi-

1186 2923 1254 2966 nis
1267 2920 1481 2965 delectari.
1497 2921 1608 2963 Eam
1624 2921 1869 2976 Neptunus,
1885 2922 2030 2958 sumta

1188 2987 1347 3043 Enipei
1375 2987 1540 3039 forma,
1569 2985 1784 3041 virginem
1810 2980 1952 3038 cepit,
1986 2987 2031 3022 et

1186 3068 1289 3096 cum
1308 3068 1359 3094 ea
1385 3049 1619 3094 concubuit
1634 3083 1645 3103 ‚
1672 3047 1908 3106 genuitque
1933 3046 2029 3088 Pe-

1186 3117 1288 3160 liam
1301 3126 1346 3160 et
1358 3116 1556 3160 Neleum.
1571 3110 1952 3168 Peliae‚Thessaliae
1965 3125 2031 3151 re-

1187 3183 1266 3238 gis,
1281 3182 1380 3226 fitiae
1392 3181 1575 3224 fuerunt
1590 3180 1862 3234 Asteropaea‚
1887 3175 2030 3218 Auto-

1188 3266 1273 3292 noe
1289 3281 1300 3303 ,
1325 3248 1518 3291 Alcestis.
1555 3248 1639 3288 Cui·
1663 3246 1816 3287 nobilis
1845 3257 1929 3283 una
1953 3245 2029 3281 est.

1190 3314 1392 3366 Alcestis,
1412 3313 1563 3369 Eurip.
1583 3311 1668 3354 fab.
1686 3310 1713 3351 6
1730 3327 1740 3361 ;
1761 3306 1876 3364 quod
1893 3304 1951 3348 sic
1967 3304 2031 3345 la-

1189 3380 1281 3423 tine
1315 3378 1540 3422 reddimus
1564 3393 1574 3419 :
1605 3394 1626 3414 «
1649 3375 1730 3418 Ast
1754 3372 1842 3416 sola
1874 3369 2031 3424 conjux

1190 3463 1269 3503 pro
1291 3461 1368 3489 suo
1388 3443 1571 3499 spondet
1590 3441 1682 3484 viro
1699 3455 1709 3482 ε
1732 3435 1911 3482 Alcestis
1931 3433 2000 3476 illa
2014 3452 2027 3474 2
