2280 3776
295 310 402 363 330

748 312 809 362 P.
867 310 1170 364 OVIDII
1223 309 1603 366 NASONIS

294 426 367 484 Et
395 423 533 483 bene
564 424 642 483 uti
674 448 911 506 pugnes,
940 426 1078 485 bene
1106 450 1357 508 pugnans
1386 426 1550 488 efficit
1579 426 1770 489 hostis.

375 522 465 581 Sic
497 522 679 581 eadem
715 523 938 605 prodest
968 546 1151 594 causa,
1179 538 1446 607 nocetque
1474 524 1626 584 mihi.

295 618 515 678 Scilicet
545 619 824 697 indignum
847 667 860 691 ‚
884 621 1094 701 juvenis
1122 621 1391 682 rarissime
1413 668 1427 691 ‚
1463 621 1618 683 ducis
2003 641 2056 682 55

374 718 453 774 Te
479 715 592 774 fieri
624 716 873 775 comitem
903 718 1097 776 stantis
1124 718 1180 775 in
1214 718 1347 777 orbe
1377 719 1520 777 Deae.

294 810 511 870 Firmus
542 835 627 879 es;
662 826 744 882 et,
779 813 1032 893 quoniam
1065 837 1178 872 non
1208 828 1339 872 sunt
1369 815 1431 874 ea
1460 813 1638 895 qualia
1663 812 1858 888 velleS,

376 905 507 964 Vela
540 906 684 983 regis
716 930 923 988 quassae
952 905 1367 990 qualiacumque
1392 909 1541 968 ratis.

295 1001 541 1082 Quaeque
571 1001 644 1060 ita
677 1026 935 1063 concussa
966 1018 1080 1074 est,
1109 1018 1171 1063 ut
1195 1004 1301 1084 jam
1338 1027 1524 1064 casura
1553 1019 1808 1087 putetur,

378 1096 567 1156 Restat
595 1096 773 1156 adhuc
804 1098 1045 1158 humeris
1076 1097 1212 1158 fulta
1241 1099 1397 1158 ruina
1428 1098 1552 1159 tuis.
2006 1118 2063 1160 δυ

292 1192 379 1250 Ira
413 1192 634 1274 quidem
668 1194 846 1277 primo
875 1195 1051 1254 fuerat
1083 1210 1172 1255 tua
1200 1195 1343 1275 justa
1365 1243 1379 1266 ‚
1409 1219 1509 1255 nec
1535 1195 1658 1279 ipso

373 1288 603 1361 Lenior,
637 1289 881 1350 offensus
911 1291 1006 1373 qui
1035 1291 1167 1350 mihi
1192 1291 1311 1371 jure
1339 1291 1479 1351 fuit:

295 1384 521 1467 Quique
552 1386 710 1446 dolor
737 1402 929 1469 pectus
959 1387 1226 1466 tetigisset
1258 1389 1484 1449 Caesaris
1510 1388 1634 1463 alti,

375 1480 537 1540 Illum
566 1483 790 1563 jurabas
815 1485 1071 1566 protinus
1101 1507 1217 1546 esse
1252 1500 1406 1545 tuum
1433 1510 1444 1545 :
1912 1552 1920 1561 ,

287 1580 365 1662 Ut
397 1593 571 1640 tamen
601 1582 784 1641 audita
814 1597 896 1643 est
922 1597 1123 1643 nostrae
1155 1583 1256 1643 tibi
1288 1582 1456 1643 cladis
1489 1583 1648 1662 origo
1668 1629 1683 1653 ‚
2006 1601 2060 1641 65

371 1677 582 1740 Diceris
615 1680 807 1740 erratis
837 1679 1167 1758 ingemuisse
1196 1680 1348 1740 meis.
1425 1717 1429 1720 >

289 1777 432 1836 Tum
465 1792 557 1838 tua
586 1803 673 1839 me
704 1780 944 1862 primum
976 1778 1139 1840 solari
1171 1778 1326 1839 litera
1357 1778 1554 1861 coepit,

289 1935 531 1978 Sarravian.
556 1936 738 1993 Argent.
757 1946 800 1980 et
821 1946 907 1981 tres
928 1937 995 1980 alii
1014 1955 1025 1989 ;
1048 1937 1136 1980 duo

290 2002 404 2054 quod
412 2013 426 2050 ‚⁰
455 2009 585 2043 recte.
613 2001 780 2044 HEINS.

347 2064 410 2107 53.
435 2067 497 2106 Et
511 2068 610 2107 bene
630 2071 694 2107 uti
707 2083 880 2121 pugnes.
908 2067 967 2108 Ul
980 2069 1081 2108 bene
1092 2075 1136 2109 tu

281 2144 441 2182 pugnes
454 2129 542 2172 duo
555 2132 643 2181 {Et
659 2134 758 2173 bene
773 2140 817 2174 tu
827 2147 987 2185 pugnes
1009 2140 1107 2173 tres.

345 2194 410 2246 54.
441 2195 511 2236 Sic
532 2198 677 2237 eadem
692 2198 866 2249 prodest
889 2211 1032 2237 causa.
1064 2196 1136 2239 Sic

288 2258 443 2300 eadem
477 2275 601 2302 causa
641 2259 816 2317 prodest
854 2260 961 2302 mihi
989 2292 999 2314 ,
1037 2262 1136 2317 quia

290 2322 398 2365 mihi
437 2324 650 2367 succurris
692 2323 975 2367 defendendo
1002 2358 1013 2377 ‚
1056 2341 1136 2368 nec

291 2398 499 2446 tanquam
513 2391 650 2435 victus
665 2408 735 2434 me
752 2391 912 2435 deseris
924 2425 935 2444 ,
957 2391 1031 2435 sed
1047 2408 1136 2435 ma-

290 2455 351 2511 gis
374 2455 597 2499 reluctaris
622 2465 665 2499 et
685 2456 744 2499 illi
768 2458 1138 2513 repugnas.—No-

290 2528 357 2563 cel
373 2536 480 2564 vero.
509 2521 630 2577 Quia
656 2521 726 2564 illa
753 2521 859 2563 mihi
885 2521 1136 2565 adversatur

290 2593 335 2628 et
352 2594 551 2642 superat,
573 2595 779 2643 tenetque
801 2587 844 2629 in
867 2586 1025 2629 exsilio.

346 2656 410 2695 55.
447 2654 622 2696 Iuvenis
654 2657 877 2699 rank-sime.
915 2656 1138 2697 Cat-[ssime

291 2715 487 2774 plerique
519 2726 686 2761 veteres
705 2735 715 2768 ;
747 2727 915 2774 septem
938 2720 1137 2772 juvenum

291 2786 535 2835 care‘ssz'mm
556 2782 670 2839 Lege
675 2783 878 2837 juvenum
898 2788 1111 2827 rarissime
1123 2819 1133 2835 ‚

291 2847 358 2890 vel
386 2864 486 2891 cum
511 2848 717 2891 Politiani
746 2849 891 2892 codice
908 2881 920 2903 ,
935 2851 1138 2906 juuenum

291 2917 535 2958 clarlksime.
563 2916 730 2959 HEINS.

347 2981 412 3024 56.
435 2983 537 3024 Dea.-
556 2987 712 3024 stantis
734 2987 780 3025 in
802 2985 909 3026 orbe.
933 2983 1140 3025 Fortunae

294 3045 573 3103 superposita:
605 3047 797 3091 rotundo
825 3047 986 3104 lapidi;
1023 3062 1140 3103 quo·-

293 3110 410 3153 niam
430 3113 641 3156 instabilia
661 3122 763 3156 sunt
784 3114 876 3168 ejus
903 3128 1099 3155 munera.

351 3179 416 3230 57.
429 3179 525 3220 Non
541 3187 641 3222 sunt
656 3182 755 3222 hoec.
770 3181 866 3223 Non
877 3184 977 3221 sunl
987 3194 1039 3221 ea
1053 3192 1141 3219 me-

297 3240 437 3284 liores.
458 3242 624 3286 HEINS.

349 3306 417 3348 60.
436 3308 753 3362 Ilumerissulta
768 3315 915 3354 carina
928 3313 1025 3353 luis.
1040 3311 1142 3351 Bm·-

298 3388 354 3414 na
371 3372 484 3415 hene
502 3373 672 3416 Sarrav.
688 3374 871 3431 Argent.
892 3385 935 3419 et
953 3393 1025 3418 sex
1045 3375 1113 3418 alii
1129 3391 1139 3426 ;

296 3446 342 3482 ut
362 3438 406 3482 in
421 3437 492 3481 isso
512 3437 626 3495 apud
645 3447 847 3482 nostrum
867 3455 913 3482 z«
933 3440 998 3483 Te
1022 3454 1139 3492 mea,

1216 1937 1433 1995 subposita
1463 1935 1595 1979 veluti
1618 1934 1738 1978 trabe
1759 1967 1770 1988 ,
1803 1933 1914 1978 fulta
1936 1933 2063 1976 ruina

1217 2010 1307 2052 est3
1333 2021 1352 2037 υ
1381 2009 1508 2055 atque
1531 2016 1581 2042 ea
1605 1999 1732 2042 lectio
1755 1999 1946 2055 priorem
1971 1997 2064 2040 edi-

1216 2066 1382 2108 tionem
1408 2079 1551 2107 meam
1576 2064 1664 2119 jam
1687 2071 1917 2119 occuparat
1945 2079 1954 2105 :
1985 2071 2061 2105 ta—

1217 2147 1320 2173 men
1343 2130 1449 2174 alius
1474 2146 1569 2174 eam
1594 2131 1670 2173 sibi
1697 2139 1842 2186 postea
1869 2129 2065 2172 vindica-

1217 2196 1276 2239 vit
1293 2213 1304 2247 ;
1330 2195 1489 2238 Lucan.
1509 2195 1577 2237 lib.
1598 2195 1711 2238 Vlll
1731 2211 1741 2238 z
1758 2213 1777 2230 «
1795 2194 1866 2236 Tu
1880 2227 1891 2248 ,
1914 2194 2062 2237 Ptole-

1218 2277 1349 2315 maee,
1367 2270 1488 2318 potes
1501 2260 1654 2317 Magni
1667 2259 1818 2303 fulcire
1829 2260 2025 2310 ruinam
2045 2277 2066 2296 »

1216 2330 1275 2372 sic
1301 2333 1446 2371 carina
1476 2343 1557 2384 pro
1587 2331 1736 2382 rapina
1764 2343 1885 2369 nunc.
1909 2324 2067 2381 legitur

1220 2411 1448 2452 perperam
1469 2395 1513 2437 in
1532 2393 1679 2451 Elegia
1700 2392 1753 2436 de
1772 2392 1892 2436 obitu
1909 2391 2067 2435 Maece-

1219 2462 1330 2505 natis
1350 2461 1466 2504 inter
1483 2458 1701 2502 Catalecta
1717 2455 1923 2515 Scaligeri
1937 2473 1946 2499 :
1960 2475 1979 2494 «
1998 2457 2069 2500 Ir-

1216 2525 1393 2583 religata
1418 2525 1519 2567 ratis
1547 2539 1776 2580 nunquam
1808 2521 1973 2565 defessa
1994 2536 2067 2563 ra-

1217 2591 1511 2650 pina,lt,redit
1521 2591 1564 2633 in
1577 2598 1716 2633 vastos
1726 2605 1899 2645 semper
1913 2595 2065 2629 onusta

1218 2658 1332 2701 lacus
1350 2675 1359 2707 ;
1383 2675 1403 2694 »
1433 2657 1529 2699 Val.
1545 2656 1682 2700 Flacc.
1701 2656 1772 2699 lib.
1790 2655 1904 2709 VII:
1924 2672 1944 2690 «
1964 2653 2066 2696 ratis

1218 2722 1409 2765 infandis
1431 2737 1538 2779 quos
1558 2721 1646 2765 sola
1671 2719 1831 2777 rapinis
1855 2719 2064 2774 Saevaque

1219 2789 1351 2846 pascit
1368 2788 1531 2848 hyems.
1552 2806 1574 2824 »
1596 2785 1905 2829 H.—Fabrum
1928 2783 2066 2839 tangit

1220 2855 1311 2898 haec
1322 2862 1425 2896 nota
1440 2869 1449 2900 ς
1470 2852 1555 2895 vid.
1568 2851 1702 2907 Epist.
1719 2850 1772 2893 ad
1786 2849 2039 2893 Sarravium
2053 2881 2064 2901 ,

1221 2919 1292 2962 lib.
1316 2920 1362 2972 1,
1391 2918 1470 2973 Ep.
1489 2919 1554 2971 40.

1272 2983 1340 3025 61.
1363 2983 1454 3025 Tua
1461 2982 1599 3036 justa.
1629 2980 1852 3034 Tibijusta
1865 2979 1894 3022 J
1898 2978 2047 3021 unian.

1278 3047 1345 3090 63.
1374 3048 1554 3089 Caesaris
1569 3048 1662 3087 alti.
1677 3044 1746 3087 Ad
1765 3043 2039 3087 altitudinem
2055 3075 2067 3095 ,

1221 3129 1297 3156 seu
1325 3111 1543 3169 fastigium
1577 3110 1748 3167 imperii
1782 3108 2068 3152 referendum

1224 3187 1300 3221 est.
1328 3179 1471 3221 ΡοΝτ.
1685 3210 1691 3225 ,

1275 3244 1340 3299 67.
1365 3245 1458 3285 Tua
1471 3246 1605 3285 litera.
1618 3242 1716 3285 Tua
1734 3240 1922 3297 epistola.
1940 3237 2069 3281 MER.

1221 3310 1401 3351 -Tunc
1423 3317 1495 3351 tua
1514 3325 1577 3350 me
1589 3311 1777 3363 primum.
1803 3307 1904 3349 Non
1927 3311 2068 3346 antea-

1228 3374 1350 3430 Quid
1382 3374 1499 3417 enim
1523 3374 1761 3426 solaretur,
1788 3383 1919 3426 quem
1946 3382 2068 3410 non-

1226 3439 1331 3482 dum
1352 3448 1525 3483 sontem
1549 3436 1841 3495 comperisset.
1865 3434 1995 3477 Mna.
