2268 3848
425 333 879 392 TRISTIUM
919 335 1086 390 LIB.
1131 334 1180 391 1.
1226 333 1482 390 ELEG.
1526 333 1721 390 v111.
1894 333 1962 402 41

263 451 449 526 Urbe,
480 475 604 513 meo
633 450 887 535 quaejam
914 474 1030 511 non
1060 449 1310 512 adeunda
1339 448 1480 535 pede
1509 464 1595 512 est
1619 474 1632 522 ;

182 550 290 612 Sed
323 548 565 634 scopulis
585 596 599 622 ‚
628 549 799 610 Ponti
828 573 972 633 quos
998 549 1114 611 haec
1139 549 1437 621 haberem
1468 548 1704 622 sinistri,

266 649 442 732 Inque
469 646 598 708 serIs
628 647 867 731 Scythiae
897 647 1323 730 Sarmaticisque
1352 645 1530 729 jugis:
1920 661 1977 719 40

162 744 259 804 'Et
290 758 383 804 tua
413 756 545 805 sunt
572 740 740 803 silicis
770 742 975 803 circum
1004 741 1307 826 praecordia
1339 764 1487 802 venae
1508 788 1523 814 ‚

268 841 342 900 Et
370 838 610 918 rigidum
643 837 1012 921 ferri.se1nina
1042 852 1238 921 pectus
1267 836 1511 897 habent:

187 933 440 1018 Quaeque
467 934 570 996 tibi
592 932 906 1019 quondam,
939 948 1128 995 tenero
1162 933 1409 995 ducenda
1439 931 1657 1017 palate,

270 1028 441 1092 Plena
471 1029 624 1092 dedit
649 1030 837 1092 nutrix
866 1029 1066 1105 ubera,
1098 1028 1254 1109 tigris
1285 1043 1432 1091 erat:
1628 1091 1632 1096 ,

186 1129 265 1191 At
292 1128 437 1191 mala
465 1145 654 1192 nostra
684 1130 896 1203 miuus,
931 1153 1097 1214 quam
1128 1153 1307 1202 nunc,
1339 1127 1514 1189 aliena
1541 1140 1794 1210 putasses
1817 1172 1833 1200 ‚
1927 1142 1982 1200 45

258 1228 611 1312 Duritiaeque
639 1227 775 1288 mihi
805 1251 917 1288 non
948 1250 1166 1307 agerere
1194 1250 1354 1288 reus:

189 1324 299 1386 Sed
331 1324 593 1411 quoniam
625 1324 837 1387 accedit
862 1323 1127 1387 fatalibus
1155 1323 1265 1385 hoc
1295 1346 1522 1407 quoque
1551 1321 1798 1397 damnis,

276 1422 353 1481 Ut
380 1435 600 1483 careant
628 1420 872 1482 numeris
904 1436 1148 1506 tempora
1178 1420 1356 1504 piima
1384 1418 1527 1492 suis;

190 1515 396 1590 Effice,
431 1517 641 1601 peccati
671 1541 740 1578 ne
768 1517 869 1579 sim
901 1542 1114 1579 memor
1142 1516 1338 1599 hujus;
1370 1531 1426 1578 et
1451 1515 1551 1577 illo

241 1610 539 1685 ,Officium
570 1611 821 1688 laudem,
856 1639 971 1700 quo
1000 1638 1231 1699 queror,
1266 1637 1358 1675 ore
1394 1627 1567 1674 tuum.
1935 1628 1990 1672 50

247 1737 315 1792 41.
335 1738 479 1782 Silere}
500 1754 627 1782 vena.
649 1740 710 1783 Et
728 1747 846 1782 stan!
869 1755 1049 1783 marmo-

192 1819 261 1848 reo
280 1806 462 1847 membra
473 1813 648 1860 perusta
665 1807 773 1860 gelu.
804 1804 862 1848 Et
889 1805 1049 1849 Noster

193 1867 239 1913 in
258 1868 368 1913 Met.
384 1869 478 1924 lx,
499 1886 558 1914 vs.
577 1870 658 1914 615
678 1872 793 1915 :Nec
811 1874 967 1926 nffldos
985 1875 1050 1915 si-

192 1937 323 1987 lices,
356 1938 585 1980 solidumve
610 1940 656 1979 ia
680 1946 848 1993 pectore
855 1937 1046 1994 stream,

150 2046 151 2050 ,
195 2006 310 2064 Zoepxl
326 2006 499 2063 σιδημιῃ
520 2022 566 2047 σα
548 2006 752 2065 υρῆλατος
774 2008 834 2047 οἶα
849 2006 1006 2047 κολοσσέ
990 2020 1047 2056 53

195 2062 385 2109 Theocr.
407 2065 532 2126 ldyn.
556 2083 635 2122 υ,
658 2066 712 2110 de
735 2066 919 2127 Amyco.

250 2132 519 2187 42.62⁰m1'na
537 2141 687 2189 pectus
719 2136 857 2178 babet
881 2136 1056 2178 Habent

195 2212 311 2241 unus
318 2195 592 2251 Gatheanus
609 2215 667 2243 sic
673 2204 847 2255 pectora
859 2216 1043 2251 somnus,

197 2271 337 2313 terror
359 2279 510 2308 maror
525 2266 673 2316 habet,
707 2274 750 2310 et
775 2265 932 2310 similia
953 2283 1054 2324 pas-

192 2323 283 2372 ἔτι
303 2328 417 2386 apud
439 2330 676 2383 Nosti-unu
698 2331 759 2375 sic
770 2331 947 2389 propel.
963 2332 1050 2386 111,

202 2390 324 2448 Eieg.
338 2407 410 2447 x1,
433 2394 459 2437 3
476 2393 548 2450 ,in
570 2395 886 2439 maiedicumtc
887 2396 1054 2439 Natus

204 2472 250 2501 es
278 2473 302 2500 e
331 2460 541 2517 scopulis,
570 2461 763 2504 nutritus
797 2461 904 2505 lacte
933 2460 1054 2504 feri—

203 2538 265 2567 no
283 2541 294 2576 ;
318 2523 378 2567 Et
400 2524 540 2568 dicam
565 2525 701 2570 silices
722 2535 871 2583 pectus
892 2525 1052 2570 habere

204 2596 344 2632 tuum.
370 2607 392 2627 »
413 2589 578 2634 HEms·

259 2655 326 2708 43.
347 2657 556 2698 Ducenda
572 2658 724 2710 ubera‚·
746 2654 953 2713 sugenda.

259 2721 325 2774 45.
349 2719 445 2763 Aut
468 2723 584 2763 mala
602 2729 747 2763 nostra
774 2725 911 2763 minus
935 2737 1057 2777 quam

202 2801 287 2830 non
305 2789 449 2830 aliena
464 2794 654 2841 putares.
676 2786 721 2829 A
723 2794 742 2829 t
761 2788 878 2828 mala
899 2795 941 2829 et
963 2802 1057 2842 pu-

203 2860 342 2897 tasses
360 2853 576 2897 meliores.
607 2853 783 2897 Deinde
804 2870 928 2910 quam
948 2870 1059 2897 nunc

204 2936 320 2966 unus
350 2921 590 2966 Vaticanus
615 2940 626 2975 ;
661 2938 763 2966 vere
787 2938 798 2966 ι
831 2921 1057 2979 quomodo

205 2987 339 3032 etiam
361 2986 633 3038 doctissimus
654 2988 941 3045 Tanaquillus
962 2990 1058 3032 Fa—

205 3051 286 3095 ber
298 3051 406 3098 vidit
423 3052 705 3097 scribendum
719 3053 911 3111 Epistola
925 3067 1056 3097 xxnl.

1135 1739 1409 1784 Combianus
1448 1754 1528 1796 pro
1564 1736 1734 1781 diversa
1768 1736 1956 1781 lectione
1975 1770 1988 1790 ‚

1131 1809 1232 1863 quia
1262 1821 1384 1847 nunc.
1419 1803 1583 1847 Sensus
1618 1810 1681 1846 est
1709 1819 1719 1846 :
1743 1803 1804 1846 At
1835 1801 1989 1846 saltem

1132 1869 1247 1914 maia
1269 1878 1418 1913 nostra
1444 1870 1590 1913 minus
1610 1885 1633 1913 a
1657 1877 1698 1913 te
1728 1868 1868 1912 aliena
1898 1884 1991 1926 pu-

1134 1944 1265 1980 tasses
1280 1969 1292 1990 ,
1315 1952 1447 1993 quam
1472 1951 1591 1979 nunc
1613 1944 1749 1993 putas.
1767 1934 1993 1978 fluns.-

1133 2000 1336 2046 Forsitan
1360 2002 1580 2060 scripserit
1608 2017 1618 2044 ε
1644 2019 1667 2038 κ
1693 2001 1751 2044 At
1773 1998 1886 2044 maia
1908 2014 1993 2042 no-

1132 2078 1220 2114 stra
1240 2068 1386 2128 prius,
1410 2084 1543 2126 quam
1566 2083 1687 2112 nunc
1704 2099 1717 2122 ,
1745 2065 1885 2110 aliena
1908 2082 1994 2124 pu-

1134 2144 1292 2186 tasses3
1317 2153 1339 2172 v·
1366 2150 1456 2178 non
1478 2134 1561 2178 hoc
1582 2133 1764 2177 demum
1793 2142 1991 2190 tempore

1133 2200 1355 2245 debuisses
1375 2199 1608 2243 ostendere
1632 2215 1729 2242 mea
1747 2198 1857 2241 nihil
1875 2197 1927 2241 ad
1949 2206 1990 2241 te

1135 2266 1334 2310 adtinere
1352 2298 1363 2319 ,
1388 2265 1463 2309 sed
1486 2265 1574 2322 jam
1597 2264 1701 2308 olim
1719 2280 1729 2307 :
1749 2262 1868 2321 quod
1882 2263 1916 2307 si
1933 2262 1993 2306 se-

1134 2333 1283 2386 cissos,
1312 2348 1405 2376 non
1436 2348 1554 2375 nunc
1580 2346 1757 2388 agerem
1794 2339 1836 2374 te
1864 2346 1992 2374 reum

1135 2397 1337 2450 duritioe3
1372 2396 1447 2441 sed
1483 2396 1583 2454 quia
1611 2396 1694 2440 hoc
1727 2405 1886 2455 preter
1913 2395 1994 2439 ali:-

1137 2464 1268 2508 etiam
1299 2464 1408 2507 mihi
1442 2463 1594 2508 accidit
1614 2497 1626 2519 ,
1662 2472 1710 2507 ut
1738 2472 1781 2507 te
1810 2463 1992 2522 perdam

1136 2526 1219 2571 hoc
1234 2527 1397 2572 infelici
1413 2537 1612 2586 ternpore
1626 2561 1638 2583 ,
1653 2529 1727 2586 qui
1747 2537 1875 2572 antea
1891 2529 1994 2571 ami·

1138 2609 1212 2637 cus
1232 2593 1351 2638 fuisti
1367 2626 1379 2648 ‚
1402 2593 1528 2638 effice
1550 2602 1633 2638 etc.
1654 2593 1828 2638 Deinde
1847 2628 1859 2649 ,
1878 2596 1996 2638 dem·-

1138 2663 1207 2702 tia·
1231 2660 1339 2701 mihi
1353 2675 1464 2702 nunc
1482 2676 1565 2703 non
1589 2675 1756 2715 agerere
1774 2675 1869 2703 reus
1886 2691 1898 2712 ,
1920 2674 1998 2701 ex-

1138 2734 1286 2783 cerpta
1310 2725 1586 2771 Kloekhovii.
1613 2728 1777 2784 Bolum.

1187 2793 1253 2846 48.
1272 2793 1332 2836 Ut
1339 2800 1521 2846 tempora
1527 2797 1683 2848 prima.
1694 2793 1761 2836 Ut
1773 2791 1997 2851 superiora

1139 2866 1339 2916 tempora
1353 2891 1364 2913 ‚
1381 2858 1734 2915 quibusarnicitia
1744 2866 1892 2902 nostra
1901 2868 1996 2901 erat

1140 2921 1390 2967 arctissima.
1405 2925 1594 2968 Cat-ean!
1600 2927 1690 2967 suis
1699 2928 1893 2967 numeris.
1908 2923 2000 2967 Ca-

1140 2996 1268 3031 reant
1286 3003 1366 3031 suo
1386 2987 1567 3031 ordine:
1589 2996 1637 3030 ut
1655 2988 1763 3031 mihi
1785 2988 1829 3031 in
1847 3004 1997 3032 amore

1140 3070 1231 3097 non
1254 3053 1546 3112 respondeas,
1569 3062 1618 3098 ut
1640 3063 1781 3098 antea.

903 3228 1301 3250 -ᾥ-
