2280 3776
560 270 672 325 EX
712 268 1008 325 PONTO
1046 269 1210 323 LIB.
1254 269 1303 324 Ι.
1346 267 1623 324 EPIST.
1668 269 1715 323 1.
1912 271 2019 324 255

341 389 530 468 Quum
562 388 704 450 canit
723 436 738 462 ,
766 388 969 467 exiguae
998 387 1122 470 quis
1154 387 1313 470 stipis
1338 411 1442 448 aera
1462 389 1667 466 neget?
1969 406 2025 461 4⁰

261 485 473 546 Scimus
502 485 572 546 ab
607 485 835 568 imperio
862 483 979 545 fieri
1002 483 1081 543 nil
1110 482 1213 545 tale
1245 483 1468 558 Dianae3

340 579 502 641 Unde
534 594 711 641 tamen
736 579 879 640 vivat
907 578 1230 639 vaticinator
1255 578 1440 639 habet.

259 676 387 758 Ipsa
416 690 635 737 movent
663 675 872 742 animos
905 674 1240 759 Superorum
1270 675 1495 736 numina
1524 689 1783 748 nostros;

340 772 526 856 Turpe
554 795 653 833 nec
684 787 765 833 est
794 770 889 833 tali
918 770 1237 832 credulitate
1267 771 1406 854 capi.

259 870 347 930 En
376 894 476 950 ego
497 918 511 943 ‚
541 895 643 954 pro
668 870 862 944 sistro,
891 870 1228 953 Phrygiique
1258 868 1519 930 foramine
1548 869 1711 942 buxi,
1970 887 2026 943 45

343 967 535 1029 Gentis
563 967 727 1028 Iuleae
753 968 974 1028 nomina
1004 981 1190 1029 sancta
1220 966 1371 1028 fero:

258 1064 544 1124 Vaticinor
571 1088 907 1147 moneoque;
938 1061 1121 1126 locum
1150 1063 1270 1124 date
1304 1086 1454 1124 sacra
1479 1061 1672 1123 serenti
1698 1086 1711 1120 ε

337 1161 466 1221 Non
492 1160 654 1234 mihi,
688 1161 780 1223 sed
812 1184 1009 1239 magno
1034 1160 1283 1243 poscitur
1309 1158 1401 1219 ille
1431 1160 1570 1218 Deo.

258 1257 403 1330 Nec,
433 1255 559 1339 quia
590 1255 674 1342 yel
702 1257 904 1327 merui,
934 1254 1017 1315 vel
1049 1255 1194 1315 sensi
1223 1253 1491 1336 principis
1519 1253 1651 1311 iram
1669 1299 1684 1324 ‚

337 1352 389 1412 A
416 1352 581 1413 nobis
610 1351 791 1435 ipsum
822 1349 968 1412 nolle
997 1364 1188 1433 putate
1219 1346 1342 1409 coli.
1973 1365 2027 1406 50

260 1507 315 1550 tri
327 1506 476 1551 Deum
494 1508 610 1552 canit
629 1507 789 1553 tibicen
810 1508 927 1552 inter
944 1506 1104 1552 sacrifi-

258 1570 462 1615 candum.
480 1595 534 1605 —
555 1573 736 1616 Adunco
763 1589 902 1616 comu-
929 1571 1103 1615 Tibiam

260 1637 480 1696 obliquam
518 1639 708 1696 intellige
734 1671 746 1694 ,
790 1638 939 1682 dextra
980 1646 1101 1695 parte

258 1719 398 1746 unum
415 1737 426 1758 ,
453 1703 623 1748 sinistra
655 1703 743 1747 duo
769 1703 986 1746 foramina
1014 1701 1102 1745 ha-

258 1768 438 1813 bentem
454 1801 466 1824 ,
499 1784 629 1826 quam
643 1768 788 1812 Midas
803 1801 814 1819 ‚
846 1768 891 1811 in
911 1767 1102 1826 Phrygia

257 1832 448 1889 invenit,
477 1842 526 1877 ut
539 1833 705 1877 Plinius
719 1832 1104 1877 docet—Abunco

259 1897 545 1955 Argentinus.
576 1898 694 1942 Puto
713 1902 884 1942 obunco.

311 1964 378 2018 4ο.
403 1965 537 2018 Quum
557 1967 686 2007 canit.
707 1965 821 2006 Dum
841 1979 904 2020 pr.
927 1962 1046 2006 editt.

311 2033 378 2086 41.
396 2032 559 2076 Scimus
577 2035 631 2074 ab
648 2034 926 2088 tmperiofiert'
938 2034 1004 2074 nil
1017 2033 1104 2074 lale

256 2098 422 2142 Dianae.
433 2097 516 2142 Vir
529 2097 679 2142 doctus
693 2098 739 2141 in
753 2097 930 2155 nuperis
946 2098 1103 2155 episto·
1118 2092 1129 2099 ’

255 2161 307 2206 lis
326 2177 405 2220 pro
423 2163 575 2207 Πίσαο
594 2163 768 2221 reponit
793 2165 966 2222 Cybeles
985 2180 997 2205 .-
1023 2179 1103 2206 au-

255 2218 405 2271 dacter
423 2227 694 2272 mehercules
716 2260 728 2282 ‚
763 2243 899 2284 quum
920 2227 1030 2271 nihil
1048 2228 1103 2272 sit

258 2293 534 2338 mutandum.
550 2295 604 2339 In
622 2294 718 2339 cod.
730 2293 972 2338 Twisdenii
989 2310 1103 2338 mar-

257 2356 357 2413 gine
375 2357 468 2402 haec
489 2358 623 2416 glossa
643 2367 736 2402 erat
751 2358 987 2415 adscripta:
1003 2378 1024 2398 «
1047 2359 1100 2402 ln

259 2419 441 2464 Aricino
465 2437 648 2466 nemore
670 2423 791 2478 juxta
812 2422 1001 2466 Romam
1022 2422 1102 2465 ha-

257 2484 355 2529 huit
367 2485 510 2530 Diana
524 2486 738 2543 templum
754 2504 765 2539 ;
787 2486 845 2530 ibi
859 2495 985 2529 erant
997 2486 1104 2529 vati-

258 2548 497 2593 cinatores:
517 2568 538 2588 ν
556 2549 666 2594 nihil
679 2549 821 2592 verius
837 2567 847 2602 ;
865 2565 951 2605 quo
971 2548 1103 2592 modo

259 2622 304 2658 et
321 2613 652 2672 intelligendum
667 2630 758 2658 esse
776 2613 920 2656 locum
940 2614 1029 2669 jam
1044 2612 1104 2655 vi-

259 2677 324 2723 dit
337 2679 629 2736 sagacissimus
639 2678 904 2732 Gronovius,
919 2677 1103 2722 Observ.

257 2744 331 2789 lib.
352 2746 435 2800 IV,
457 2762 546 2804 cap.
566 2763 601 2802 7.
618 2746 1015 2803 H.—Simpliciter
1029 2763 1105 2790 ex-

259 2825 376 2866 pone
397 2825 408 2854 :
426 2810 713 2866 vaticinator,
740 2811 895 2854 Dianae
922 2809 1101 2854 nomine

259 2875 389 2933 exigit
404 2876 559 2932 stipem
572 2909 584 2930 ,
606 2876 695 2926 sive
713 2875 943 2933 pecuniam
957 2892 980 2918 a
992 2891 1101 2919 con-

259 2937 498 2984 sulentibus
514 2972 527 2995 ,
550 2940 638 2984 sive
649 2940 699 2984 iis
710 2973 721 2995 ‚
738 2940 892 2996 quibus
905 2939 1105 2990 vaticinia

260 3002 418 3048 reddit.
432 3005 491 3049 Et
505 3014 652 3049 tamen
669 3006 827 3049 scimus
844 3007 978 3062 ipsam
994 3005 1107 3048 Dia-

261 3084 366 3111 nam
389 3068 498 3112 nihil
525 3071 608 3114 tale
629 3071 842 3127 imperare
862 3103 874 3125 ,
904 3070 988 3114 hoc
1010 3079 1074 3114 est
1090 3103 1102 3124 ,

261 3133 378 3177 haud
397 3150 613 3192 quaquam
627 3137 778 3192 iubere
790 3169 802 3190 ‚
823 3145 875 3179 ut
887 3137 956 3180 ille
971 3153 1105 3193 pecu-

261 3199 382 3242 niam
400 3200 452 3242 ab
470 3198 719 3243 hominibus
735 3200 916 3244 auferat.
933 3201 1106 3244 Tamen

262 3263 382 3307 unde
400 3281 444 3307 se
467 3264 571 3319 alat,
598 3281 690 3308 non
712 3265 752 3308 ei
772 3265 893 3308 deest
908 3298 920 3319 ,
951 3281 1003 3308 ex
1023 3266 1101 3309 be-

263 3329 473 3385 nignitate
493 3328 692 3373 videlicet
710 3329 932 3374 oraculum
947 3345 1106 3374 consu-

265 3391 463 3437 lentium.
483 3393 656 3438 MthL.

1238 1510 1303 1562 ζα.
1331 1507 1451 1548 Unde
1470 1512 1609 1548 lamen
1629 1508 1746 1549 vivat
1768 1509 2032 1551 wta‘ce'nalor.

1183 1571 1355 1615 Tamen
1375 1570 1572 1614 sacerdos
1589 1570 1742 1613 Diana
1756 1604 1768 1625 ,
1783 1587 1907 1614 causa
1925 1571 2033 1615 Deae

1183 1636 1462 1694 praedicendo
1496 1628 1670 1690 sutura,
1702 1636 1893 1680 donatur
1917 1638 2035 1682 victu

1184 1710 1228 1745 et
1249 1702 1387 1745 donis.
1420 1701 1595 1758 Quibus
1613 1702 1754 1745 verbis
1772 1702 1930 1760 colligit
1948 1737 1959 1758 ,
1984 1712 2035 1747 ut

1181 1767 1425 1811 sacerdotes
1443 1765 1671 1821 coluntur,
1702 1766 1904 1811 Deorum
1929 1784 2036 1812 cau-

1182 1850 1227 1877 sa
1244 1866 1255 1887 ,
1282 1833 1341 1876 sic
1376 1833 1506 1876 libros
1537 1833 1813 1878 continentes
1848 1835 2035 1891 Augusti

1182 1897 1330 1941 laudes
1348 1931 1360 1953 ‚
1393 1899 1575 1941 minime
1605 1914 1695 1942 esse
1722 1915 1773 1942 ex
1798 1899 1905 1942 urbe
1927 1900 2031 1957 pel-

1182 1962 1334 2007 lendos
1350 1996 1363 2018 ,
1379 1962 1452 2007 sed
1469 1963 1613 2021 potius
1629 1962 1904 2021 excipiendos
1916 1981 2035 2009 sum·

1183 2045 1254 2073 ma
1274 2029 1573 2072 veneratione.

1235 2092 1302 2148 43.
1314 2093 1416 2149 Ipsa
1426 2100 1591 2137 movent
1597 2097 1773 2136 am‘rnos.
1788 2093 1890 2137 Hoc
1905 2092 2010 2137 dicit
2022 2108 2034 2137 :

1183 2158 1423 2203 Movemur
1442 2158 1645 2202 Deorum
1672 2174 1799 2202 causa
1819 2158 1872 2202 ad
1894 2175 2034 2202 vene-

1181 2224 1373 2268 randum
1393 2224 1638 2268 sacerdotes
1669 2224 1895 2281 praedictos
1914 2258 1925 2278 ,
1951 2241 2033 2268 nec

1183 2290 1394 2335 debemus
1421 2299 1574 2346 putare
1592 2322 1604 2344 ,
1637 2306 1727 2333 esse
1746 2299 1872 2345 turpe
1888 2322 1900 2343 ,
1926 2306 2034 2333 cre-

1183 2355 1362 2399 dulitate
1392 2362 1538 2398 nostra
1566 2353 1810 2397 sacerdotes
1831 2355 2032 2398 venerari

1183 2419 1383 2463 Deorum
1401 2420 1835 2474 causa.—Superorum
1849 2425 2034 2464 numina.

1182 2489 1367 2531 Nomina
1387 2494 1555 2529 veteres
1575 2485 1791 2528 nonnulli.
1807 2486 1868 2529 H.

1241 2552 1308 2605 45.
1323 2553 1407 2593 Pro
1426 2554 1572 2601 sistm,
1590 2553 1853 2609 Phrygiique.
1870 2552 1960 2595 Pro
1975 2567 2037 2595 sa-

1183 2617 1431 2660 cerdotibus
1463 2616 1588 2660 Isidis
1616 2625 1660 2660 et
1687 2615 1901 2676 Cybeles,
1926 2634 2036 2674 quos

1184 2682 1443 2738 persistrum
1454 2690 1497 2724 et
1507 2681 1656 2724 tibiam
1667 2698 1690 2724 e
1702 2681 1815 2724 buxo
1825 2681 2036 2739 designat.

1238 2748 1306 2803 46.
1324 2751 1474 2792 Gentis
1482 2750 1621 2791 Iuleae.
1640 2748 1825 2804 Augusti
1837 2764 1888 2791 ex
1903 2758 2036 2806 gente

1186 2812 1296 2856 Iulia
1306 2812 1498 2867 oriundi,
1512 2812 1564 2856 ab
1586 2812 1859 2867 Iulo,AEneae
1878 2813 2037 2856 filio.—

1186 2879 1371 2920 Nomina
1394 2893 1521 2920 sacra
1537 2877 1651 2932 fito.
1686 2877 1969 2935 Complector
1988 2879 2038 2921 iu

1186 2942 1295 2985 meis
1306 2940 1456 2985 libellis
1466 2958 1637 2986 sacrum
1651 2942 1834 2999 Augusti
1850 2958 2032 2986 nomen.

1241 3008 1305 3060 47.
1322 3005 1672 3049 Vatic1‘nor.Sutn
1690 3015 1807 3049 vates
1822 3006 2036 3062 Apollinis

1189 3079 1232 3113 et
1247 3069 1458 3114 sacerdos.
1474 3093 1528 3101 —
1539 3071 1779 3126 Moru-oque.
1799 3072 2038 3127 Aloveoque

1187 3137 1238 3180 Ρ.
1262 3136 1376 3179 Dan.
1394 3159 1449 3167 -
1467 3137 1623 3180 Locum
1648 3140 1759 3179 date.
1785 3136 1927 3180 Sinite
1960 3154 2035 3180 me

1187 3219 1266 3259 per
1278 3201 1433 3244 urbem
1449 3201 1651 3244 incedere
1657 3202 2034 3247 .-Ferentisacra.

1187 3267 1302 3310 Mihi
1320 3266 1512 3323 portanti
1528 3266 1709 3309 nomina
1729 3268 1867 3325 gentis
1887 3268 2034 3312 luleae.

1242 3334 1306 3391 49.
1328 3334 1417 3374 Nec
1431 3364 1443 3385 ‚
1470 3336 1569 3387 quia
1591 3335 1663 3375 vel
1681 3337 1818 3376 merui.
1850 3332 2036 3388 Quam—

1188 3396 1250 3439 vis
1264 3428 1276 3451 ‚
1297 3395 1464 3452 inquit,
1483 3395 1530 3439 in
1550 3412 1618 3439 me
1634 3396 1856 3453 Augustus
1874 3398 1927 3441 sit
1948 3397 2035 3439 ira-
