2280 3776
486 334 598 387 EX
638 329 938 386 PONTO
977 330 1137 384 LIB.
1182 331 1229 383 Ῑ.
1274 328 1553 384 EPIST.
1600 333 1752 385 VII.

1897 335 2001 406 293

236 452 362 534 lpse
391 448 485 509 sed
510 450 616 509 hoc
646 446 808 518 vidit,
840 447 934 530 qui
964 446 1209 530 pervidet
1234 446 1448 519 omnia,
1483 446 1694 518 Caesar,

319 543 612 604 stultitiam
642 541 747 604 dici
776 541 1001 603 crimina
1030 565 1195 625 posse
1224 566 1341 603 mea
1365 568 1378 602 :

239 640 472 724 Quaque
498 664 600 718 ego
631 638 879 723 permisi,
910 663 1123 723 quaque
1153 653 1236 699 est
1261 663 1348 699 res
1376 662 1566 722 passa,
1596 639 1875 723 pepercit3
1950 657 2004 712 45

322 739 470 798 Usus
495 751 548 798 et
577 751 660 797 est
688 735 898 797 modice
925 735 1170 796 fulminis
1195 735 1319 813 igne
1346 736 1430 796 sui
1455 761 1468 796 :

237 834 350 895 Nec
379 832 543 893 vitam
561 877 576 904 ‚
608 855 707 894 nec
733 856 894 916 opes,
927 855 1027 893 nec
1054 830 1256 892 ademit
1285 853 1449 914 posse
1471 830 1697 901 reverti,

320 929 378 990 Si
408 952 503 989 sua
533 952 632 1012 per
655 944 858 990 vestras
882 929 1020 989 victa
1048 927 1120 990 sit
1145 929 1223 988 ira
1251 950 1454 1011 preces.

238 1026 315 1086 At
340 1025 573 1104 graviter
595 1025 763 1086 cecidi
788 1050 799 1084 :
828 1025 963 1109 quid
989 1026 1133 1086 enim
1160 1022 1432 1094 mirabile,
1463 1023 1510 1084 si
1539 1023 1663 1107 quis

317 1121 370 1180 A
399 1121 533 1179 Jove
563 1143 854 1204 percussus
886 1144 997 1180 non
1019 1118 1137 1181 leve
1164 1119 1363 1180 vulnus
1389 1118 1598 1180 habet?
1951 1140 2006 1179 50

236 1215 363 1298 Ipse
395 1240 520 1278 suas
546 1233 610 1278 ut
633 1218 738 1299 jam
775 1218 915 1279 vires
944 1217 1217 1277 inhiberet
1248 1214 1515 1290 Achilles,

318 1312 490 1373 Missa
521 1337 707 1393 graves
736 1316 876 1375 ictus
907 1313 1085 1376 Pelias
1114 1314 1263 1374 hasta
1293 1311 1438 1373 tulit.

236 1407 516 1478 Judicium
546 1411 708 1482 nobis
738 1411 908 1491 igitur
939 1435 1109 1495 quum
1133 1411 1363 1476 vindicis
1388 1410 1560 1482 adsit,

319 1506 448 1567 Non
479 1523 562 1570 est
589 1532 686 1570 cur
714 1525 805 1570 tua
834 1532 920 1569 me
941 1509 1105 1592 janua
1132 1531 1294 1569 nosse
1324 1521 1504 1585 neget.

242 1599 403 1674 Culta
433 1602 682 1687 quidem,
708 1604 913 1678 fateor,
945 1604 1080 1664 citra
1107 1629 1270 1688 quam
1299 1603 1526 1675 debuit,
1555 1600 1648 1662 illa
1674 1626 1686 1662 ε
1956 1617 2009 1659 55

323 1698 432 1759 Sed
456 1699 564 1760 suit
592 1701 650 1760 in
679 1701 805 1762 fatis
832 1701 934 1762 hoc
966 1725 1185 1784 quoque
1203 1749 1218 1774 ,
1250 1701 1444 1773 credo,
1474 1698 1623 1760 meis.

238 1832 406 1890 scriptis
433 1849 444 1877 ε
471 1843 516 1878 et
538 1839 624 1879 ista
646 1838 790 1879 domus
809 1835 938 1893 paulo
955 1843 1082 1889 aute,

239 1913 319 1954 pro
341 1901 431 1951 e‘llae.
456 1899 514 1943 H.

293 1963 363 2016 43:
376 1965 658 2020 Quipraevidel
666 1969 807 2010 omnia
824 1967 973 2008 Cesar.
985 1966 1086 2009 Per·-

241 2029 352 2079 videt
375 2027 469 2086 lege
491 2029 558 2081 vel
579 2037 730 2073 contra
754 2029 896 2075 libros.
922 2031 1085 2075 Putea-

241 2107 350 2137 neus
361 2096 576 2149 prande&
597 2095 797 2152 sequenti
818 2095 990 2152 Elegia,
1007 2097 1084 2150 34:

240 2174 262 2195 «
285 2155 542 2216 Cunctaque
568 2174 692 2204 mens
725 2160 858 2204 oculis
885 2160 1085 2217 pervidet

239 2221 319 2278 ista
337 2224 436 2278 suis.
460 2243 483 2274 »ι
515 2225 758 2282 Quomodo
786 2235 830 2277 et
862 2226 945 2270 illic
969 2226 1084 2270 scri-

241 2287 458 2342 bendum3
484 2289 597 2334 Met.
622 2292 734 2336 XIV
753 2321 766 2343 ,
793 2290 868 2334 ubi
887 2290 1087 2335 similiter

243 2362 337 2397 erat
351 2363 576 2411 peccatum
593 2373 603 2407 ;
622 2374 643 2393 «ι
658 2370 881 2411 socerum,
896 2356 971 2412 qui
985 2372 1090 2413 per-

242 2417 361 2463 videt
375 2420 522 2464 omnia
535 2454 547 2475 ,
568 2421 719 2465 Solem
734 2421 890 2478 Accipe
904 2454 916 2475 ‚
936 2440 957 2459 »
978 2438 1087 2465 vers.

244 2485 344 2540 375;
364 2485 590 2540 Horatius,
609 2487 646 2541 1,
662 2486 751 2530 Sat.
774 2500 830 2529 ιιι
845 2517 858 2539 ,
880 2502 989 2529 vers.
1012 2489 1089 2529 25:

247 2568 269 2588 «
291 2549 449 2606 Quum
474 2559 549 2601 tua
575 2550 799 2608 pervideas
825 2552 958 2595 oculis
978 2551 1089 2597 mala

245 2615 384 2672 lippus
405 2615 607 2662 inunctis.
630 2635 650 2654 »
683 2615 955 2674 Quanquam
972 2633 1091 2673 proe-

245 2685 389 2727 videas
425 2683 510 2728 illic
534 2692 638 2728 sunt
673 2683 748 2740 qui,
786 2683 930 2740 legant
952 2701 963 2734 ;
1000 2700 1090 2727 non

246 2748 357 2796 male
374 2763 512 2803 :mox,
528 2749 754 2796 Stultitiam
768 2763 900 2791 meam
919 2747 1091 2796 Sarrav.

248 2811 431 2870 Argent.
458 2821 503 2857 et
531 2821 616 2868 tres
642 2812 725 2856 alii.
749 2813 811 2856 H.

301 2879 368 2932 45.
398 2881 570 2934 Quaque
591 2893 667 2934 ego
685 2882 864 2934 permisi
889 2887 969 2922 etc.
992 2878 1094 2924 Hoc

251 2949 315 2988 est
334 2974 347 2996 ,
381 2944 572 3000 pepercit
605 2943 713 2987 mihi
749 2953 928 2988 eatenus
954 2977 966 2999 ‚
1002 2945 1092 2989 sive

251 3015 463 3061 quantum
474 3023 610 3064 quum
618 3009 706 3069 ipse
714 3009 874 3053 merito
886 3017 1014 3066 atque
1023 3009 1095 3052 de·

253 3070 352 3115 licto
371 3081 472 3117 meo
491 3074 667 3129 permisi
687 3074 811 3119 illum
823 3107 836 3128 ‚
851 3084 948 3132 tum
962 3074 1095 3119 etiam

252 3152 389 3180 causae
408 3137 585 3193 qualitas
605 3154 724 3194 passa
742 3149 818 3186 est.
839 3141 1012 3194 Minu..

308 3202 374 3242 50.
387 3202 431 3243 A
443 3202 560 3244 Jove.
575 3205 618 3244 A
621 3205 645 3244 b
654 3204 757 3245 Jove
771 3212 876 3259 puto
887 3236 900 3258 ,
921 3213 968 3247 ut
979 3221 1098 3251 sem.-

255 3280 332 3321 per
346 3265 460 3316 alibi;
474 3264 570 3308 vide
583 3265 696 3309 Fast-
711 3267 782 3310 lib.
798 3269 834 3321 1,
852 3283 910 3313 vs.
926 3270 1022 3313 236.
1035 3271 1095 3314 H.

254 3330 388 3371 —Ab
400 3330 518 3373 Jove.
539 3329 607 3372 Ab
625 3330 835 3385 Augusto.

311 3395 335 3436 5
344 3411 358 3436 ι
366 3425 376 3434 .
396 3395 492 3449 lpse
503 3410 605 3437 suas
619 3398 806 3450 quamvis
819 3399 930 3438 vires
941 3399 1099 3441 inhibe-

257 3467 319 3502 ret
330 3460 535 3503 Achilles.
546 3460 643 3514 Ipse
662 3475 765 3503 suas
782 3465 908 3504 etiam
929 3461 1098 3506 Sarrav.

1163 1843 1207 1878 et
1227 1834 1298 1878 alii
1323 1833 1448 1878 multi
1470 1849 1522 1876 ex
1545 1830 1863 1876 vetustioribus.
1894 1829 2010 1886 Lege

1164 1900 1310 1955 utjam
1325 1916 1337 1942 .·
1353 1899 1466 1943 infra
1487 1898 1557 1940 lib.
1573 1897 1654 1950 lv,
1673 1895 1739 1941 El.
1760 1908 1870 1947 vnn.
1891 1912 1950 1939 vs.
1968 1898 2013 1948 5:

1166 1985 1189 2005 κ
1215 1967 1280 2011 Ut
1311 1967 1398 2023 jam
1428 1965 1488 2008 nil
1519 1974 1721 2020 prestes,
1757 1963 1891 2007 animi
1911 1979 2011 2007 sum

1163 2032 1304 2077 sactus
1341 2033 1467 2076 amici
1504 2031 1691 2075 Debitor
1716 2047 1728 2082 ς
1762 2049 1784 2068 ¹·
1821 2029 2013 2086 Epistola

1168 2097 1410 2157 Cydippes,
1424 2114 1483 2141 vs.
1506 2114 1582 2156 ¹²9
1598 2113 1608 2139 z
1623 2115 1642 2132 «
1657 2096 1820 2140 Durius
1836 2104 1882 2138 ut
1896 2094 2014 2139 ferro

1166 2164 1320 2219 jam'sit
1335 2163 1407 2207 tibi
1423 2171 1571 2218 pectus
1588 2193 1601 2214 ,
1626 2161 1783 2206 Aconti
1796 2192 1809 2214 ,
1829 2160 1899 2204 Tu
1922 2176 2007 2203 ve-

1166 2229 1286 2272 niam
1313 2228 1472 2272 nostris
1501 2227 1677 2271 vocibus
1705 2226 1793 2282 ipse
1822 2234 1953 2281 petas.
1988 2243 2011 2262 ι·

1168 2293 1263 2349 Qui
1284 2293 1401 2336 locus
1416 2293 1548 2336 etiam
1572 2291 1754 2348 pessime
1773 2299 1868 2334 erat
1885 2290 2014 2333 habi-

1170 2367 1257 2407 tusc
1274 2358 1326 2401 ln
1351 2357 1586 2400 Amoribus
1601 2387 1614 2408 ,
1635 2355 1708 2399 lib.
1731 2355 1824 2408 111,
1851 2354 1917 2398 El.
1938 2367 2014 2407 lv,

1168 2438 1227 2466 vs.
1247 2424 1271 2466 5
1295 2437 1306 2465 ε
1329 2439 1350 2460 «
1375 2422 1439 2466 Ut
1459 2421 1548 2476 jam
1573 2420 1755 2463 servaris
1781 2419 1893 2462 bene
1914 2434 2016 2463 cor-

1169 2502 1248 2543 pus
1261 2518 1274 2540 ,
1294 2484 1489 2529 adultera
1506 2500 1631 2528 mens
1649 2492 1713 2528 est
1726 2517 1738 2538 ,
1759 2503 1779 2520 υ
1798 2492 1844 2526 et
1861 2482 2011 2535 initio,

1171 2552 1441 2610 Epigramm.
1462 2569 1520 2596 vs.
1552 2554 1578 2606 4
1607 2567 1616 2594 :
1649 2570 1668 2589 «
1692 2551 1758 2595 Ut
1779 2550 1867 2606 jam
1899 2550 2015 2593 nulla

1171 2617 1346 2665 tibiffnos
1364 2617 1420 2663 sit
1446 2618 1593 2675 legisse
1614 2617 1819 2673 voluptas.
1842 2634 1864 2652 ¹·
1897 2615 2016 2659 Artis

1170 2682 1241 2729 lib.
1263 2685 1309 2737 1,
1333 2683 1414 2738 346
1434 2699 1445 2726 ;
1464 2701 1485 2720 ιι
1510 2683 1574 2726 Ut
1599 2682 1688 2738 jam
1711 2681 1896 2735 fallaris,
1923 2691 2019 2725 tuta

1170 2749 1339 2806 repulsa
1358 2759 1432 2793 tua
1453 2758 1530 2794 est.
1552 2767 1575 2786 »
1594 2748 1665 2792 lib.
1688 2749 1758 2793 111
1773 2782 1786 2803 ,
1807 2750 1861 2807 89
1876 2764 1887 2792 t
1903 2768 1924 2785 «ι
1948 2749 2013 2792 Ut

1171 2814 1262 2869 jam
1281 2813 1520 2873 decipiant,
1542 2813 1645 2870 quid
1666 2813 1880 2870 perditis?
1899 2832 1921 2852 ιο
1945 2830 2017 2858 se-

1174 2885 1287 2935 quen
1295 2879 1324 2922 ti
1353 2895 1478 2923 versu
1500 2895 1581 2936 pro
1599 2881 1734 2925 dabat
1754 2878 2018 2922 Feschianus

1173 2953 1218 2988 et
1238 2953 1425 3001 quatuor
1446 2943 1516 2988 alii
1534 2947 1644 2988 tulit.
1673 2945 1729 2987 H.
1748 2968 1803 2976 —
1819 2946 2019 2998 Quamvis·

1172 3012 1372 3061 inhiberet
1387 3025 1501 3057 suas.
1520 3010 1734 3066 Quamvis
1751 3025 1841 3053 uon
1856 3025 2018 3067 magno

1173 3075 1338 3132 impetu
1359 3091 1456 3117 eam
1475 3076 1709 3119 emitteret.

1230 3143 1294 3183 52.
1303 3141 1458 3183 Pelias.
1473 3140 1611 3183 Hasta
1622 3138 1797 3181 Achillis
1810 3137 2016 3182 fraxinea.

1230 3206 1293 3248 53.
1324 3206 1535 3247 Iudicium
1566 3205 1764 3246 vindic&
1791 3203 2020 3247 Judicium

1174 3268 1326 3312 ultoris
1355 3267 1539 3324 Augusti
1556 3266 1748 3323 intellige
1766 3301 1779 3322 ,
1810 3268 1927 3324 quod
1952 3269 2023 3310 ul-

1176 3342 1243 3383 tus
1266 3332 1351 3376 fuit
1377 3333 1546 3375 crimen
1575 3347 1727 3374 meum
1753 3331 1989 3375 admissum
2006 3365 2021 3386 ,

1178 3413 1246 3442 me
1272 3397 1523 3454 relegando.

1233 3463 1298 3504 56.
1328 3464 1422 3505 Hoc
1451 3478 1615 3519 quoque.
1651 3461 1749 3505 Hoc
1773 3461 1904 3504 etiam
1928 3493 1941 3515 ,
1974 3470 2022 3504 ut
