2280 3776
279 355 390 423 346

727 359 792 410 P.
851 357 1142 411 OVIDII
1194 357 1567 415 NASONIS
1645 360 1648 366 “

361 473 625 554 Vanaque
653 471 902 532 sollicitis
935 471 1133 533 incutit
1160 473 1353 535 umbra
1384 490 1604 535 metum.

282 567 372 626 Sic
405 591 502 646 ego
530 566 764 626 fortunae
797 566 918 627 telis
946 568 1190 630 confixus
1217 571 1451 654 iniquis,
1995 593 2042 634 15

359 661 585 720 Pectore
613 662 865 744 concipio
896 662 974 722 nil
1001 663 1108 723 nisi
1138 665 1292 725 triste
1320 689 1457 725 me0.

277 761 397 818 Jam
431 759 564 818 mihi
589 760 696 820 fata
727 759 901 843 liquet
929 776 1138 844 coeptos
1168 764 1433 823 servantia
1460 787 1651 824 cursus

359 856 463 914 Per
490 854 595 914 sibi
626 871 913 917 consuetas
944 880 1156 939 semper
1181 859 1326 918 itura
1352 859 1482 919 vias.

279 949 582 1010 Observare
608 952 785 1024 Deos,
813 976 881 1011 ne
912 953 1045 1034 quid
1073 953 1210 1012 mihi
1242 953 1395 1013 cedat
1423 953 1615 1027 amice3

356 1047 649 1129 Verbaque
673 1048 907 1108 fortunae
938 1049 1023 1107 vix
1052 1065 1190 1131 puto
1221 1073 1384 1132 posse
1413 1050 1547 1110 dari.
1991 1082 2043 1107 ιη»

278 1144 381 1202 Est
407 1142 487 1201 illi
519 1168 658 1204 curae
689 1169 773 1204 me
802 1145 1059 1227 perdere,
1094 1169 1324 1228 quaeque
1352 1145 1565 1206 solebat

355 1242 492 1299 Esse
523 1239 685 1311 levis,
721 1256 978 1302 constans
1009 1257 1065 1302 et
1091 1243 1231 1303 bene
1262 1258 1403 1304 certa
1423 1257 1603 1303 nocet.

280 1336 452 1396 Crede
482 1338 645 1409 mihi,
679 1338 726 1397 si
754 1363 875 1399 sum
902 1340 1012 1399 veri
1043 1339 1146 1399 tibi
1174 1340 1428 1419 cognitus
1460 1340 1599 1411 oris.,

352 1434 466 1493 Nec
497 1434 644 1493 fraus
670 1432 725 1492 in
753 1435 959 1495 nostris
990 1435 1204 1496 casibus
1232 1460 1348 1497 esse
1375 1450 1592 1518 potest;

274 1529 563 1612 Cinyphiae
590 1530 788 1608 segetis
821 1532 982 1591 citius
1013 1532 1329 1592 numerabis
1357 1533 1582 1604 aristaS,
1988 1548 2040 1588 25

348 1624 586 1708 Altaque
620 1651 783 1709 quam
811 1626 1000 1688 multis
1026 1627 1218 1688 floreat
1246 1627 1429 1711 Hybla
1461 1627 1663 1711 thymis
1682 1674 1698 1701 ‚

269 1721 342 1779 Et
371 1737 509 1803 quot
538 1746 660 1783 aves
691 1724 858 1783 motis
885 1723 1135 1784 nitantur
1162 1725 1220 1784 in
1246 1747 1367 1786 aera
1395 1724 1593 1807 pennis
1613 1770 1628 1795 ‚

351 1821 616 1902 Quotque
644 1836 835 1881 natent
861 1822 1039 1904 pisces
1067 1846 1283 1906 aequore
1303 1870 1318 1895 ‚
1351 1837 1531 1883 certus
1560 1821 1666 1883 eris
1686 1868 1701 1894 ‚

271 1914 453 1991 Quam
485 1914 587 1975 tibi
617 1931 931 1976 nostrorum
960 1932 1233 1978 statuatur
1259 1942 1468 1978 summa
1497 1916 1780 1989 laborum,

353 2012 514 2091 Quos
545 2036 647 2090 ego
678 2036 799 2072 sum
832 2028 1005 2087 terra,
1039 2039 1177 2097 quos
1210 2039 1311 2094 ego
1342 2039 1540 2098 passus
1567 2039 1723 2098 aqua.
1989 2030 2042 2069 30

269 2106 431 2168 Nulla
465 2108 618 2168 Getis
650 2124 770 2169 toto
802 2133 934 2189 gens
960 2126 1042 2171 est
1071 2112 1432 2173 truculentior
1459 2112 1591 2172 orbe
1618 2136 1631 2171 :

353 2206 460 2265 Sed
491 2221 668 2267 tamen
698 2207 755 2266 hi
782 2210 986 2270 nostris
1011 2209 1321 2288 ingemuere
1344 2209 1518 2271 malis,

274 2301 412 2379 Quae
440 2302 542 2362 tibi
572 2303 618 2363 si
646 2305 877 2364 memori
907 2329 1072 2367 coner
1096 2307 1433 2389 perscribere
1458 2328 1648 2378 versu,

330 2446 391 2499 14.
417 2447 576 2489 Incitat
597 2450 741 2490 umbra
766 2455 927 2491 metum.
957 2447 1112 2491 Scribo

269 2513 443 2560 incute&
474 2527 615 2566 neque
635 2510 759 2554 aliter
776 2528 855 2568 pro
868 2511 1035 2555 diversa
1048 2512 1114 2555 le-

268 2574 411 2617 ctione
423 2574 783 2629 Barberinianus;
798 2577 970 2620 Sarrav.
980 2576 1115 2620 codex

267 2644 459 2681 immutat
474 2655 489 2692 ‚·
527 2641 736 2684 mendose
771 2658 780 2684 :
811 2651 1002 2685 terrorem
1014 2677 1023 2693 ‚
1048 2647 1114 2686 ti-

268 2719 428 2752 morem,
438 2720 644 2757 paoorem,
662 2715 811 2748 melum
824 2709 1003 2749 incutere
1014 2723 1111 2763 pas—

269 2769 350 2810 sim
372 2769 484 2825 apud
507 2768 771 2813 Ciceronem
788 2779 833 2814 et
852 2771 1037 2814 Livium.
1054 2773 1115 2815 H.

329 2850 389 2892 19.
408 2835 636 2878 Observare
649 2838 764 2878 Deos
775 2870 785 2886 ‚
811 2853 863 2880 ne
875 2841 986 2893 quid.
1000 2839 1115 2881 Puto

270 2900 390 2943 Deos
410 2901 636 2944 observare
655 2936 666 2956 ‚
690 2919 747 2945 ne
766 2904 869 2959 quid
889 2905 997 2947 mihi
1013 2905 1116 2948 ami-

269 2981 332 3017 ce,
346 2964 427 3008 hoc
438 2974 523 3020 est,
544 2982 747 3022 prospere
765 2976 893 3024 atque
908 2968 1110 3023 feliciter,

271 3030 425 3074 cedat:
441 3032 702 3088 fortuneque
728 3037 801 3075 viz·
828 3050 955 3088 posse
989 3037 1116 3076 verba

271 3099 389 3151 dari,
416 3096 496 3141 hoc
517 3106 602 3151 est,
629 3098 794 3155 imponi
817 3117 827 3151 ;
860 3109 909 3143 ut
928 3100 1113 3142 verbum

264 3170 388 3214 puto,
426 3163 482 3206 ad>
501 3172 735 3220 utrumque
756 3165 882 3208 colon
915 3165 1116 3208 adhibea-

273 3235 357 3270 tur.
386 3227 451 3270 M.

330 3309 397 3334 22.
429 3295 637 3337 Constans
661 3305 703 3338 et
726 3300 825 3339 bene
850 3305 965 3340 certa
983 3303 1115 3340 nocet.

275 3357 405 3400 Nunc
419 3373 507 3399 non
525 3362 781 3416 estamplius
797 3362 1027 3416 mutabilis,
1043 3369 1116 3404 aut

276 3421 380 3464 levis
401 3422 578 3465 fortuna
592 3456 603 3475 ‚
620 3424 695 3466 sed
715 3435 915 3470 constans
929 3435 972 3470 et
989 3426 1115 3470 firma

274 3486 322 3534 in
345 3486 544 3531 nocendo
567 3486 685 3530 mihi.

1248 2447 1314 2490 23.
1340 2447 1542 2502 Cogm'tus
1562 2450 1648 2488 ort]-
1666 2452 1746 2488 etc.
1769 2445 1962 2488 Creditus
1991 2444 2037 2486 in

1194 2510 1508 2554 Arondeliano.
1534 2510 1702 2553 Hmlffs.

1251 2579 1316 2632 24.
1349 2578 1436 2619 Nec
1464 2591 1655 2618 numerus
1686 2577 1843 2618 nostrie
1869 2575 2040 2616 casibus

1194 2658 1287 2684 esse
1300 2648 1451 2697 potest.
1476 2642 1565 2685 Nec
1580 2640 1710 2694 fraus
1728 2643 1774 2681 in
1788 2642 1943 2681 nostris
1963 2653 2041 2679 co—

1194 2709 1312 2750 sibus
1346 2707 1529 2763 Argent.
1562 2712 1607 2748 et
1639 2702 1790 2747 decem
1813 2702 1912 2755 atii,
1943 2716 2039 2756 quae

1194 2771 1322 2814 lectio
1341 2771 1476 2828 magis
1495 2769 1665 2813 adridet
1688 2785 1698 2812 :
1722 2768 1893 2812 Sarrav.
1912 2782 2040 2808 men-

1196 2837 1297 2879 dose
1314 2869 1327 2891 ‚
1366 2855 1387 2873 «
1409 2837 1501 2880 Nec
1529 2835 1664 2890 planis
1691 2833 1850 2876 nostris
1875 2831 2039 2875 casibus

1195 2918 1285 2946 esse
1317 2909 1450 2958 potes.
1468 2918 1490 2937 »
1514 2900 1575 2942 H.

1250 2969 1316 3009 25.
1341 2967 1553 3023 Cinypbe‘ae
1571 2967 1735 3019 segetis.
1761 2961 1927 3021 Cinyps
1952 2961 2041 3004 flu-

1193 3032 1287 3074 vius
1307 3039 1371 3073 est
1389 3029 1734 3081 Garamantum;
1754 3028 1875 3071 Mela
1896 3027 2041 3070 scribit

1194 3096 1380 3139 fluvium
1398 3111 1487 3138 esse
1504 3095 1550 3137 in
1570 3094 1704 3153 Libya
1724 3127 1735 3148 ,
1762 3109 1842 3150 per
1860 3092 2041 3135 uberri-

1194 3177 1265 3203 ma
1281 3177 1380 3203 arva
1392 3159 1620 3204 cadentem
1635 3193 1647 3213 ,
1666 3175 1689 3201 a
1704 3173 1792 3215 quo
1809 3155 2040 3215 Cinyphiae

1195 3236 1358 3283 segetes
1396 3225 1669 3282 adpellantur
1695 3241 1719 3267 a
1747 3222 1885 3281 poetis
1904 3254 1916 3276 ,
1957 3220 2039 3262 hoc

1196 3300 1259 3334 est
1275 3323 1287 3343 ‚
1312 3291 1506 3350 Libycae;
1530 3290 1665 3348 Libya
1689 3289 1808 3331 enim
1829 3288 1883 3330 ob
1901 3283 2040 3327 maxi-

1196 3372 1314 3398 mam
1343 3355 1557 3398 frumenti
1589 3354 1759 3411 copiam
1784 3385 1796 3408 ,
1828 3351 2035 3395 horreum

1194 3421 1280 3464 fuit
1303 3422 1619 3464 Romanorum.

1251 3489 1314 3531 33.
1343 3490 1602 3532 Perscrc‘bere
1618 3500 1751 3529 versu.
1778 3483 2038 3536 Destringere
