2280 3776
521 289 635 345 EX
676 285 989 343 PONTO
1027 286 1193 343 LIB.
1238 285 1348 342 IV.
1394 280 1674 338 EPIST.
1719 282 1808 335 11.

1936 279 2035 349 421

353 409 482 469 Non
510 407 635 469 data
659 420 789 467 sunt
814 428 826 463 ε
854 403 989 487 quid
1017 402 1161 464 enim
1181 448 1196 474 ‚
1228 399 1509 485 quaewsacis
1532 399 1678 482 ipse,
1709 394 1932 458 darem?

277 504 422 592 Quis
450 502 556 565 mel
586 502 818 564 Aristaeo
835 547 849 572 ,
882 500 1006 583 quis
1032 498 1251 561 Baccho
1280 498 1403 559 vina
1426 495 1658 558 Falerno
1678 543 1693 569 ‚

354 598 698 683 Triptolemo
725 597 944 676 fruges,
972 619 1138 680 poma
1166 595 1259 656 det
1284 595 1564 665 Alcinoo?
2001 622 2048 651 ιο

273 696 319 754 F
321 692 472 755 ertile
499 707 692 778 pectus
712 692 885 753 habes
903 738 919 763 ‚
951 692 1203 775 interque
1232 689 1500 751 Helicona
1529 686 1769 751 colentes

354 791 597 853 Uberius
624 788 763 852 nulli
793 788 1051 873 provenit
1075 788 1179 850 ista
1209 810 1379 867 seges.

273 888 499 950 Mittere
527 910 742 949 carmen
767 887 839 948 ad
866 887 1017 948 hunc
1035 935 1051 960 ‚
1079 886 1304 948 frondes
1331 899 1446 947 erat
1473 884 1668 946 addere
1696 882 1847 946 silvis
1870 907 1886 944 ε

353 985 485 1047 Haec
515 985 650 1046 mihi
680 984 971 1046 cunctandi
1004 1006 1192 1055 causa,
1222 984 1419 1044 Severe
1439 1029 1455 1055 ‚
1483 982 1605 1043 fuit.

271 1080 383 1140 Nec
411 1093 592 1140 tamen
622 1079 902 1159 ingenium
929 1078 1095 1141 nobis
1121 1077 1450 1163 respondet,
1480 1091 1545 1138 ut
1572 1091 1697 1139 ante
1723 1100 1737 1137 :
1999 1091 2045 1130 ιε’·

352 1175 462 1235 Sed
489 1176 694 1236 siccum
725 1173 1134 1237 sterili-vomere
1163 1174 1296 1236 litus
1325 1199 1439 1236 aro.

271 1269 492 1332 Scilicet
518 1287 583 1333 ut
604 1270 769 1334 limus
799 1292 963 1333 venas
992 1286 1221 1334 excaecat
1245 1272 1304 1332 in
1324 1270 1517 1342 undio,

348 1368 610 1450 Laesaque
638 1367 743 1428 sub
768 1390 960 1452 presso
988 1367 1140 1429 fonte
1173 1366 1381 1428 resistit
1410 1389 1583 1448 aqua3

270 1465 503 1525 Pectora
533 1466 610 1526 sic
637 1488 758 1527 mea
787 1481 918 1527 sunt
943 1466 1076 1526 limo
1105 1466 1292 1526 vitiata
1319 1463 1614 1536 malorum,

351 1562 427 1621 Et
453 1584 670 1622 carmen
697 1585 834 1622 vena
862 1561 1191 1645 pauperiore
1215 1560 1355 1621 fluit.
1995 1591 2049 1620 20

326 1728 365 1771 8.
393 1727 625 1783 Quaesacis
641 1730 730 1782 ipse
748 1729 901 1771 damn.
923 1725 1020 1770 Cur
1035 1724 1116 1770 de-

270 1791 353 1835 beo
382 1790 460 1836 tibi
482 1808 534 1836 ea
552 1791 718 1836 adferre
735 1825 747 1848 ,
771 1808 958 1849 quorum
991 1800 1039 1835 tu
1071 1807 1117 1836 es

273 1857 463 1913 optimus
474 1857 651 1901 artifex.

324 1938 364 1981 9.
400 1924 506 1977 Quis
514 1926 603 1967 mel
610 1923 793 1967 Aristaeo
805 1956 815 1974 ‚
836 1927 929 1980 quis
942 1924 1118 1967 Baccho

270 1989 372 2031 vina
385 1987 579 2031 Falerna.
596 1988 773 2031 Baccho
788 1990 970 2031 Falerno
988 1986 1116 2030 multi

267 2060 437 2098 veteres
450 2085 462 2107 ‚
486 2062 530 2098 et
554 2049 697 2106 recte;
716 2055 775 2099 sic
794 2057 1000 2098 Falernus
1017 2071 1119 2110 ager

268 2129 314 2165 et
327 2120 494 2166 similia.
506 2120 731 2167 Ceterum
740 2122 952 2179 corripuit
967 2126 1009 2167 τὶ
1019 2125 1112 2172 mel,

267 2202 369 2231 raro
390 2187 610 2246 exemplo,
645 2187 760 2244 quod
782 2203 833 2232 ea
857 2203 939 2230 vox
960 2188 1031 2231 ἐπὶ
1052 2188 1115 2232 τοῦ

269 2253 357 2308 με’λι
375 2251 630 2296 deducatur.
640 2253 795 2297 Posset
807 2250 1000 2308 alioquin
1015 2251 1113 2309 legi,

272 2320 366 2362 Mel
391 2321 486 2374 quis
509 2319 707 2363 Aristaeo.
729 2319 790 2362 H.
809 2341 864 2351 —
907 2321 1013 2373 Quis
1035 2319 1123 2360 mel

272 2386 466 2430 Aristan.
484 2384 555 2430 De
578 2386 762 2430 Aristaeo
787 2384 990 2428 Justinus
1004 2383 1117 2427 libro

272 2450 444 2494 decimo
462 2450 615 2502 tertio:
632 2449 790 2508 virgil.
806 2457 960 2507 quarto
981 2447 1118 2492 Geor-

271 2515 468 2572 gicorum
483 2548 495 2571 ,
512 2533 575 2560 vs.
595 2517 643 2559 31
654 2534 674 2573 7
691 2548 704 2571 ,
723 2531 814 2573 sqq.

330 2597 390 2624 10.
425 2583 678 2637 Triptolemo
681 2580 845 2636 fruges.
870 2579 1007 2625 Ceres
1022 2579 1119 2624 sru-

273 2645 441 2700 menfi,
461 2645 579 2702 quod
609 2645 721 2690 sorte
750 2646 868 2690 inter
886 2646 987 2690 alias
1004 2645 1118 2690 her-

272 2708 346 2753 bas
356 2709 824 2767 nascebaturignotum
841 2710 1019 2761 caeteris‚
1033 2710 1118 2767 pri·

273 2789 346 2817 ma
365 2786 494 2818 usum
514 2774 739 2819 adinvenit
753 2807 765 2830 ‚
788 2775 1023 2832 docuitque
1042 2775 1117 2819 ho-

274 2839 415 2884 mines
435 2840 637 2883 servandi
663 2849 707 2884 et
725 2840 900 2885 serendi
918 2839 1117 2884 modum.

277 2901 552 2959 Triptolemo
579 2903 795 2948 frumenti
838 2904 1006 2948 dedisse
1039 2920 1118 2948 se-

277 2980 380 3009 men
400 2998 413 3020 ,
429 2967 743 3026 mandasseque
759 3002 771 3025 ,
786 2978 836 3012 ut
857 2986 959 3014 cum
979 2971 1118 3014 omni·

276 3028 357 3071 hus
379 3028 426 3072 id
440 3029 606 3075 donum
631 3033 912 3089 participans,
931 3033 1115 3078 modum

277 3092 524 3136 seminandi
535 3105 812 3142 monstraret.
834 3122 888 3131 —
900 3101 1032 3142 Poma
1047 3102 1120 3144 det

278 3158 474 3202 Alcinoo.
494 3159 700 3205 Alcinous
713 3194 726 3216 ,
756 3178 832 3205 rex
852 3164 1086 3208 Phaeacum
1104 3197 1116 3219 ,

279 3223 392 3266 filius
411 3223 637 3267 Nausithoi
655 3258 667 3279 ‚
689 3225 836 3270 hortos
856 3226 1010 3272 habuit
1024 3230 1118 3273 cul-

278 3288 475 3332 tissimos.
488 3289 622 3333 Unde
639 3289 768 3333 Maro
782 3290 942 3349 Georg.
959 3293 1019 3349 11,
1035 3295 1087 3350 87
1103 3312 1114 3340 :

281 3354 538 3411 «Pomaque
557 3363 600 3398 et
619 3354 790 3399 Alcinoi
811 3356 951 3415 sylvae.
973 3375 996 3395 »
1018 3359 1119 3403 Ho-

280 3433 448 3474 merus,
465 3418 602 3477 Odys.
622 3427 676 3474 Η,
700 3419 752 3463 de
771 3420 937 3464 Alcinoi
952 3421 1087 3466 hortis
1102 3457 1114 3477 ,

1196 1742 1307 1770 vers.
1337 1743 1352 1770 ι
1366 1743 1410 1783 17
1440 1742 1451 1770 ζ
1476 1727 1592 1770 Τέων
1614 1733 1740 1771 οῦτοι-ι
1763 1730 1897 1787 καῃπός
1918 1727 2045 1770 ἐπίλ-

1198 1797 1306 1837 λυται
1323 1824 1335 1846 ,
1359 1790 1439 1837 οὐδ’
1463 1793 1642 1837 ι’πιλιίτη
1662 1808 1673 1842 ς
1709 1798 1753 1835 et
1769 1789 1928 1834 deinde
1948 1823 1959 1843 ,
1986 1808 2045 1834 vs.

1204 1871 1282 1899 120
1302 1871 1313 1899 ε
1331 1850 1465 1912 ὄγχνη
1486 1854 1540 1900 c'oe’
1555 1862 1672 1920 ὅγχνῇ
1688 1857 1870 1917 γηράσκω
1885 1888 1897 1910 ,
1927 1863 2046 1910 μίλον

1202 1920 1239 1985 δί
1256 1925 1319 1967 r’ael
1336 1928 1462 1981 μῑλῳ.

1258 2003 1274 2029 ι
1287 2002 1320 2029 ι.
1348 1987 1502 2029 Fertile
1511 1995 1662 2041 pectus
1673 1988 1816 2028 habes.
1841 1985 1921 2029 Est
1939 1986 2016 2029 tibi
2032 2017 2045 2040 ‚

1198 2052 1341 2110 inquit
1355 2087 1364 2103 ,
1395 2053 1569 2096 abunde
1600 2052 1825 2097 doctrine.
1856 2073 1912 2085 --
1931 2054 2047 2095 Inter

1196 2124 1377 2165 colentes
1396 2123 1618 2164 Haelicona.
1640 2122 1765 2165 Inter
1789 2129 1938 2177 poetas
1958 2135 2043 2163 co-

1196 2187 1336 2232 lentes
1356 2189 1587 2231 Musarum
1605 2187 1697 2231 loca
1712 2219 1724 2240 ‚
1747 2194 1797 2230 ut
1818 2194 1882 2229 est
1906 2185 2044 2229 Heli-

1199 2267 1283 2295 con
1299 2251 1491 2296 Boeotiae.

1260 2333 1275 2358 1
1285 2334 1320 2360 α.
1356 2318 1535 2359 Uberius
1548 2317 1666 2358 nulli.
1680 2313 1799 2358 Nulli
1816 2329 1950 2370 quam
1969 2314 2047 2357 tibi

1199 2381 1426 2437 copiosius.
1443 2404 1496 2414 -
1509 2384 1602 2424 Ista
1612 2395 1742 2435 seges.
1765 2379 1852 2422 Ista
1866 2378 2048 2422 scientia

1199 2445 1302 2490 artis
1322 2446 1515 2502 poeticae.

1266 2514 1328 2567 14.
1376 2513 1614 2556 Cunctanti.
1653 2509 1742 2554 Alii
1775 2511 2009 2553 cunctandi
2021 2542 2035 2560 ,

1197 2577 1330 2635 idque
1346 2578 1482 2636 magis
1500 2578 1651 2636 placet.
1664 2577 2044 2621 mmm—Nostri

1198 2659 1300 2687 cum
1321 2643 1554 2687 duodecim
1574 2643 1664 2686 aliis
1678 2676 1689 2695 ‚
1713 2647 1940 2686 cunctanti.

1259 2711 1320 2754 16.
1334 2713 1498 2755 &ccum
1505 2713 1619 2754 litus.
1628 2710 1863 2754 Materiam
1878 2718 1923 2752 et
1932 2725 2044 2751 cam·

1199 2793 1304 2834 pum
1323 2776 1416 2820 sine
1439 2776 1642 2821 humore.
1667 2774 1877 2833 Intelligit
1894 2783 2042 2818 autem

1197 2858 1277 2900 per
1290 2841 1624 2891 similitudinem
1645 2839 1862 2885 scribendi
1891 2847 2043 2882 mate—

1197 2908 1310 2951 riam
1335 2916 1532 2950 maestam
1560 2922 1606 2950 se
1632 2905 1862 2962 sumpsisse
1880 2936 1892 2957 ,
1921 2903 2040 2947 unde

1198 2970 1344 3014 nullus
1361 2969 1496 3027 possit
1513 2970 1679 3014 fructus
1699 2978 1744 3013 et
1763 2969 1908 3012 honor
1925 2984 2041 3011 ema·

1199 3050 1478 3092 nare‚neque
1493 3035 1628 3091 gloria
1639 3033 1779 3090 aliqua
1794 3035 2040 3090 provenire.

1258 3118 1320 3157 ¹7·
1347 3101 1523 3143 Scilicet
1545 3107 1594 3143 ut
1624 3103 1762 3142 limus.
1796 3099 2040 3155 Quemad-

1199 3165 1385 3209 modum
1408 3165 1537 3208 limus
1558 3180 1650 3207 non
1673 3164 1886 3220 permittit
1909 3180 2040 3221 aquas

1197 3247 1250 3274 ex
1266 3231 1387 3273 venis
1407 3246 1664 3286 procurrere
1681 3246 1691 3271 :
1724 3230 1785 3273 sic
1806 3229 1918 3272 mala
1948 3246 2033 3274 oc·—

1198 3294 1382 3338 cludunt
1399 3303 1444 3337 et
1457 3303 1740 3337 remorantur
1754 3294 1924 3352 copiam
1940 3311 2036 3336 car-

1199 3360 1329 3404 minis
1342 3393 1354 3415 ,
1375 3369 1419 3404 et
1437 3377 1592 3404 venam
1605 3361 1781 3417 poetica
1791 3361 2039 3414 majestatis.

1198 3450 1251 3458 -—
1272 3428 1478 3470 Ezcoecat
1494 3443 1637 3471 venas.
1651 3429 1802 3470 Venas
1820 3428 2005 3469 obturat.
