<?xml version="1.0" encoding="UTF-8"?>
<!DOCTYPE html PUBLIC "-//W3C//DTD XHTML 1.0 Transitional//EN"
    "http://www.w3.org/TR/xhtml1/DTD/xhtml1-transitional.dtd">
<html xmlns="http://www.w3.org/1999/xhtml" xml:lang="en" lang="en">
 <head>
  <title>
</title>
<meta http-equiv="Content-Type" content="text/html;charset=utf-8" />
  <meta name='ocr-system' content='tesseract 3.04.00' />
  <meta name='ocr-capabilities' content='ocr_page ocr_carea ocr_par ocr_line ocrx_word'/>
</head>
<body>
  <div class='ocr_page' id='page_1' title='image "./quaeextantomniao07oviduoft_0264.png"; bbox 0 0 2280 3776; ppageno 0'>
   <div class='ocr_carea' id='block_1_1' title="bbox 306 340 2054 372">
    <p class='ocr_par' dir='ltr' id='par_1_1' title="bbox 306 340 2054 372">
     <span class='ocr_line' id='line_1_1' title="bbox 306 340 2054 372; baseline 0 3404"><span class='ocrx_word' id='word_1_1' title='bbox 306 340 2054 372; x_wconf 95' lang='lat' dir='ltr'><strong> </strong></span> 
     </span>
    </p>
   </div>
   <div class='ocr_carea' id='block_1_2' title="bbox 767 424 1561 744">
    <p class='ocr_par' dir='ltr' id='par_1_2' title="bbox 767 424 1561 744">
     <span class='ocr_line' id='line_1_2' title="bbox 927 424 1415 572; baseline 0.006 -5"><span class='ocrx_word' id='word_1_2' title='bbox 927 424 1225 572; x_wconf 72' lang='lat' dir='ltr'><strong>Hm</strong></span> <span class='ocrx_word' id='word_1_3' title='bbox 1254 484 1415 570; x_wconf 81' lang='lat' dir='ltr'><strong>sn</strong></span> 
     </span>
     <span class='ocr_line' id='line_1_3' title="bbox 767 682 1561 744; baseline 0.004 -3"><span class='ocrx_word' id='word_1_4' title='bbox 767 682 1561 744; x_wconf 86' lang='lat' dir='ltr'><strong>PRAEFATIUNCULA.</strong></span> 
     </span>
    </p>
   </div>
   <div class='ocr_carea' id='block_1_3' title="bbox 286 840 2068 1828">
    <p class='ocr_par' dir='ltr' id='par_1_3' title="bbox 286 840 2068 1828">
     <span class='ocr_line' id='line_1_4' title="bbox 291 840 2060 949; baseline 0.003 -25"><span class='ocrx_word' id='word_1_5' title='bbox 291 840 375 924; x_wconf 79' lang='grc' dir='ltr'><strong>ΙΝ</strong></span> <span class='ocrx_word' id='word_1_6' title='bbox 401 875 697 945; x_wconf 82' lang='lat' dir='ltr'><strong>castigandis</strong></span> <span class='ocrx_word' id='word_1_7' title='bbox 723 877 859 928; x_wconf 86' lang='lat' dir='ltr'><strong>hisce</strong></span> <span class='ocrx_word' id='word_1_8' title='bbox 888 877 1031 928; x_wconf 88' lang='lat' dir='ltr'><strong>libris</strong></span> <span class='ocrx_word' id='word_1_9' title='bbox 1057 880 1251 929; x_wconf 86' lang='lat' dir='ltr'><strong>codices</strong></span> <span class='ocrx_word' id='word_1_10' title='bbox 1276 881 1415 930; x_wconf 86' lang='lat' dir='ltr'><strong>fuere</strong></span> <span class='ocrx_word' id='word_1_11' title='bbox 1441 880 1567 930; x_wconf 92' lang='lat' dir='ltr'><strong>mibi</strong></span> <span class='ocrx_word' id='word_1_12' title='bbox 1595 891 1770 948; x_wconf 80' lang='lat' dir='ltr'><strong>praesto</strong></span> <span class='ocrx_word' id='word_1_13' title='bbox 1807 879 2060 949; x_wconf 87' lang='lat' dir='ltr'><strong>aliquanto</strong></span> 
     </span>
     <span class='ocr_line' id='line_1_5' title="bbox 291 964 2060 1037; baseline 0.002 -23"><span class='ocrx_word' id='word_1_14' title='bbox 291 964 577 1015; x_wconf 84' lang='lat' dir='ltr'><strong>vetustiores</strong></span> <span class='ocrx_word' id='word_1_15' title='bbox 601 965 662 1015; x_wconf 90' lang='lat' dir='ltr'><strong>iis</strong></span> <span class='ocrx_word' id='word_1_16' title='bbox 678 1004 690 1027; x_wconf 87' lang='lat'>‚</span> <span class='ocrx_word' id='word_1_17' title='bbox 718 983 840 1033; x_wconf 90' lang='lat' dir='ltr'><strong>quos</strong></span> <span class='ocrx_word' id='word_1_18' title='bbox 858 967 1039 1016; x_wconf 88' lang='lat' dir='ltr'><strong>Tristia</strong></span> <span class='ocrx_word' id='word_1_19' title='bbox 1052 967 1427 1035; x_wconf 84' lang='lat' dir='ltr'><strong>suppeditarunt</strong></span> <span class='ocrx_word' id='word_1_20' title='bbox 1448 989 1460 1031; x_wconf 90' lang='lat'>;</span> <span class='ocrx_word' id='word_1_21' title='bbox 1490 986 1650 1037; x_wconf 90' lang='lat' dir='ltr'><strong>neque</strong></span> <span class='ocrx_word' id='word_1_22' title='bbox 1676 967 1753 1017; x_wconf 86' lang='lat' dir='ltr'><strong>illi</strong></span> <span class='ocrx_word' id='word_1_23' title='bbox 1771 980 1936 1018; x_wconf 88' lang='lat' dir='ltr'><strong>tamen</strong></span> <span class='ocrx_word' id='word_1_24' title='bbox 1953 968 2060 1036; x_wconf 83' lang='lat' dir='ltr'><strong>ejus</strong></span> 
     </span>
     <span class='ocr_line' id='line_1_6' title="bbox 288 1054 2061 1124; baseline 0.002 -23"><span class='ocrx_word' id='word_1_25' title='bbox 288 1064 414 1102; x_wconf 84' lang='lat' dir='ltr'><strong>notae</strong></span> <span class='ocrx_word' id='word_1_26' title='bbox 431 1091 444 1115; x_wconf 88' lang='lat'>‚</span> <span class='ocrx_word' id='word_1_27' title='bbox 475 1065 559 1102; x_wconf 90' lang='lat' dir='ltr'><strong>aut</strong></span> <span class='ocrx_word' id='word_1_28' title='bbox 585 1054 884 1104; x_wconf 81' lang='lat' dir='ltr'><strong>auctoritatis</strong></span> <span class='ocrx_word' id='word_1_29' title='bbox 899 1093 912 1116; x_wconf 73' lang='lat'><strong>⁷</strong></span> <span class='ocrx_word' id='word_1_30' title='bbox 946 1066 1000 1104; x_wconf 94' lang='lat' dir='ltr'><strong>ut</strong></span> <span class='ocrx_word' id='word_1_31' title='bbox 1026 1067 1244 1106; x_wconf 84' lang='lat' dir='ltr'>exactam</span> <span class='ocrx_word' id='word_1_32' title='bbox 1268 1056 1392 1106; x_wconf 88' lang='lat' dir='ltr'><strong>locis</strong></span> <span class='ocrx_word' id='word_1_33' title='bbox 1417 1055 1547 1105; x_wconf 89' lang='lat' dir='ltr'><strong>male</strong></span> <span class='ocrx_word' id='word_1_34' title='bbox 1574 1056 1782 1106; x_wconf 81' lang='lat' dir='ltr'><strong>adfectis</strong></span> <span class='ocrx_word' id='word_1_35' title='bbox 1797 1097 1810 1118; x_wconf 86' lang='lat'>‚</span> <span class='ocrx_word' id='word_1_36' title='bbox 1837 1057 1925 1124; x_wconf 91' lang='lat' dir='ltr'><strong>qui</strong></span> <span class='ocrx_word' id='word_1_37' title='bbox 1942 1056 2061 1124; x_wconf 87' lang='lat' dir='ltr'><strong>plu-</strong></span> 
     </span>
     <span class='ocr_line' id='line_1_7' title="bbox 286 1139 2063 1209; baseline 0.003 -20"><span class='ocrx_word' id='word_1_38' title='bbox 286 1141 404 1189; x_wconf 88' lang='lat' dir='ltr'><strong>rimi</strong></span> <span class='ocrx_word' id='word_1_39' title='bbox 447 1142 628 1209; x_wconf 89' lang='lat' dir='ltr'><strong>passim</strong></span> <span class='ocrx_word' id='word_1_40' title='bbox 665 1143 749 1192; x_wconf 93' lang='lat' dir='ltr'><strong>hic</strong></span> <span class='ocrx_word' id='word_1_41' title='bbox 779 1142 885 1194; x_wconf 91' lang='lat' dir='ltr'><strong>illic</strong></span> <span class='ocrx_word' id='word_1_42' title='bbox 926 1139 1201 1194; x_wconf 84' lang='lat' dir='ltr'><strong>obcurrunt</strong></span> <span class='ocrx_word' id='word_1_43' title='bbox 1216 1185 1229 1207; x_wconf 80' lang='lat'><strong>‚</strong></span> <span class='ocrx_word' id='word_1_44' title='bbox 1260 1144 1562 1195; x_wconf 82' lang='lat' dir='ltr'><strong>medicinam</strong></span> <span class='ocrx_word' id='word_1_45' title='bbox 1603 1144 1827 1194; x_wconf 87' lang='lat' dir='ltr'><strong>fecerint.</strong></span> <span class='ocrx_word' id='word_1_46' title='bbox 1865 1146 2063 1195; x_wconf 87' lang='lat' dir='ltr'><strong>Primus</strong></span> 
     </span>
     <span class='ocr_line' id='line_1_8' title="bbox 289 1229 2063 1307; baseline 0.005 -30"><span class='ocrx_word' id='word_1_47' title='bbox 289 1229 515 1286; x_wconf 86' lang='lat' dir='ltr'><strong>omnium</strong></span> <span class='ocrx_word' id='word_1_48' title='bbox 540 1231 985 1281; x_wconf 86' lang='lat' dir='ltr'><strong>commendandum</strong></span> <span class='ocrx_word' id='word_1_49' title='bbox 1009 1250 1060 1282; x_wconf 87' lang='lat' dir='ltr'><strong>se</strong></span> <span class='ocrx_word' id='word_1_50' title='bbox 1086 1233 1234 1282; x_wconf 88' lang='lat' dir='ltr'><strong>offert</strong></span> <span class='ocrx_word' id='word_1_51' title='bbox 1269 1233 1389 1282; x_wconf 92' lang='lat' dir='ltr'><strong>Viri</strong></span> <span class='ocrx_word' id='word_1_52' title='bbox 1415 1234 1571 1307; x_wconf 48' lang='lat' dir='ltr'><strong>Amp.</strong></span> <span class='ocrx_word' id='word_1_53' title='bbox 1597 1231 1792 1283; x_wconf 85' lang='lat' dir='ltr'><strong>Claudii</strong></span> <span class='ocrx_word' id='word_1_54' title='bbox 1842 1232 2063 1285; x_wconf 83' lang='lat' dir='ltr'><strong>Sarravii</strong></span> 
     </span>
     <span class='ocr_line' id='line_1_9' title="bbox 291 1316 2063 1388; baseline 0.003 -24"><span class='ocrx_word' id='word_1_55' title='bbox 291 1316 445 1365; x_wconf 83' lang='lat' dir='ltr'><strong>codex</strong></span> <span class='ocrx_word' id='word_1_56' title='bbox 469 1316 695 1368; x_wconf 88' lang='lat' dir='ltr'><strong>Gallicus</strong></span> <span class='ocrx_word' id='word_1_57' title='bbox 710 1357 724 1381; x_wconf 81' lang='lat'><strong>‚</strong></span> <span class='ocrx_word' id='word_1_58' title='bbox 755 1331 865 1369; x_wconf 91' lang='lat' dir='ltr'><strong>ante</strong></span> <span class='ocrx_word' id='word_1_59' title='bbox 894 1338 1049 1370; x_wconf 88' lang='lat' dir='ltr'><strong>annos</strong></span> <span class='ocrx_word' id='word_1_60' title='bbox 1075 1321 1381 1388; x_wconf 84' lang='lat' dir='ltr'><strong>octingentos</strong></span> <span class='ocrx_word' id='word_1_61' title='bbox 1408 1333 1664 1383; x_wconf 78' lang='lat' dir='ltr'><strong>exaratu83</strong></span> <span class='ocrx_word' id='word_1_62' title='bbox 1696 1321 1779 1371; x_wconf 90' lang='lat' dir='ltr'><strong>sed</strong></span> <span class='ocrx_word' id='word_1_63' title='bbox 1826 1321 2063 1387; x_wconf 82' lang='lat' dir='ltr'><strong>mendose</strong></span> 
     </span>
     <span class='ocr_line' id='line_1_10' title="bbox 289 1404 2063 1478; baseline 0.002 -26"><span class='ocrx_word' id='word_1_64' title='bbox 289 1404 555 1455; x_wconf 84' lang='lat' dir='ltr'><strong>admodum</strong></span> <span class='ocrx_word' id='word_1_65' title='bbox 574 1445 587 1467; x_wconf 81' lang='lat'><strong>‚</strong></span> <span class='ocrx_word' id='word_1_66' title='bbox 618 1425 712 1457; x_wconf 91' lang='lat' dir='ltr'><strong>nec</strong></span> <span class='ocrx_word' id='word_1_67' title='bbox 738 1407 824 1457; x_wconf 91' lang='lat' dir='ltr'><strong>ille</strong></span> <span class='ocrx_word' id='word_1_68' title='bbox 851 1409 1044 1475; x_wconf 86' lang='lat' dir='ltr'><strong>integer</strong></span> <span class='ocrx_word' id='word_1_69' title='bbox 1062 1448 1075 1471; x_wconf 82' lang='lat'>‚</span> <span class='ocrx_word' id='word_1_70' title='bbox 1100 1421 1153 1457; x_wconf 91' lang='lat' dir='ltr'><strong>ut</strong></span> <span class='ocrx_word' id='word_1_71' title='bbox 1177 1409 1265 1476; x_wconf 90' lang='lat' dir='ltr'><strong>qui</strong></span> <span class='ocrx_word' id='word_1_72' title='bbox 1287 1410 1340 1458; x_wconf 90' lang='lat' dir='ltr'><strong>in</strong></span> <span class='ocrx_word' id='word_1_73' title='bbox 1363 1407 1536 1478; x_wconf 85' lang='lat' dir='ltr'><strong>Elegia</strong></span> <span class='ocrx_word' id='word_1_74' title='bbox 1557 1408 1774 1459; x_wconf 89' lang='lat' dir='ltr'><strong>secunda</strong></span> <span class='ocrx_word' id='word_1_75' title='bbox 1793 1408 1925 1457; x_wconf 87' lang='lat' dir='ltr'><strong>tertii</strong></span> <span class='ocrx_word' id='word_1_76' title='bbox 1947 1408 2063 1457; x_wconf 91' lang='lat' dir='ltr'><strong>libri</strong></span> 
     </span>
     <span class='ocr_line' id='line_1_11' title="bbox 288 1491 2061 1563; baseline 0.001 -22"><span class='ocrx_word' id='word_1_77' title='bbox 288 1491 537 1543; x_wconf 84' lang='lat' dir='ltr'><strong>deficeret.</strong></span> <span class='ocrx_word' id='word_1_78' title='bbox 557 1495 847 1544; x_wconf 85' lang='lat' dir='ltr'><strong>Proximum</strong></span> <span class='ocrx_word' id='word_1_79' title='bbox 864 1507 1100 1545; x_wconf 84' lang='lat' dir='ltr'><strong>vetustate</strong></span> <span class='ocrx_word' id='word_1_80' title='bbox 1117 1497 1454 1563; x_wconf 82' lang='lat' dir='ltr'><strong>Argentoratae</strong></span> <span class='ocrx_word' id='word_1_81' title='bbox 1470 1496 1777 1546; x_wconf 81' lang='lat' dir='ltr'><strong>bibliothecae</strong></span> <span class='ocrx_word' id='word_1_82' title='bbox 1792 1494 2061 1562; x_wconf 79' lang='lat' dir='ltr'><strong>exemplar,</strong></span> 
     </span>
     <span class='ocr_line' id='line_1_12' title="bbox 290 1581 2064 1652; baseline 0.001 -22"><span class='ocrx_word' id='word_1_83' title='bbox 290 1581 424 1649; x_wconf 90' lang='lat' dir='ltr'><strong>quod</strong></span> <span class='ocrx_word' id='word_1_84' title='bbox 437 1600 684 1632; x_wconf 89' lang='lat' dir='ltr'><strong>annorum</strong></span> <span class='ocrx_word' id='word_1_85' title='bbox 701 1583 899 1634; x_wconf 85' lang='lat' dir='ltr'><strong>circiter</strong></span> <span class='ocrx_word' id='word_1_86' title='bbox 915 1584 1335 1652; x_wconf 87' lang='lat' dir='ltr'><strong>septingentorum</strong></span> <span class='ocrx_word' id='word_1_87' title='bbox 1356 1584 1552 1633; x_wconf 90' lang='lat' dir='ltr'><strong>senium</strong></span> <span class='ocrx_word' id='word_1_88' title='bbox 1577 1600 1677 1651; x_wconf 86' lang='lat' dir='ltr'><strong>prae</strong></span> <span class='ocrx_word' id='word_1_89' title='bbox 1705 1601 1756 1633; x_wconf 91' lang='lat' dir='ltr'><strong>se</strong></span> <span class='ocrx_word' id='word_1_90' title='bbox 1781 1584 1937 1633; x_wconf 87' lang='lat' dir='ltr'><strong>ferret</strong></span> <span class='ocrx_word' id='word_1_91' title='bbox 1966 1602 1978 1631; x_wconf 73' lang='grc' dir='ltr'><em>τ</em></span> <span class='ocrx_word' id='word_1_92' title='bbox 2010 1583 2064 1631; x_wconf 91' lang='lat' dir='ltr'><strong>in</strong></span> 
     </span>
     <span class='ocr_line' id='line_1_13' title="bbox 290 1668 2066 1738; baseline 0.002 -21"><span class='ocrx_word' id='word_1_93' title='bbox 290 1686 347 1717; x_wconf 92' lang='lat' dir='ltr'><strong>eo</strong></span> <span class='ocrx_word' id='word_1_94' title='bbox 365 1668 492 1719; x_wconf 87' lang='lat' dir='ltr'><strong>liber</strong></span> <span class='ocrx_word' id='word_1_95' title='bbox 512 1681 717 1738; x_wconf 88' lang='lat' dir='ltr'><strong>quartus</strong></span> <span class='ocrx_word' id='word_1_96' title='bbox 738 1687 854 1719; x_wconf 90' lang='lat' dir='ltr'><strong>cum</strong></span> <span class='ocrx_word' id='word_1_97' title='bbox 871 1682 1009 1738; x_wconf 87' lang='lat' dir='ltr'><strong>parte</strong></span> <span class='ocrx_word' id='word_1_98' title='bbox 1024 1671 1156 1720; x_wconf 91' lang='lat' dir='ltr'><strong>tertii</strong></span> <span class='ocrx_word' id='word_1_99' title='bbox 1175 1671 1600 1721; x_wconf 83' lang='lat' dir='ltr'><strong>desiderabantur.</strong></span> <span class='ocrx_word' id='word_1_100' title='bbox 1620 1673 1726 1721; x_wconf 91' lang='lat' dir='ltr'><strong>Nec</strong></span> <span class='ocrx_word' id='word_1_101' title='bbox 1751 1683 1883 1721; x_wconf 88' lang='lat' dir='ltr'><strong>aetate</strong></span> <span class='ocrx_word' id='word_1_102' title='bbox 1908 1671 2066 1721; x_wconf 82' lang='lat' dir='ltr'><strong>multo</strong></span> 
     </span>
     <span class='ocr_line' id='line_1_14' title="bbox 290 1757 2068 1828; baseline 0.003 -23"><span class='ocrx_word' id='word_1_103' title='bbox 290 1757 540 1807; x_wconf 90' lang='lat' dir='ltr'><strong>inferioris</strong></span> <span class='ocrx_word' id='word_1_104' title='bbox 556 1775 616 1806; x_wconf 82' lang='lat' dir='ltr'><strong>ex</strong></span> <span class='ocrx_word' id='word_1_105' title='bbox 631 1757 863 1808; x_wconf 89' lang='lat' dir='ltr'><strong>Mediceis</strong></span> <span class='ocrx_word' id='word_1_106' title='bbox 879 1777 1008 1808; x_wconf 87' lang='lat' dir='ltr'><strong>unus</strong></span> <span class='ocrx_word' id='word_1_107' title='bbox 1023 1797 1037 1821; x_wconf 88' lang='lat'>‚</span> <span class='ocrx_word' id='word_1_108' title='bbox 1058 1758 1356 1810; x_wconf 87' lang='lat' dir='ltr'><strong>nobilissimi</strong></span> <span class='ocrx_word' id='word_1_109' title='bbox 1375 1760 1582 1827; x_wconf 86' lang='lat' dir='ltr'><strong>Rogerii</strong></span> <span class='ocrx_word' id='word_1_110' title='bbox 1599 1759 1876 1811; x_wconf 86' lang='lat' dir='ltr'><strong>Twisdenii</strong></span> <span class='ocrx_word' id='word_1_111' title='bbox 1892 1759 2068 1828; x_wconf 90' lang='lat' dir='ltr'><strong>equitis</strong></span> 
     </span>
    </p>
   </div>
   <div class='ocr_carea' id='block_1_4' title="bbox 207 1846 2060 1917">
    <p class='ocr_par' dir='ltr' id='par_1_4' title="bbox 207 1846 2060 1917">
     <span class='ocr_line' id='line_1_15' title="bbox 207 1846 2060 1917; baseline 0.003 -25"><span class='ocrx_word' id='word_1_112' title='bbox 207 1875 216 1878; x_wconf 42' lang='lat' dir='ltr'><em>s</em></span> <span class='ocrx_word' id='word_1_113' title='bbox 290 1846 517 1895; x_wconf 87' lang='lat' dir='ltr'><strong>Baroneti</strong></span> <span class='ocrx_word' id='word_1_114' title='bbox 555 1846 726 1896; x_wconf 89' lang='lat' dir='ltr'><strong>itidem</strong></span> <span class='ocrx_word' id='word_1_115' title='bbox 761 1863 890 1898; x_wconf 91' lang='lat' dir='ltr'><strong>unus</strong></span> <span class='ocrx_word' id='word_1_116' title='bbox 929 1848 1171 1916; x_wconf 85' lang='lat' dir='ltr'><strong>Anglicus</strong></span> <span class='ocrx_word' id='word_1_117' title='bbox 1194 1869 1206 1911; x_wconf 92' lang='lat'>;</span> <span class='ocrx_word' id='word_1_118' title='bbox 1238 1861 1285 1899; x_wconf 90' lang='lat' dir='ltr'><strong>et</strong></span> <span class='ocrx_word' id='word_1_119' title='bbox 1312 1849 1528 1917; x_wconf 84' lang='lat' dir='ltr'><strong>Remigii</strong></span> <span class='ocrx_word' id='word_1_120' title='bbox 1555 1848 1754 1899; x_wconf 88' lang='lat' dir='ltr'><strong>Feschii</strong></span> <span class='ocrx_word' id='word_1_121' title='bbox 1782 1850 1852 1898; x_wconf 87' lang='lat' dir='ltr'><strong>V.</strong></span> <span class='ocrx_word' id='word_1_122' title='bbox 1881 1848 2060 1898; x_wconf 87' lang='lat' dir='ltr'><strong>Claris.</strong></span> 
     </span>
    </p>
   </div>
   <div class='ocr_carea' id='block_1_5' title="bbox 291 1932 2070 2882">
    <p class='ocr_par' dir='ltr' id='par_1_5' title="bbox 291 1932 2070 2882">
     <span class='ocr_line' id='line_1_16' title="bbox 292 1932 2066 2003; baseline 0.002 -21"><span class='ocrx_word' id='word_1_123' title='bbox 292 1932 467 1983; x_wconf 82' lang='lat' dir='ltr'><strong>codex.</strong></span> <span class='ocrx_word' id='word_1_124' title='bbox 492 1936 608 1984; x_wconf 89' lang='lat' dir='ltr'><strong>Post</strong></span> <span class='ocrx_word' id='word_1_125' title='bbox 624 1934 739 1996; x_wconf 76' lang='lat' dir='ltr'><strong>hos,</strong></span> <span class='ocrx_word' id='word_1_126' title='bbox 764 1936 954 2003; x_wconf 88' lang='lat' dir='ltr'><strong>primus</strong></span> <span class='ocrx_word' id='word_1_127' title='bbox 974 1937 1230 1985; x_wconf 84' lang='lat' dir='ltr'><strong>Vaticanae</strong></span> <span class='ocrx_word' id='word_1_128' title='bbox 1244 1975 1257 1998; x_wconf 82' lang='lat'>‚</span> <span class='ocrx_word' id='word_1_129' title='bbox 1279 1936 1573 1986; x_wconf 87' lang='lat' dir='ltr'><strong>Basileensis</strong></span> <span class='ocrx_word' id='word_1_130' title='bbox 1589 1935 1836 1986; x_wconf 89' lang='lat' dir='ltr'><strong>secundus</strong></span> <span class='ocrx_word' id='word_1_131' title='bbox 1854 1974 1868 1998; x_wconf 81' lang='lat'><strong>‚</strong></span> <span class='ocrx_word' id='word_1_132' title='bbox 1894 1936 2066 1985; x_wconf 89' lang='lat' dir='ltr'><strong>tertius</strong></span> 
     </span>
     <span class='ocr_line' id='line_1_17' title="bbox 292 2023 2068 2091; baseline 0.001 -21"><span class='ocrx_word' id='word_1_133' title='bbox 292 2023 606 2072; x_wconf 86' lang='lat' dir='ltr'><strong>Farnesianae</strong></span> <span class='ocrx_word' id='word_1_134' title='bbox 622 2062 636 2085; x_wconf 83' lang='lat'>‚</span> <span class='ocrx_word' id='word_1_135' title='bbox 673 2035 878 2091; x_wconf 87' lang='lat' dir='ltr'><strong>quartus</strong></span> <span class='ocrx_word' id='word_1_136' title='bbox 905 2024 1184 2073; x_wconf 86' lang='lat' dir='ltr'><strong>Barberinae</strong></span> <span class='ocrx_word' id='word_1_137' title='bbox 1203 2062 1218 2086; x_wconf 83' lang='lat'>‚</span> <span class='ocrx_word' id='word_1_138' title='bbox 1248 2023 1619 2091; x_wconf 84' lang='lat' dir='ltr'><strong>Gottorphianae</strong></span> <span class='ocrx_word' id='word_1_139' title='bbox 1645 2024 1845 2091; x_wconf 88' lang='lat' dir='ltr'><strong>quintus</strong></span> <span class='ocrx_word' id='word_1_140' title='bbox 1860 2061 1873 2083; x_wconf 84' lang='lat'><strong>‚</strong></span> <span class='ocrx_word' id='word_1_141' title='bbox 1902 2033 2068 2072; x_wconf 79' lang='lat' dir='ltr'><strong>sextus</strong></span> 
     </span>
     <span class='ocr_line' id='line_1_18' title="bbox 292 2110 2064 2181; baseline -0.002 -20"><span class='ocrx_word' id='word_1_142' title='bbox 292 2123 339 2161; x_wconf 85' lang='lat' dir='ltr'><strong>et</strong></span> <span class='ocrx_word' id='word_1_143' title='bbox 362 2112 600 2178; x_wconf 89' lang='lat' dir='ltr'><strong>septimus</strong></span> <span class='ocrx_word' id='word_1_144' title='bbox 628 2112 918 2163; x_wconf 88' lang='lat' dir='ltr'><strong>Hafniensis</strong></span> <span class='ocrx_word' id='word_1_145' title='bbox 940 2152 954 2175; x_wconf 80' lang='lat'>‚</span> <span class='ocrx_word' id='word_1_146' title='bbox 1006 2112 1169 2181; x_wconf 83' lang='lat' dir='ltr'><strong>Regiae</strong></span> <span class='ocrx_word' id='word_1_147' title='bbox 1196 2111 1250 2163; x_wconf 91' lang='lat' dir='ltr'><strong>in</strong></span> <span class='ocrx_word' id='word_1_148' title='bbox 1287 2110 1467 2161; x_wconf 89' lang='lat' dir='ltr'><strong>Galliis</strong></span> <span class='ocrx_word' id='word_1_149' title='bbox 1504 2123 1704 2163; x_wconf 86' lang='lat' dir='ltr'><strong>octavus</strong></span> <span class='ocrx_word' id='word_1_150' title='bbox 1735 2110 2064 2161; x_wconf 79' lang='lat' dir='ltr'><strong>bibliothecae.</strong></span> 
     </span>
     <span class='ocr_line' id='line_1_19' title="bbox 291 2199 2061 2261; baseline 0 -15"><span class='ocrx_word' id='word_1_151' title='bbox 291 2199 532 2248; x_wconf 78' lang='lat' dir='ltr'><strong>Praeterea</strong></span> <span class='ocrx_word' id='word_1_152' title='bbox 559 2217 689 2249; x_wconf 90' lang='lat' dir='ltr'><strong>unus</strong></span> <span class='ocrx_word' id='word_1_153' title='bbox 716 2200 1051 2250; x_wconf 88' lang='lat' dir='ltr'><strong>Puteanorum</strong></span> <span class='ocrx_word' id='word_1_154' title='bbox 1078 2201 1293 2250; x_wconf 88' lang='lat' dir='ltr'><strong>fratrum</strong></span> <span class='ocrx_word' id='word_1_155' title='bbox 1307 2238 1322 2261; x_wconf 81' lang='lat'>‚</span> <span class='ocrx_word' id='word_1_156' title='bbox 1353 2200 1478 2249; x_wconf 88' lang='lat' dir='ltr'><strong>alter</strong></span> <span class='ocrx_word' id='word_1_157' title='bbox 1518 2199 1814 2249; x_wconf 85' lang='lat' dir='ltr'><strong>Balthasaris</strong></span> <span class='ocrx_word' id='word_1_158' title='bbox 1841 2199 2026 2248; x_wconf 91' lang='lat' dir='ltr'><strong>Moreti</strong></span> <span class='ocrx_word' id='word_1_159' title='bbox 2047 2237 2061 2261; x_wconf 88' lang='lat'>‚</span> 
     </span>
     <span class='ocr_line' id='line_1_20' title="bbox 292 2285 2069 2356; baseline -0.001 -21"><span class='ocrx_word' id='word_1_160' title='bbox 292 2287 464 2337; x_wconf 89' lang='lat' dir='ltr'><strong>tertius</strong></span> <span class='ocrx_word' id='word_1_161' title='bbox 492 2289 561 2339; x_wconf 93' lang='lat' dir='ltr'><strong>V.</strong></span> <span class='ocrx_word' id='word_1_162' title='bbox 591 2287 669 2338; x_wconf 90' lang='lat' dir='ltr'><strong>Cl.</strong></span> <span class='ocrx_word' id='word_1_163' title='bbox 701 2287 904 2342; x_wconf 87' lang='lat' dir='ltr'><strong>Patricii</strong></span> <span class='ocrx_word' id='word_1_164' title='bbox 924 2287 1085 2339; x_wconf 87' lang='lat' dir='ltr'><strong>Junii.</strong></span> <span class='ocrx_word' id='word_1_165' title='bbox 1112 2289 1187 2337; x_wconf 82' lang='lat' dir='ltr'><strong>Hi</strong></span> <span class='ocrx_word' id='word_1_166' title='bbox 1213 2300 1325 2338; x_wconf 90' lang='lat' dir='ltr'><strong>ante</strong></span> <span class='ocrx_word' id='word_1_167' title='bbox 1349 2287 1732 2356; x_wconf 87' lang='lat' dir='ltr'><strong>quadringentos</strong></span> <span class='ocrx_word' id='word_1_168' title='bbox 1762 2324 1776 2347; x_wconf 81' lang='grc'>,</span> <span class='ocrx_word' id='word_1_169' title='bbox 1807 2297 1891 2335; x_wconf 89' lang='lat' dir='ltr'><strong>aut</strong></span> <span class='ocrx_word' id='word_1_170' title='bbox 1916 2285 2069 2353; x_wconf 86' lang='lat' dir='ltr'><strong>quin-</strong></span> 
     </span>
     <span class='ocr_line' id='line_1_21' title="bbox 294 2371 2065 2445; baseline -0.002 -21"><span class='ocrx_word' id='word_1_171' title='bbox 294 2387 481 2442; x_wconf 83' lang='lat' dir='ltr'><strong>gentos.</strong></span> <span class='ocrx_word' id='word_1_172' title='bbox 497 2394 654 2427; x_wconf 86' lang='lat' dir='ltr'><strong>annos</strong></span> <span class='ocrx_word' id='word_1_173' title='bbox 682 2377 887 2427; x_wconf 85' lang='lat' dir='ltr'><strong>exarati.</strong></span> <span class='ocrx_word' id='word_1_174' title='bbox 918 2376 1123 2445; x_wconf 85' lang='lat' dir='ltr'><strong>Reliqui</strong></span> <span class='ocrx_word' id='word_1_175' title='bbox 1163 2388 1290 2425; x_wconf 85' lang='lat' dir='ltr'><strong>notae</strong></span> <span class='ocrx_word' id='word_1_176' title='bbox 1329 2375 1654 2436; x_wconf 89' lang='lat' dir='ltr'><strong>recentioris;</strong></span> <span class='ocrx_word' id='word_1_177' title='bbox 1683 2373 1910 2423; x_wconf 88' lang='lat' dir='ltr'><strong>Thuanei</strong></span> <span class='ocrx_word' id='word_1_178' title='bbox 1934 2371 2035 2422; x_wconf 92' lang='lat' dir='ltr'><strong>duo</strong></span> <span class='ocrx_word' id='word_1_179' title='bbox 2051 2409 2065 2433; x_wconf 86' lang='lat'>,</span> 
     </span>
     <span class='ocr_line' id='line_1_22' title="bbox 293 2460 2070 2527; baseline -0.003 -14"><span class='ocrx_word' id='word_1_180' title='bbox 293 2464 496 2515; x_wconf 88' lang='lat' dir='ltr'><strong>totidem</strong></span> <span class='ocrx_word' id='word_1_181' title='bbox 524 2465 733 2516; x_wconf 88' lang='lat' dir='ltr'><strong>Medicei</strong></span> <span class='ocrx_word' id='word_1_182' title='bbox 751 2504 765 2527; x_wconf 80' lang='lat'>‚</span> <span class='ocrx_word' id='word_1_183' title='bbox 805 2465 1109 2515; x_wconf 88' lang='lat' dir='ltr'><strong>Combianus</strong></span> <span class='ocrx_word' id='word_1_184' title='bbox 1137 2483 1266 2514; x_wconf 90' lang='lat' dir='ltr'><strong>unus</strong></span> <span class='ocrx_word' id='word_1_185' title='bbox 1288 2502 1301 2526; x_wconf 86' lang='lat'>,</span> <span class='ocrx_word' id='word_1_186' title='bbox 1344 2481 1429 2515; x_wconf 88' lang='lat' dir='ltr'><strong>sex</strong></span> <span class='ocrx_word' id='word_1_187' title='bbox 1461 2463 1731 2524; x_wconf 84' lang='lat' dir='ltr'><strong>Vaticani,</strong></span> <span class='ocrx_word' id='word_1_188' title='bbox 1774 2460 1874 2510; x_wconf 86' lang='lat' dir='ltr'><strong>d&#39;uo</strong></span> <span class='ocrx_word' id='word_1_189' title='bbox 1894 2499 1909 2522; x_wconf 83' lang='lat'>‚</span> <span class='ocrx_word' id='word_1_190' title='bbox 1945 2476 2070 2527; x_wconf 89' lang='lat' dir='ltr'><strong>quos</strong></span> 
     </span>
     <span class='ocr_line' id='line_1_23' title="bbox 293 2548 2067 2614; baseline -0.003 -12"><span class='ocrx_word' id='word_1_191' title='bbox 293 2553 634 2604; x_wconf 86' lang='lat' dir='ltr'><strong>munificentia</strong></span> <span class='ocrx_word' id='word_1_192' title='bbox 659 2555 730 2603; x_wconf 95' lang='lat' dir='ltr'><strong>V.</strong></span> <span class='ocrx_word' id='word_1_193' title='bbox 765 2555 832 2603; x_wconf 89' lang='lat' dir='ltr'><strong>A.</strong></span> <span class='ocrx_word' id='word_1_194' title='bbox 857 2552 1099 2603; x_wconf 86' lang='lat' dir='ltr'><strong>Bernardi</strong></span> <span class='ocrx_word' id='word_1_195' title='bbox 1134 2552 1357 2603; x_wconf 90' lang='lat' dir='ltr'><strong>Medonii</strong></span> <span class='ocrx_word' id='word_1_196' title='bbox 1400 2551 1639 2602; x_wconf 88' lang='lat' dir='ltr'><strong>senatoris</strong></span> <span class='ocrx_word' id='word_1_197' title='bbox 1680 2548 1914 2600; x_wconf 91' lang='lat' dir='ltr'><strong>Tolosani</strong></span> <span class='ocrx_word' id='word_1_198' title='bbox 1948 2565 2067 2614; x_wconf 91' lang='lat' dir='ltr'><strong>pos-</strong></span> 
     </span>
     <span class='ocr_line' id='line_1_24' title="bbox 294 2636 2063 2703; baseline -0.002 -16"><span class='ocrx_word' id='word_1_199' title='bbox 294 2639 430 2690; x_wconf 89' lang='lat' dir='ltr'><strong>sideo</strong></span> <span class='ocrx_word' id='word_1_200' title='bbox 448 2680 462 2703; x_wconf 82' lang='lat'>‚</span> <span class='ocrx_word' id='word_1_201' title='bbox 488 2652 588 2690; x_wconf 90' lang='lat' dir='ltr'><strong>tres</strong></span> <span class='ocrx_word' id='word_1_202' title='bbox 610 2640 844 2691; x_wconf 88' lang='lat' dir='ltr'><strong>Vossiani</strong></span> <span class='ocrx_word' id='word_1_203' title='bbox 859 2679 872 2702; x_wconf 81' lang='lat'>‚</span> <span class='ocrx_word' id='word_1_204' title='bbox 905 2659 1035 2691; x_wconf 89' lang='lat' dir='ltr'><strong>unus</strong></span> <span class='ocrx_word' id='word_1_205' title='bbox 1057 2642 1322 2691; x_wconf 84' lang='lat' dir='ltr'><strong>Batavinus</strong></span> <span class='ocrx_word' id='word_1_206' title='bbox 1342 2679 1356 2703; x_wconf 90' lang='lat'><strong>.,</strong></span> <span class='ocrx_word' id='word_1_207' title='bbox 1390 2652 1438 2690; x_wconf 91' lang='lat' dir='ltr'><strong>et</strong></span> <span class='ocrx_word' id='word_1_208' title='bbox 1454 2639 1709 2689; x_wconf 85' lang='lat' dir='ltr'><strong>Leidensis</strong></span> <span class='ocrx_word' id='word_1_209' title='bbox 1732 2636 2063 2698; x_wconf 68' lang='lat' dir='ltr'><strong>bibliothecae,</strong></span> 
     </span>
     <span class='ocr_line' id='line_1_25' title="bbox 297 2724 2068 2796; baseline -0.004 -18"><span class='ocrx_word' id='word_1_210' title='bbox 297 2739 345 2778; x_wconf 84' lang='lat' dir='ltr'><strong>et</strong></span> <span class='ocrx_word' id='word_1_211' title='bbox 364 2727 850 2796; x_wconf 86' lang='lat' dir='ltr'><strong>Rottendorphianus</strong></span> <span class='ocrx_word' id='word_1_212' title='bbox 864 2767 877 2791; x_wconf 87' lang='lat'>,</span> <span class='ocrx_word' id='word_1_213' title='bbox 902 2741 950 2778; x_wconf 93' lang='lat' dir='ltr'><strong>et</strong></span> <span class='ocrx_word' id='word_1_214' title='bbox 963 2729 1344 2779; x_wconf 84' lang='lat' dir='ltr'><strong>Boxhornianus</strong></span> <span class='ocrx_word' id='word_1_215' title='bbox 1364 2766 1378 2790; x_wconf 88' lang='lat'>‚</span> <span class='ocrx_word' id='word_1_216' title='bbox 1402 2740 1450 2778; x_wconf 89' lang='lat' dir='ltr'><strong>et</strong></span> <span class='ocrx_word' id='word_1_217' title='bbox 1463 2724 1763 2793; x_wconf 81' lang='lat' dir='ltr'><strong>Arondelius</strong></span> <span class='ocrx_word' id='word_1_218' title='bbox 1775 2764 1789 2789; x_wconf 84' lang='lat'>‚</span> <span class='ocrx_word' id='word_1_219' title='bbox 1811 2736 1858 2774; x_wconf 91' lang='lat' dir='ltr'><strong>et</strong></span> <span class='ocrx_word' id='word_1_220' title='bbox 1876 2743 1906 2772; x_wconf 87' lang='lat' dir='ltr'><strong>a</strong></span> <span class='ocrx_word' id='word_1_221' title='bbox 1922 2725 2068 2773; x_wconf 88' lang='lat' dir='ltr'><strong>Petro</strong></span> 
     </span>
     <span class='ocr_line' id='line_1_26' title="bbox 300 2810 2067 2882; baseline -0.004 -17"><span class='ocrx_word' id='word_1_222' title='bbox 300 2816 474 2866; x_wconf 85' lang='lat' dir='ltr'><strong>Servio</strong></span> <span class='ocrx_word' id='word_1_223' title='bbox 491 2817 690 2867; x_wconf 89' lang='lat' dir='ltr'><strong>Medico</strong></span> <span class='ocrx_word' id='word_1_224' title='bbox 705 2819 930 2867; x_wconf 85' lang='lat' dir='ltr'><strong>Romano</strong></span> <span class='ocrx_word' id='word_1_225' title='bbox 947 2817 1074 2866; x_wconf 89' lang='lat' dir='ltr'><strong>mihi</strong></span> <span class='ocrx_word' id='word_1_226' title='bbox 1098 2818 1326 2867; x_wconf 85' lang='lat' dir='ltr'><strong>donatus.</strong></span> <span class='ocrx_word' id='word_1_227' title='bbox 1350 2816 1581 2882; x_wconf 87' lang='lat' dir='ltr'><strong>Denique</strong></span> <span class='ocrx_word' id='word_1_228' title='bbox 1595 2854 1609 2877; x_wconf 89' lang='lat'>‚</span> <span class='ocrx_word' id='word_1_229' title='bbox 1632 2831 1739 2881; x_wconf 86' lang='lat' dir='ltr'><strong>quae</strong></span> <span class='ocrx_word' id='word_1_230' title='bbox 1762 2810 1947 2880; x_wconf 84' lang='lat' dir='ltr'><strong>negligi</strong></span> <span class='ocrx_word' id='word_1_231' title='bbox 1973 2828 2067 2859; x_wconf 92' lang='lat' dir='ltr'><strong>ne-</strong></span> 
     </span>
    </p>
   </div>
   <div class='ocr_carea' id='block_1_6' title="bbox 2092 2424 2146 2469">
    <p class='ocr_par' dir='ltr' id='par_1_6' title="bbox 2092 2424 2146 2469">
     <span class='ocr_line' id='line_1_27' title="bbox 2092 2424 2146 2469; baseline -0.056 -2"><span class='ocrx_word' id='word_1_232' title='bbox 2092 2424 2146 2469; x_wconf 55' lang='grc' dir='ltr'><strong>ἒ..</strong></span> 
     </span>
    </p>
   </div>
   <div class='ocr_carea' id='block_1_7' title="bbox 297 2897 2068 3154">
    <p class='ocr_par' dir='ltr' id='par_1_7' title="bbox 297 2897 2068 3154">
     <span class='ocr_line' id='line_1_28' title="bbox 297 2897 2068 2974; baseline -0.004 -20"><span class='ocrx_word' id='word_1_233' title='bbox 297 2923 545 2974; x_wconf 87' lang='lat' dir='ltr'><strong>quaquam</strong></span> <span class='ocrx_word' id='word_1_234' title='bbox 568 2906 771 2967; x_wconf 87' lang='lat' dir='ltr'><strong>debent,</strong></span> <span class='ocrx_word' id='word_1_235' title='bbox 788 2906 1024 2956; x_wconf 88' lang='lat' dir='ltr'><strong>lectiones</strong></span> <span class='ocrx_word' id='word_1_236' title='bbox 1038 2905 1242 2956; x_wconf 84' lang='lat' dir='ltr'><strong>diversae</strong></span> <span class='ocrx_word' id='word_1_237' title='bbox 1262 2923 1325 2954; x_wconf 85' lang='lat' dir='ltr'><strong>ex</strong></span> <span class='ocrx_word' id='word_1_238' title='bbox 1346 2905 1532 2971; x_wconf 87' lang='lat' dir='ltr'><strong>optimo</strong></span> <span class='ocrx_word' id='word_1_239' title='bbox 1559 2901 1918 2968; x_wconf 81' lang='lat' dir='ltr'><strong>veterrimoque</strong></span> <span class='ocrx_word' id='word_1_240' title='bbox 1935 2897 2068 2948; x_wconf 91' lang='lat' dir='ltr'><strong>libro</strong></span> 
     </span>
     <span class='ocr_line' id='line_1_29' title="bbox 299 2986 2067 3063; baseline -0.003 -22"><span class='ocrx_word' id='word_1_241' title='bbox 299 2992 362 3041; x_wconf 92' lang='lat' dir='ltr'><strong>ad</strong></span> <span class='ocrx_word' id='word_1_242' title='bbox 388 3011 527 3043; x_wconf 90' lang='lat' dir='ltr'><strong>oram</strong></span> <span class='ocrx_word' id='word_1_243' title='bbox 553 2995 856 3063; x_wconf 81' lang='lat' dir='ltr'><strong>Gryphianae</strong></span> <span class='ocrx_word' id='word_1_244' title='bbox 871 2994 1101 3045; x_wconf 90' lang='lat' dir='ltr'><strong>editionis</strong></span> <span class='ocrx_word' id='word_1_245' title='bbox 1128 3002 1158 3041; x_wconf 83' lang='lat' dir='ltr'><strong>a</strong></span> <span class='ocrx_word' id='word_1_246' title='bbox 1182 3009 1363 3059; x_wconf 86' lang='lat' dir='ltr'><strong>magno</strong></span> <span class='ocrx_word' id='word_1_247' title='bbox 1381 2990 1636 3059; x_wconf 85' lang='lat' dir='ltr'><strong>Scaligero</strong></span> <span class='ocrx_word' id='word_1_248' title='bbox 1653 3000 1854 3052; x_wconf 79' lang='lat' dir='ltr'><strong>notatae,</strong></span> <span class='ocrx_word' id='word_1_249' title='bbox 1886 2999 1935 3038; x_wconf 89' lang='lat' dir='ltr'><strong>et</strong></span> <span class='ocrx_word' id='word_1_250' title='bbox 1960 2986 2067 3036; x_wconf 81' lang='lat' dir='ltr'><strong>aliae</strong></span> 
     </span>
     <span class='ocr_line' id='line_1_30' title="bbox 299 3080 1712 3154; baseline -0.001 -24"><span class='ocrx_word' id='word_1_251' title='bbox 299 3099 360 3130; x_wconf 83' lang='lat' dir='ltr'><strong>ex</strong></span> <span class='ocrx_word' id='word_1_252' title='bbox 386 3084 608 3136; x_wconf 89' lang='lat' dir='ltr'><strong>Mediceo</strong></span> <span class='ocrx_word' id='word_1_253' title='bbox 635 3083 940 3154; x_wconf 82' lang='lat' dir='ltr'><strong>exemplari,</strong></span> <span class='ocrx_word' id='word_1_254' title='bbox 972 3102 1072 3154; x_wconf 85' lang='lat' dir='ltr'><strong>quo</strong></span> <span class='ocrx_word' id='word_1_255' title='bbox 1089 3081 1366 3133; x_wconf 87' lang='lat' dir='ltr'><strong>Politianus</strong></span> <span class='ocrx_word' id='word_1_256' title='bbox 1392 3098 1508 3132; x_wconf 90' lang='lat' dir='ltr'><strong>usus</strong></span> <span class='ocrx_word' id='word_1_257' title='bbox 1535 3080 1712 3132; x_wconf 78' lang='lat' dir='ltr'><strong>fuerat.</strong></span> 
     </span>
    </p>
   </div>
   <div class='ocr_carea' id='block_1_8' title="bbox 1460 3202 1485 3224">
    <p class='ocr_par' dir='ltr' id='par_1_8' title="bbox 1460 3202 1485 3224">
     <span class='ocr_line' id='line_1_31' title="bbox 1460 3202 1485 3224; baseline 0 0"><span class='ocrx_word' id='word_1_258' title='bbox 1460 3202 1485 3224; x_wconf 64' lang='grc' dir='ltr'><em>Ῠ</em></span> 
     </span>
    </p>
   </div>
  </div>
 </body>
</html>
