2280 3776
449 379 562 433 EX
603 377 897 434 PONTO
937 378 1095 431 LIB.
1139 378 1228 431 II.
1275 378 1556 434 EPIST.
1599 382 1796 437 VIII.
1893 388 1998 441 355

323 494 561 577 Visaque
597 507 724 554 sunt
755 491 913 552 dictis
940 491 1177 551 adnuere
1207 516 1303 552 ora
1330 480 1480 554 meis.

242 591 384 651 Vera
405 639 420 663 ‚
450 612 672 674 precor,
693 588 827 649 fiant
858 587 1057 649 timidae
1087 589 1344 672 praesagia
1374 583 1602 663 menti83
1946 614 2000 671 75

321 689 589 770 Justaque
621 684 865 769 quamvis
894 700 1008 758 est,
1040 685 1112 747 sit
1137 686 1319 746 minor
1350 687 1429 747 ira
1456 687 1576 748 Dei.

241 854 295 863 --
305 832 481 887 Varoque
497 839 594 874 sunt
608 827 743 875 datrae.
764 829 980 887 Imagines
992 828 1081 874 istae
1219 831 1281 887 76.
1296 832 1501 887 Justaque
1516 836 1703 889 quamvis
1716 840 1791 878 est.
1802 836 2005 892 Juxtaque

242 896 340 940 visae
357 905 458 940 sunt
481 895 586 939 mihi
619 896 823 939 assentire
840 929 852 950 ,
876 905 924 939 ut
949 894 1084 940 velint
1162 901 1420 952 quantumuis
1444 898 1606 942 malim.
1626 897 1684 942 H.
1700 922 1754 932 —
1772 900 1861 943 Nos
1884 918 2004 956 prae-

241 960 480 1004 concedere
499 961 638 1005 locum
662 961 791 1005 exsilii
811 960 947 1018 magis
963 976 1084 1005 com·
1163 961 1340 1005 tulimus
1351 961 1468 1019 quod
1486 963 1673 1019 probant
1689 965 1824 1008 nostri
1846 964 1944 1011 CC.
1960 975 2004 1011 et

206 1053 210 1057 ·
243 1024 440 1069 modum.
1164 1023 1391 1083 ingenium
1413 1036 1562 1083 poetae.

785 1280 1295 1351 EPISTOLA
1345 1283 1474 1353 IX.

1037 1421 1223 1437 m

848 1561 1121 1623 COTYI
1164 1561 1393 1623 REGI.

827 1831 1431 1883 ARGUMENTUM.

250 1956 404 2017 Cotyis
432 1956 630 2002 Thraciae
657 1958 770 2016 regis
804 1956 1010 2001 auxilium
1040 1958 1277 2016 implorat,
1311 1974 1503 2016 eumque
1530 1968 1575 2003 et
1603 1960 1780 2018 originis
1800 1961 2024 2005 nobilitate

302 2030 613 2088 conspicuum,
656 2038 700 2074 et
733 2030 1007 2085 studiorum,
1043 2048 1219 2088 poeseos
1259 2033 1502 2089 praesertim
1529 2065 1541 2088 ,
1575 2032 1807 2077 dulcedine
1848 2043 2024 2090 captum

306 2109 455 2158 rogat,
477 2109 526 2145 ut
545 2100 625 2144 sibi
647 2101 780 2146 exsuli
797 2102 843 2145 in
862 2100 1018 2166 vicinia
1039 2109 1135 2145 tuto
1156 2089 1314 2166 degere
1337 2100 1476 2146 liceat.

252 2228 510 2316 Remi
539 2253 828 2335 progenies
846 2299 861 2324 ‚
893 2254 982 2314 cui
1012 2253 1324 2314 nobilitatis
1353 2254 1515 2332 origo

327 2353 546 2412 Nomen
574 2349 630 2417 in
660 2348 924 2432 Eumolpi
951 2351 1198 2433 per'venit
1227 2373 1434 2432 usque,
1471 2349 1638 2432 Coty3

252 2447 416 2506 Fama
442 2446 646 2529 loquax
674 2461 879 2505 vestras
909 2446 955 2505 si
982 2446 1091 2526 jam
1120 2444 1366 2527 pervenit
1393 2443 1460 2502 ad
1492 2467 1675 2514 θυι-εδ,

334 2541 430 2600 Me
460 2541 565 2601 tibi
592 2539 809 2600 finitimi
837 2553 989 2623 parte
1016 2540 1189 2621 jacere
1215 2538 1351 2611 soli3

253 2634 532 2719 supplicis
562 2633 779 2707 exaudi,
809 2635 1066 2716 juvenum
1094 2632 1406 2705 mitissime,
1439 2656 1627 2693 vocem
1653 2657 1666 2692 :
1996 2650 2022 2692 5

314 2804 348 2835 1.
366 2793 590 2846 Cote'regia
606 2793 835 2846 progenies.
855 2789 991 2833 Hunc
1009 2787 1099 2832 Co·
1178 2797 1297 2843 tum,
1318 2788 1390 2832 lib.
1411 2789 1477 2840 ΙΙ,
1499 2798 1543 2832 et
1564 2805 1696 2846 quem
1717 2788 1835 2831 idem
1850 2796 2023 2842 auctor,

256 2856 367 2900 tium
383 2889 395 2911 ,
427 2855 567 2899 filium
589 2855 700 2912 regis
724 2854 922 2898 Thraciae
942 2862 987 2897 et
1007 2853 1101 2897 Ge—
1177 2863 1228 2898 ut
1247 2863 1291 2897 et
1310 2854 1492 2907 Strabo,
1521 2854 1592 2897 lib.
1616 2854 1727 2904 XII,
1753 2855 1896 2912 Cotym
1911 2887 1923 2902 ‚
1947 2869 2027 2908 per

257 2929 426 2974 tarum,
447 2921 578 2964 fuisse
596 2920 698 2964 libet
715 2919 942 2976 suspicari,
966 2932 1100 2975 quem
1173 2935 1207 2978 y
1226 2919 1439 2960 nominat.
1463 2918 1602 2974 Quod
1632 2919 1819 2961 libenter
1842 2933 2025 2973 sequor,

260 2984 540 3043 Tranquillus
568 2990 800 3031 Cothonea)
822 2986 1019 3043 adpellat.
1038 2985 1111 3028 M.·
1183 2992 1229 3028 et
1269 2993 1519 3039 temporum
1565 2984 1732 3028 ratione
1768 2983 1914 3026 habita
1930 3014 1943 3035 ‚
1984 2990 2030 3025 et

260 3054 509 3095 a—Pmemi
524 3068 650 3109 usqua·
672 3054 774 3097 Coti.
798 3052 928 3095 Varie
950 3050 1104 3096 inseri·
1186 3065 1382 3107 personae
1412 3049 1663 3104 qualitatem
1680 3081 1692 3103 ‚
1726 3056 1771 3090 et
1799 3047 2027 3104 ingenium

262 3115 382 3159 bitur
395 3115 486 3159 liaec
503 3116 651 3173 Elegia
671 3135 682 3167 ς
700 3117 769 3159 alii
786 3116 839 3159 ad
859 3119 1019 3160 Catium
1036 3116 1106 3159 ha·
1185 3131 1287 3160 cum
1308 3114 1388 3157 hac
1409 3113 1697 3171 descriptione
1714 3112 1963 3156 conferens.
1988 3111 2031 3154 Is

264 3179 382 3222 bent.
406 3177 524 3222 Infra
544 3179 699 3222 eadem
721 3180 869 3237 Elegia
898 3180 1075 3236 ponitur
1090 3211 1104 3234 ,
1189 3181 1308 3224 enim
1332 3188 1377 3222 et
1395 3179 1661 3235 temporibus
1677 3177 1863 3234 Augusti
1878 3192 2033 3233 supre-

269 3244 308 3286 0
325 3246 448 3302 Coty.
464 3248 678 3298 progenies
686 3247 819 3298 digna
828 3255 1001 3299 parente
1018 3252 1105 3299 tuo,
1187 3247 1271 3290 mis
1292 3245 1419 3298 vixit,
1440 3253 1485 3287 et
1506 3244 1558 3286 ab
1577 3243 1735 3286 eodem
1756 3243 1952 3299 Augusto
1969 3256 2039 3284 re-

266 3310 338 3352 ubi
359 3309 575 3352 vocativus
598 3311 712 3368 Coty,
737 3326 824 3352 non
844 3326 866 3352 a
881 3320 999 3354 recto
1016 3310 1109 3354 Co·
1195 3311 1268 3367 gni
1291 3309 1330 3351 T
1333 3308 1549 3351 hracensis
1568 3316 1735 3364 partem
1757 3307 1931 3362 accepit.

267 3375 352 3418 tius
367 3407 377 3427 ‚
396 3373 468 3417 sed
485 3390 508 3416 a
526 3375 650 3432 Cotys
666 3375 778 3417 tertii
793 3374 957 3418 ordinis
977 3374 1110 3419 flecti·
1250 3393 1287 3417 2.
1318 3376 1511 3418 Perveni!
1540 3390 1667 3430 usqne
1693 3382 1773 3416 etc.
1804 3370 2043 3416 Descendit

267 3446 351 3482 tur.
377 3439 579 3498 Micyllus
600 3439 652 3482 de
674 3455 726 3481 eo
749 3438 867 3498 Coty
884 3439 954 3482 hic
979 3439 1110 3483 intel·
1198 3458 1335 3498 usque
1349 3442 1402 3484 ab
1419 3440 1654 3497 Eumolpo;
1673 3439 1914 3496 Eumolpus
1925 3438 2045 3480 enim

268 3504 390 3559 tigit,
417 3506 541 3562 cujus
569 3506 735 3549 menti-o
762 3505 813 3549 fit
836 3505 950 3562 apud
972 3506 1109 3549 Taci-
1194 3505 1391 3562 Neptuni
1407 3514 1453 3549 et
1472 3503 1693 3559 Chiones,
1708 3520 1807 3560 qua
1819 3504 1971 3549 Boreae
1991 3509 2037 3543 et
