2280 3776
492 304 603 359 EX
645 299 954 357 PONTO
993 301 1152 355 LIB.
1198 300 1291 354 ΙΙ.
1338 299 1613 356 EPIST.
1658 305 1746 357 ΙΙ.

1908 309 2015 383 317

320 423 450 483 Non
479 436 657 481 tamen
688 417 918 490 efficieS‚
947 431 1012 478 ut
1039 417 1260 478 timeare
1287 414 1439 477 mihi.

243 518 458 602 Puppis
489 513 908 578 Achaemeniden
945 513 1170 574 Graium
1201 515 1439 595 Trojana
1468 514 1709 597 recepit7.
1968 539 2020 577 25

326 614 550 675 Profuit
576 628 631 674 et
657 615 824 696 Myso
852 609 1030 673 Pelias
1059 611 1218 671 hasta
1246 609 1389 670 duci.

253 710 519 789 Confugit
549 708 822 771 interdum
855 706 1045 791 templi
1077 705 1311 768 violator
1338 706 1407 766 ad
1436 730 1579 767 aram
1598 752 1614 778 ‚

329 809 444 868 Nec
471 820 654 890 petere
686 804 883 866 ossensi
912 803 1155 865 numinis
1182 804 1373 865 horret
1403 827 1580 886 opem.

250 901 465 962 Dixerit
490 901 597 962 hoc
626 900 826 984 aliquis
857 914 1038 962 tutum
1066 924 1182 962 non
1212 924 1362 973 esse3
1394 900 1656 971 fatemur,

330 998 438 1060 Sed
471 1022 583 1059 non
607 1021 706 1081 per
728 997 972 1081 placidas
1001 998 1045 1058 it
1072 1021 1189 1059 mea
1220 998 1425 1082 puppis
1452 1021 1642 1081 aquas.
1972 1017 2024 1059 30
2100 1065 2113 1073 ,

248 1096 393 1156 Tuta
421 1110 611 1178 petant
637 1095 728 1155 alii
761 1116 772 1151 :
799 1094 1022 1156 fortuna
1046 1095 1348 1157 miserrima
1379 1108 1499 1155 tuta
1529 1112 1643 1165 est;

328 1193 468 1252 Nam
495 1192 660 1253 timor
688 1207 915 1253 eventus
945 1191 1230 1272 deterioris
1256 1191 1426 1252 abest.

246 1338 404 1396 efficies
436 1355 560 1384 versu
591 1339 788 1396 proximo
820 1339 1021 1383 Politian.
1051 1347 1095 1381 et

251 1406 460 1451 Arondel.
481 1406 658 1466 eſjfcias.
683 1407 850 1451 Hltms.

307 1471 371 1516 26.
391 1475 551 1529 Puppis
569 1473 903 1516 Achemem'den.
927 1471 1092 1515 Notum

251 1546 316 1583 est
354 1537 727 1597 quemadmodum
765 1536 1094 1582 Achaemenides

252 1619 398 1648 comes
438 1603 619 1649 infelicis
657 1603 822 1663 Ulyssis
862 1603 908 1646 in
953 1602 1095 1646 Sicilia

254 1668 410 1713 AEneae
433 1684 590 1714 navem
616 1668 865 1723 adscendit,
894 1684 1025 1724 seque
1049 1684 1096 1711 ac

255 1734 470 1791 Troianos
491 1750 644 1778 omnes
662 1732 859 1778 liberavit
888 1750 911 1777 a
938 1732 1100 1793 Cyclo-

255 1816 361 1859 pum
387 1801 546 1845 saevitia
561 1834 572 1855 ,
605 1810 655 1846 ut
675 1801 990 1859 elegantissime
1011 1800 1098 1845 de-

253 1864 402 1909 scribit
420 1863 576 1923 Virgil.
591 1865 695 1908 AEn.
716 1865 786 1908 lib.
800 1866 869 1910 111
886 1898 896 1919 ‚
915 1866 993 1909 588
1007 1881 1098 1921 sqq.

308 1928 375 1972 26.
390 1929 518 1988 Myso
535 1931 645 1973 duci.
661 1929 859 1985 Telepho
877 1929 968 1987 regi
993 1929 1100 1988 My-

252 1991 348 2047 sia,
379 1993 612 2052 provincio
637 1993 838 2053 Phrygiae
857 2027 869 2048 ‚
894 2009 989 2050 quae
1014 1994 1100 2037 ad-

250 2058 365 2114 iacet
381 2052 671 2117 Hellesponto
693 2075 703 2103 ε
723 2059 847 2116 cujus
871 2059 1099 2103 historiam

252 2122 425 2167 abunde
456 2122 642 2168 diximus
670 2124 718 2167 in
745 2124 890 2181 primo
918 2122 972 2167 de
1000 2124 1100 2167 Re·-

253 2188 400 2233 medio
413 2188 785 2234 amoris—Pelias
804 2191 941 2233 kasta.
964 2189 1102 2232 Hasta

255 2251 552 2299 Achillis-Hoc
560 2254 692 2312 igitur
699 2262 742 2298 et
749 2270 913 2310 sequen
919 2253 949 2297 ti
959 2269 1102 2297 exem-

255 2318 328 2375 plo
350 2317 599 2376 Augustum
619 2318 699 2363 sibi
720 2318 948 2362 inimicum
967 2317 1103 2361 mini—

256 2398 328 2426 me
355 2382 605 2431 timendum
636 2398 726 2426 esse
758 2381 919 2440 colligit
948 2390 1102 2439 poeta:

256 2446 471 2504 siquidem
490 2446 634 2492 hostes
650 2462 952 2504 sepenumero
970 2447 1102 2491 etiam

257 2512 437 2570 benigni
447 2513 645 2556 exstitere
651 2512 699 2555 in
708 2528 781 2556 eos
789 2527 897 2569 quos
905 2511 1103 2555 oderant.

315 2595 382 2636 27.
399 2579 760 2633 Templt'violator.
781 2579 1018 2620 Temerator
1026 2576 1105 2619 Fe-

259 2644 459 2690 schianus
471 2662 485 2697 ;
499 2644 681 2689 rectius:
698 2645 852 2689 Festus
866 2677 878 2699 ‚
896 2662 919 2682 «
940 2644 1105 2688 Teme-

260 2726 358 2755 rare
374 2742 387 2765 ,
409 2709 570 2754 violare
585 2725 705 2753 sacra
717 2719 762 2753 et
777 2710 1075 2754 contaminare
1091 2743 1103 2765 ‚

262 2775 430 2830 dictum
449 2775 650 2819 videlicet
669 2791 693 2819 a
712 2776 958 2820 temeritate
974 2792 985 2819 :
1001 2794 1022 2813 »
1038 2791 1107 2831 ap.

261 2841 416 2900 virgil.
432 2841 536 2885 AEn.
549 2841 619 2886 lib.
633 2842 703 2885 VI
717 2874 730 2896 ‚
746 2858 806 2885 vs.
819 2844 918 2895 841:
937 2860 958 2880 «
974 2842 1107 2887 Ultus

262 2921 363 2950 avos
375 2906 524 2963 Trojae
535 2939 546 2959 ,
562 2906 724 2963 templa
739 2915 783 2950 et
797 2914 1009 2949 temerata
1021 2906 1108 2948 Mi-

263 2985 432 3022 nervam
454 2988 475 3007 ι·
492 2969 771 3028 Propertius,
794 2970 866 3015 lib.
885 2971 967 3025 IV,
986 2970 1106 3028 Eleg-

263 3047 312 3077 1x
325 3067 338 3090 ,
359 3033 413 3078 de
432 3051 506 3079 ara
522 3035 725 3080 Herculis
741 3070 754 3090 ,
775 3053 835 3080 vs.
852 3037 930 3094 69:
953 3054 975 3075 «
1000 3036 1109 3079 Haec

263 3098 392 3144 nullis
429 3115 625 3156 unquam
668 3109 811 3157 pateat
852 3101 1110 3144 temeranda

265 3161 432 3220 puellis.
447 3181 470 3202 υ
493 3164 558 3207 lta
570 3164 707 3208 scribe
724 3167 983 3208 :veneranda
995 3165 1107 3208 male

266 3227 352 3272 illic
363 3236 521 3281 exstat3
543 3228 740 3272 Tibullus
753 3261 764 3283 ,
780 3229 851 3272 lib.
866 3230 959 3283 111,
980 3230 1107 3285 E1.v‚

268 3308 327 3337 vs.
346 3309 366 3348 7
383 3307 393 3334 ε
412 3310 433 3329 κ
457 3293 559 3336 Non
574 3307 655 3350 ego
667 3293 831 3336 tentavi
844 3294 951 3337 nulli
969 3303 1111 3337 teme-

268 3357 406 3402 randa
422 3357 618 3401 virorum
634 3357 788 3402 Audax
803 3357 1031 3418 laudandae
1047 3375 1112 3404 sa-

271 3437 343 3466 cra
360 3422 517 3466 docere
539 3422 660 3467 Deae.
680 3441 702 3460 »
735 3423 895 3467 Noster
917 3422 1030 3468 Fast.
1059 3425 1107 3477 1,

1176 1356 1226 1382 cx
1253 1339 1438 1397 vestigiis
1467 1338 1742 1383 vetustissimi
1768 1338 1892 1395 libri,
1915 1342 2024 1385 630:

1179 1422 1200 1443 α
1217 1405 1283 1450 Ne
1302 1414 1522 1450 temer-ent
1540 1422 1672 1463 puros
1692 1408 1934 1451 exanimata
1957 1408 2028 1451 so-

1178 1487 1261 1515 cos.
1280 1490 1299 1509 »
1325 1473 1374 1516 ln
1393 1472 1514 1516 Ibide
1532 1481 1678 1516 tamen
1694 1506 1707 1527 ‚
1723 1474 1803 1517 313
1818 1490 1858 1516 :u
1876 1474 2026 1531 thue

1177 1535 1297 1579 Jovis
1325 1535 1471 1595 Libyci
1502 1538 1713 1595 templum
1748 1538 1907 1582 violare
1940 1556 2025 1597 pa-

1177 1609 1324 1645 rentes
1345 1619 1357 1654 ;
1388 1620 1410 1639 ›·
1437 1602 1550 1658 apud
1576 1602 1794 1647 Velleium
1822 1619 1995 1661 quoque
2014 1638 2026 1658 ,

1178 1666 1249 1710 lib.
1280 1666 1325 1710 11
1352 1682 1361 1709 :
1388 1684 1409 1703 κ
1434 1666 1602 1711 Omnia
1624 1668 1765 1725 pretio
1787 1677 1997 1713 temerata
2015 1702 2026 1723 ,

1177 1732 1398 1778 vendente
1428 1735 1743 1791 rempublicam
1773 1737 1949 1780 consule
1973 1755 1983 1789 3
2006 1756 2029 1775 ›-

1178 1798 1251 1841 ubi
1272 1807 1499 1855 temperata
1519 1816 1638 1845 nunc
1657 1801 1815 1858 legitur
1830 1818 1840 1845 :
1854 1811 2029 1845 temera-

1177 1880 1238 1913 re,
1262 1879 1544 1921 corrumpere
1561 1883 1571 1914 ;
1594 1866 1817 1922 sie-fluvios
1833 1875 2031 1910 temerare

1177 1932 1347 1972 venenis
1373 1937 1525 1973 nostro
1554 1928 1665 1972 Met.
1686 1930 1777 1974 Vll
1794 1963 1806 1984 ,
1838 1946 1897 1974 vs.
1921 1931 2000 1974 535
2016 1964 2028 1985 ‚

1179 2000 1223 2035 et
1235 2009 1409 2047 corpora
1422 1992 1623 2047 nefandis
1636 1996 1818 2048 dapibus
1837 2003 2033 2039 temerare

1180 2057 1290 2100 Met.
1311 2057 1415 2111 XV,
1429 2074 1487 2101 vs.
1506 2060 1579 2113 753
1596 2058 1797 2112 Tacitus,
1814 2060 1928 2103 Hist.
1947 2060 2029 2114 IV,

1179 2138 1271 2178 cap.
1294 2122 1346 2164 53
1366 2138 1415 2165 :n
1440 2123 1619 2179 Iniecta
1639 2122 1940 2167 fundamentis
1962 2141 2036 2168 ar—

1182 2186 1300 2242 genti
1322 2187 1503 2243 aurique
1527 2187 1678 2244 stipes‚
1702 2189 2034 2232 etmetallorum

1182 2251 1384 2307 primitie
1431 2252 1561 2295 nullis
1600 2252 1851 2297 fornacibus
1898 2254 2035 2299 victae.

1184 2314 1430 2359 Praedixere
1453 2315 1700 2373 haruspices
1714 2349 1727 2371 ,
1759 2333 1816 2360 ne
1839 2327 2034 2362 temera-

1183 2389 1307 2423 retur
1334 2396 1442 2436 opus
1474 2397 1575 2424 saxo
1595 2414 1608 2436 ‚
1644 2398 1805 2426 aurove
1838 2383 1885 2426 in
1919 2385 2034 2430 aliud

1184 2445 1413 2491 destinato.
1430 2465 1451 2485 »
1477 2448 1644 2492 Han-ts.

1240 2529 1305 2571 29.
1319 2514 1492 2556 Dixerit
1501 2516 1582 2557 hoc
1594 2518 1763 2571 aliquis.
1779 2515 2037 2573 Respondet

1185 2577 1287 2621 huic
1305 2579 1547 2634 questioni.
1568 2579 1721 2623 Posset
1741 2581 1861 2623 enim
1885 2581 2037 2639 aliquis

1185 2642 1349 2687 dicere:
1366 2643 1572 2700 exemplis
1589 2644 1768 2701 probas,
1786 2655 1935 2703 poeta,
1956 2649 2037 2691 mi-

1187 2707 1308 2750 nime
1331 2708 1578 2752 timendum
1599 2724 1692 2752 esse
1709 2709 1934 2754 offensum
1948 2713 2038 2755 Au-

1187 2771 1299 2827 gusti
1320 2788 1489 2816 numen
1519 2789 1530 2816 :
1561 2789 1644 2830 ego
1670 2790 1775 2818 vero
1807 2776 2038 2819 consilium

1187 2845 1315 2880 tuum
1328 2853 1485 2882 censeo
1496 2855 1587 2882 non
1605 2855 1695 2883 esse
1709 2849 1855 2883 tutum
1868 2874 1880 2895 ,
1898 2841 1951 2884 ab
1963 2841 2041 2884 ini·

1187 2902 1303 2946 mico
1315 2902 1498 2946 salutem
1521 2913 1566 2947 et
1586 2905 1700 2947 bona
1717 2913 1880 2960 petere.
1901 2905 2037 2962 Quod

1189 2977 1233 3011 et
1258 2967 1422 3011 fatetur
1434 2968 1648 3013 Ovidius:
1665 2970 1742 3013 sed
1753 2970 1876 3014 addit
1890 3003 1902 3025 ‚
1920 2988 1965 3014 se
1976 2987 2044 3015 co-

1190 3033 1230 3090 gi
1250 3034 1370 3089 quasi
1390 3049 1469 3090 per
1481 3043 1785 3091 tempestatem
1799 3068 1811 3088 ,
1830 3036 1875 3078 in
1894 3053 2042 3093 quem—

1190 3098 1253 3142 vis
1276 3107 1455 3154 portum
1475 3099 1728 3157 confugere.
1751 3102 1899 3145 Ροιῖτ.

1245 3165 1313 3206 30.
1333 3166 1433 3207 Mea
1451 3169 1585 3208 navis.
1604 3168 1765 3220 Puppis
1779 3165 1982 3211 Politian.
1999 3177 2046 3211 et

1190 3244 1262 3272 sex
1282 3228 1365 3272 alii.
1386 3229 1554 3273 Hssms.

1246 3295 1313 3337 31.
1342 3296 1528 3338 Fortuna
1554 3299 1787 3339 misem'ma
1814 3304 1895 3340 etc.
1923 3296 2043 3352 Quia

1192 3358 1298 3402 nihil
1320 3359 1506 3403 miseriae
1523 3359 1727 3404 accedere
1748 3360 1800 3403 ad
1821 3377 2040 3403 summam

1193 3433 1335 3480 potest
1351 3441 1361 3468 t
1381 3440 1463 3469 nec
1475 3425 1598 3468 enim
1610 3441 1784 3470 summa
1801 3425 1931 3469 foret.
1954 3427 2005 3469 P.
