2280 3776
157 402 180 411 ‚‚
232 329 342 405 476

703 333 764 385 Ρ.
815 332 1108 389 OVIDII
1157 335 1536 393 NASONIS

312 447 563 529 Remque
597 461 744 507 tuam
777 472 954 532 ponas
984 450 1041 510 in
1070 449 1294 511 meliore
1327 451 1484 514 loco!

233 542 404 622 Quod
434 543 692 625 quoniam
722 544 776 604 in
807 546 909 606 Dis
941 561 1050 619 est,
1083 562 1229 608 tenta
1261 548 1428 610 lenire
1452 550 1723 635 precando

311 638 580 709 Numina,
612 654 879 722 perpetua
909 666 1029 724 quae
1060 644 1263 725 pietate
1292 646 1443 707 colis.

228 733 447 793 Erroris
475 758 597 794 nam
631 750 719 808 tu,
751 736 839 796 vix
872 752 953 797 est
983 738 1316 812 discernere,
1348 743 1525 803 nostri
1954 762 2007 804 25

312 829 398 890 Sis
426 847 810 910 argumentum
841 834 1016 914 majus
1035 883 1049 908 ‚
1079 860 1148 895 an
1179 836 1457 897 auxilium.

229 929 343 987 Nec
375 927 637 990 dubitans
666 954 765 990 oro
794 955 805 990 ε
838 931 933 991 sed
956 932 1178 993 flumine
1210 957 1352 1016 saepe
1382 934 1620 995 secundo

308 1026 562 1104 Augetur
589 1028 753 1089 remis
783 1048 976 1089 cursus
1009 1029 1190 1089 euntis
1219 1053 1388 1112 aquae.

229 1123 304 1181 Et
329 1123 503 1205 pudet
520 1170 534 1195 ‚
569 1139 622 1184 et
649 1140 865 1197 metuo,
897 1150 1219 1210 semperque
1246 1126 1544 1210 eademque
1571 1127 1808 1210 precari3

309 1223 393 1281 Ne
424 1223 660 1283 subeant
690 1224 870 1285 animo
901 1225 1061 1286 taedia
1079 1226 1228 1306 justa
1257 1240 1371 1285 tuo.
1955 1246 2009 1286 30

227 1317 434 1377 Verum
467 1318 602 1400 quid
631 1321 865 1379 faciam?
886 1344 972 1381 res
1000 1321 1355 1381 immoderata
1386 1321 1586 1403 cupido
1617 1335 1697 1382 est
1723 1345 1736 1380 :

309 1412 395 1471 Da
422 1413 633 1474 veniam
659 1414 822 1487 vitio,
856 1416 1006 1477 mitis
1033 1416 1202 1476 amice
1220 1463 1235 1489 ‚
1267 1440 1408 1477 meo.
1460 1454 1463 1457 -

230 1510 481 1571 Scribere
510 1536 650 1595 saepe
680 1512 828 1574 aliud
859 1514 1086 1598 cupiens
1120 1513 1345 1575 delabor
1374 1514 1566 1575 eodem
1591 1539 1603 1574 ε

306 1608 433 1689 Ipsa
460 1606 644 1668 locum
674 1632 772 1692 per
802 1634 859 1670 se
889 1609 1045 1670 litera
1071 1625 1263 1672 nostra
1287 1625 1463 1688 rogat.

228 1703 336 1764 Seu
365 1719 543 1766 tamen
572 1705 801 1768 effectus
828 1706 1085 1768 habitura
1112 1722 1194 1768 est
1221 1707 1426 1787 gratia3
1459 1730 1555 1768 seu
1582 1730 1668 1767 me
1954 1723 2008 1765 35

308 1801 462 1861 Dura
482 1802 641 1883 jubet
670 1803 850 1882 gelido
879 1805 1050 1865 Parca
1080 1805 1184 1866 sub
1216 1829 1313 1865 axe
1341 1804 1512 1877 mori;

227 1896 454 1979 Semper
482 1899 722 1960 inoblita
750 1915 994 1983 repetam
1024 1917 1118 1961 tua
1145 1925 1369 1961 munera
1396 1914 1578 1962 mente
1601 1947 1615 1972 ‚

307 1991 385 2053 Et
408 2018 525 2054 mea
554 2020 640 2056 me
666 1995 829 2056 tellus
854 1998 1042 2056 audiet
1067 2022 1184 2058 esse
1215 2013 1388 2058 tuum.

230 2089 434 2150 Audiet
460 2105 515 2151 et
543 2089 672 2151 caelo
702 2091 887 2173 posita
917 2106 1001 2152 est
1029 2116 1367 2175 quaecunque
1396 2093 1501 2153 sub
1529 2090 1627 2152 illo
1651 2139 1665 2164 ‚
1706 2128 1709 2129 ν

308 2186 531 2247 Transit
558 2201 747 2257 nostra
778 2187 923 2248 feros
953 2189 1000 2249 si
1028 2190 1195 2250 modo
1229 2192 1393 2252 Musa
1427 2190 1609 2250 Getas.
1953 2207 2008 2262 40

227 2283 416 2366 Teque
445 2308 576 2345 meae
605 2308 823 2346 causam
861 2300 1301 2370 servatoremque
1332 2283 1524 2346 salutis
1546 2331 1561 2357 ,

285 2425 350 2465 25.
372 2425 611 2469 Decemere.
638 2426 888 2469 Discernere
918 2424 1074 2480 multi,

229 2496 273 2531 et
295 2498 424 2533 recte.
452 2490 620 2534 HEINS.

281 2555 423 2598 26.St·s
434 2564 728 2611 argumentum.
745 2556 990 2614 Ambiguus
1001 2555 1072 2599 hie

225 2617 343 2662 locus
360 2628 445 2674 est,
471 2636 611 2676 eoque
634 2620 854 2664 difficilior
875 2636 1071 2677 quoque,

227 2693 272 2727 et
293 2685 535 2729 obscurior:
551 2687 667 2729 varie
684 2686 803 2730 enim
819 2686 976 2743 exponi
995 2702 1072 2742 po-

226 2758 321 2793 test.
343 2749 453 2806 Vel,
483 2759 532 2794 ut
562 2751 819 2808 accipiamus
845 2767 1073 2807 argumen-

226 2823 310 2857 tum
332 2831 411 2872 pro
432 2823 551 2860 certo
570 2815 731 2860 indicio
752 2833 800 2860 ac
819 2817 960 2874 signo,
985 2832 1072 2873 quo

227 2879 333 2936 quid
354 2881 564 2938 probatur
589 2890 632 2924 et
653 2882 954 2937 convincitur,
991 2897 1072 2925 ceu

226 2957 329 2991 sunt
350 2964 444 3005 quae
461 2955 606 2997 πίστεις
619 2948 782 2992 Graecis
796 2982 807 3004 ,
826 2957 871 2991 et
886 2953 1071 3008 τεκμήρια

228 3012 434 3055 dicuntur
450 3029 460 3065 3
482 3022 531 3056 ut
546 3014 600 3056 sit
613 3013 828 3057 sententia
848 3012 1071 3056 :Dubium

225 3086 291 3119 est
305 3110 316 3131 ‚
334 3088 483 3121 utrum
497 3079 638 3136 majus
653 3079 859 3122 auxilium
872 3078 978 3121 mihi
999 3095 1071 3121 re·-

230 3141 394 3197 busque
435 3144 541 3187 meis
572 3144 625 3187 sis
643 3177 653 3198 ‚
694 3160 747 3186 an
782 3144 923 3199 majus
944 3143 1071 3186 indi—

227 3209 344 3253 cium
359 3241 370 3263 ‚
404 3210 649 3267 certiorque
678 3212 876 3268 probatio
895 3228 944 3255 ac
963 3211 1071 3254 fides

229 3273 388 3317 erroris
404 3275 492 3317 mei
515 3291 524 3317 ε
543 3276 623 3319 hoc
643 3285 728 3330 est,
752 3276 870 3333 quod
889 3293 1037 3320 errore
1056 3308 1068 3332 ,

229 3355 320 3382 non
335 3339 494 3383 scelere
517 3343 742 3396 peccarim.
762 3343 851 3387 Vel
872 3359 1068 3396 rursum,

230 3414 279 3448 ut
313 3405 431 3448 idem
470 3422 633 3449 nomen
671 3423 749 3462 pro
782 3407 964 3450 materia
984 3441 995 3462 ‚
1027 3416 1069 3450 et

228 3470 348 3525 quasi
368 3470 557 3526 quodam
577 3471 771 3527 subjecto
799 3471 863 3515 rei
887 3472 1069 3528 accipia-

1158 2441 1256 2468 mus
1272 2457 1283 2479 ,
1311 2423 1429 2467 unde
1449 2432 1597 2481 postea
1618 2422 1778 2480 aliquid
1806 2422 2004 2466 exaedifi-

1157 2500 1295 2545 catur,
1315 2499 1388 2533 aut
1403 2489 1606 2534 efficitur.
1624 2488 1725 2532 Sive
1737 2521 1749 2543 ,
1767 2498 1816 2532 ut
1836 2488 2005 2544 planius

1156 2554 1298 2599 dicam
1313 2588 1325 2610 ‚
1349 2571 1430 2612 pro
1450 2570 1582 2612 opere
1602 2553 1843 2598 informato
1862 2570 1910 2597 ac
1925 2552 2006 2596 de-

1156 2620 1333 2664 lineato.
1355 2620 1472 2664 Mtc.

1161 2691 1163 2693 '
1209 2686 1272 2727 35.
1306 2687 1519 2729 Habitum
1547 2693 1615 2729 est
1635 2689 1777 2740 gratia
1811 2683 2003 2740 effictus.

1156 2750 1297 2793 Favor
1321 2759 1421 2794 tuus
1450 2759 1515 2794 est
1539 2749 1652 2806 apud
1674 2748 1893 2794 Caesarem
1916 2747 2003 2790 im-

1153 2823 1401 2871 petraturus
1421 2813 1539 2871 quod
1561 2815 1673 2858 volo.

1208 2881 1273 2923 38.
1294 2882 1357 2925 Et
1371 2898 1464 2925 mea
1485 2896 1550 2924 me
1567 2884 1704 2924 tellus.
1726 2880 1825 2923 Prae
1844 2894 1915 2921 me
1934 2879 2002 2921 fe-

1154 2963 1247 2990 ram
1262 2981 1273 3002 ,
1297 2956 1340 2990 et
1360 2947 1500 2991 dicam
1520 2955 1565 2990 et
1585 2946 1775 2990 testabor
1795 2945 1866 2989 hic
1884 2945 2000 3001 apud

1152 3014 1356 3056 barbaros
1367 3046 1378 3067 ,
1393 3029 1464 3055 me
1479 3022 1606 3056 tuum
1619 3028 1708 3056 esse
1723 3044 1735 3066 ,
1759 3011 1999 3068 obligatum

1152 3079 1311 3122 scilicet
1334 3079 1411 3122 tibi
1436 3079 1602 3122 meritis
1628 3077 1825 3121 maximis
1852 3086 1897 3120 et
1919 3078 1997 3119 in-

1153 3145 1505 3189 numerabilibus.
1524 3145 1670 3189 PON'r.
1761 3171 1763 3174 ⁴

1206 3211 1272 3270 39.
1299 3211 1458 3253 Audiet
1491 3218 1534 3254 el
1561 3214 1662 3254 coelo
1696 3218 1774 3254 etc.
1810 3206 1997 3253 Ovidius

1152 3274 1264 3318 hanc
1289 3276 1398 3332 grati
1433 3274 1566 3318 animi
1602 3283 1646 3318 et
1681 3271 1998 3317 benevolentiae

1153 3339 1342 3383 formam
1363 3341 1557 3384 imitatus
1585 3349 1650 3383 est
1670 3355 1722 3382 cx
1751 3339 1831 3383 inis
1857 3350 1997 3382 orna-'-

1151 3407 1333 3450 tioribus
1371 3406 1542 3464 Virgilii
1579 3405 1679 3449 locis
1696 3439 1707 3460 ‚
1741 3403 1917 3448 AEneid.
1946 3403 1967 3446 I
1981 3433 1994 3456 ,

1152 3472 1231 3530 607
1252 3488 1345 3528 sqq.
1378 3472 1467 3516 VII
1489 3505 1500 3528 ,
1526 3474 1604 3515 225
1625 3487 1713 3527 sqq.
