2280 3776
310 215 412 284 144

749 216 812 268 P.
870 216 1164 294 oV1D11
1218 216 1594 273 NASONIS

382 332 600 413 Proque
626 330 802 390 tribus
830 348 1086 392 resonant
1114 349 1265 393 terna
1291 335 1500 395 theatra
1525 334 1684 394 foris.'

307 427 359 487 O
387 440 577 508 quater
595 471 608 496 ‚
642 440 693 483 et
723 425 936 506 quoties
961 450 1078 487 non
1105 443 1188 488 est
1212 452 1524 503 numerare,
1552 429 1771 490 beatum
1788 447 1807 502 ,⁴
2002 449 2055 492 25

383 523 509 579 Non
535 518 821 578 interdicta
842 519 929 579 cui
958 519 1083 581 licet
1108 524 1246 584 urbe
1268 524 1410 585 frui!

303 619 379 677 At
404 616 539 676 mihi
569 612 918 676 sentitur'nix
948 642 1112 679 verno
1147 621 1261 681 sole
1288 622 1491 694 soluta,

383 715 630 795 Quaeque
656 712 778 774 lacu
807 714 944 774 duro
969 717 1059 775 vix
1087 717 1367 779 fodiantur
1391 743 1561 807 aquae.

301 810 418 869 Nec
442 830 588 867 mare
617 809 914 868 concrescit
942 808 1134 887 glacie3
1161 836 1260 872 nec
1278 860 1293 885 ‚
1322 828 1387 873 ut
1414 827 1566 885 ante,
1595 835 1694 895 per
1719 813 1922 874 Istrum

385 902 626 963 Stridula
649 903 994 964 Sauromates
1022 904 1264 987 plaustra
1289 907 1568 968 bubulcus
1597 907 1725 986 agit,
2007 927 2063 969 3o

302 1001 573 1083 Incipient
603 1000 793 1084 aliquae
821 1017 1001 1062 tamen
1029 1002 1136 1063 huc
1163 1005 1362 1065 adnare
1385 1006 1604 1077 carinae,

385 1098 734 1180 Hospitaque
762 1099 820 1157 in
849 1099 1016 1158 Ponti
1037 1098 1196 1160 litore
1225 1100 1430 1183 puppis
1458 1100 1596 1161 erit:

306 1192 540 1254 Sedulus
568 1194 857 1255 obcurram
885 1210 1092 1269 nautae,
1123 1196 1374 1278 dictaque
1404 1195 1576 1257 salute
1593 1242 1608 1268 ,

389 1290 541 1369 Quid
567 1291 776 1362 veniat,
807 1315 1067 1373 quaeram,
1103 1294 1320 1375 quisve,
1355 1294 1623 1376 quibusve
1649 1292 1799 1354 locis.
1955 1372 1959 1377 ῃ

305 1384 404 1445 Ille
436 1385 654 1467 quidem
679 1386 906 1459 mirum,
935 1388 995 1446 ni
1025 1388 1090 1448 de
1116 1389 1335 1466 regione
1361 1390 1675 1472 propinqua
2011 1406 2064 1449 35

384 1484 514 1542 Non
541 1483 647 1542 nisi
674 1482 877 1543 vicinas
906 1498 1060 1544 tutus
1087 1485 1249 1545 ararit
1278 1509 1462 1568 aquas.

306 1580 487 1639 Rarus
515 1579 584 1639 ab
612 1578 768 1640 Italia
794 1594 1006 1639 tanturn
1035 1603 1182 1640 mare
1202 1581 1385 1641 navita
1412 1581 1638 1653 transit3

386 1677 573 1737 Litora
601 1700 756 1736 rarus
785 1675 842 1736 in
870 1676 983 1735 haec
1012 1677 1285 1760 portubus
1311 1677 1448 1737 orba
1472 1678 1638 1737 venit.

307 1771 431 1831 Sive
459 1786 637 1830 tamen
669 1770 830 1829 Graia
858 1770 1039 1830 scierit
1056 1817 1070 1843 ,
1104 1772 1214 1831 sive
1240 1770 1332 1830 ille
1357 1771 1552 1832 Latina

388 1869 540 1928 Voce
567 1867 749 1950 loqui3
785 1882 926 1927 certe
954 1868 1158 1946 gratior
1184 1868 1350 1949 hujus
1380 1869 1499 1928 erit.
1614 1891 1616 1893 ’
2012 1887 2067 1943 40

307 1964 414 2023 Fas
444 1987 664 2046 quoque
694 1964 760 2023 ab
792 1987 885 2023 ore
911 1964 1035 2034 freti
1063 1963 1343 2047 longaeque
1370 1963 1745 2047 Propontidos
1772 1962 1935 2023 undis

308 2117 417 2144 vers.
452 2104 564 2159 295;
612 2100 696 2157 μετ’
732 2106 915 2160 εὐφημίας
959 2104 1144 2157 Mino-one,

310 2166 496 2208 Homer.
522 2171 697 2222 ξύναυλος
719 2171 795 2223 βοὰ
824 2175 925 2228 χαρᾷ
947 2201 958 2222 ,
997 2168 1147 2224 Eurip.

309 2230 469 2273 Electr.
492 2230 740 2287 fremituque
779 2234 960 2275 secundo
996 2233 1147 2288 virgil.

310 2294 487 2338 AEneid.
506 2295 564 2350 V,
586 2296 679 2340 338.

363 2362 429 2414 24.
458 2361 634 2416 Cumque
658 2364 789 2404 tribus
814 2369 1012 2404 resonant
1034 2368 1150 2405 terna

310 2427 473 2467 theatra
499 2426 627 2481 foris.
670 2430 828 2482 Proque
862 2430 995 2469 tribus
1036 2428 1150 2470 scri-

312 2488 508 2532 bendum
521 2506 619 2532 cum
631 2490 827 2546 plurimis
838 2500 1056 2545 veterum,
1068 2491 1153 2535 hoc

308 2561 401 2607 est,
440 2553 556 2608 quod
585 2564 684 2597 ante
714 2555 876 2599 dixerat
903 2571 913 2598 :
941 2574 963 2593 «
991 2556 1150 2612 junctis

311 2634 362 2660 ex
384 2618 536 2660 ordine
556 2618 666 2661 ludis
684 2618 852 2662 Cedere
870 2620 1038 2663 verbosi
1054 2637 1152 2676 gar-

311 2682 404 2724 rula
425 2682 536 2725 bella
553 2682 650 2727 fori.
665 2701 687 2721 >›
702 2684 923 2727 H.—Tria
936 2684 1047 2739 fora,
1062 2686 1153 2728 Ro-

311 2762 493 2789 manum
510 2780 522 2801 ,
559 2746 737 2790 Caesaris
754 2781 765 2802 ,
792 2748 1005 2804 Augusti:
1028 2759 1152 2792 terna

312 2811 493 2863 theatra,
513 2811 733 2868 Pompeii,
753 2813 961 2867 Marcelli,
982 2813 1150 2857 Statilii.

369 2880 433 2919 25.
456 2879 673 2931 Oquater,
705 2894 730 2919 o
747 2886 943 2932 quantum
972 2879 1149 2921 Jun‘ian.

316 2941 514 2985 Leidens.
543 2952 586 2985 et
614 2943 740 2985 multi
762 2943 857 2994 alii3
882 2960 907 2985 o
937 2951 1105 2999 quater,
1126 2961 1151 2985 o

314 3012 473 3065 quoties
487 3006 671 3066 Gryphii
687 3007 783 3051 cod.
802 3008 974 3050 Merula
991 3008 1152 3065 legerat

313 3066 478 3116 boatum
494 3105 506 3127 ,
536 3082 581 3116 et
606 3073 841 3117 clamorem
862 3081 1151 3129 spectatorum

313 3138 597 3192 explicuerat3
619 3138 694 3182 sed
719 3138 921 3196 Micyllus
947 3139 1036 3194 jam
1068 3154 1150 3181 ex-

314 3202 465 3257 punxit
487 3202 679 3258 ineptam
699 3203 943 3246 lectionem.

370 3265 436 3307 28.
461 3268 550 3309 Nec
561 3266 797 3320 fodiantur.
834 3270 918 3313 Vix
931 3267 1156 3323 fhdt'antur

313 3327 519 3372 extribus
543 3330 717 3384 scriptis.
741 3332 800 3374 H.

1284 2102 1348 2147 31.
1369 2104 1420 2146 Si
1434 2109 1572 2146 tamen
1585 2106 1790 2158 incipiunt
1805 2107 1956 2159 aliqua
1974 2105 2067 2146 buc.

1227 2169 1388 2223 Multi,
1408 2171 1619 2224 Incipiunt
1637 2173 1785 2226 aliqua·
1803 2178 1938 2213 tamen
1961 2172 2040 2214 huc
2052 2203 2065 2222 ‚

1228 2234 1295 2277 vel
1315 2235 1530 2289 Incipient.
1552 2234 1734 2278 Medon.
1753 2237 1975 2289 Incipiunt.

1269 2298 1334 2341 32.
1343 2292 1601 2354 Hospitaque
1607 2302 1650 2340 in
1661 2301 1791 2341 Ponti
1798 2301 1915 2341 litore
1917 2303 2069 2354 puppis

1218 2365 1362 2423 adest.
1375 2364 1474 2406 Erit
1483 2362 1676 2419 plerique
1688 2371 1867 2406 veteres.
1890 2363 2038 2406 Scribe
2053 2395 2066 2417 ,

1234 2445 1257 2465 «
1275 2427 1488 2484 Incipient
1517 2427 1667 2483 aliquae
1700 2436 1846 2471 tamen
1874 2427 1959 2471 huc
1990 2427 2068 2469 ad-

1232 2510 1336 2537 nare
1357 2494 1537 2548 carinae,
1570 2493 1839 2550 Hospitaque
1865 2493 1911 2536 in
1934 2492 2067 2536 Ponti

1231 2557 1355 2602 litora
1376 2559 1528 2615 puppis
1544 2567 1614 2602 eat
1628 2576 1638 2612 ;
1657 2576 1678 2596 »ι
1693 2559 1760 2602 vel
1775 2592 1787 2612 ,
1807 2560 2013 2613 Incipient
2027 2561 2074 2599 si

1230 2639 1320 2678 quoe
1333 2656 1344 2677 ,
1365 2632 1408 2667 et
1424 2626 1542 2666 litore
1552 2627 1704 2678 puppis
1721 2626 1806 2665 erit.
1827 2623 1886 2664 H.
1899 2666 1908 2673 Δ,

1286 2687 1351 2731 36.
1375 2689 1470 2731 Non
1499 2692 1590 2730 nisi
1608 2690 1771 2729 vll-inas
1795 2694 1908 2729 tutus
1930 2693 2071 2728 araret

1231 2767 1377 2808 aquas.
1403 2753 1552 2795 Amn't
1566 2750 1699 2794 scribe
1716 2783 1728 2804 ,
1752 2750 1811 2793 sic
1828 2766 1957 2793 sensu
1977 2751 2067 2793 exi-

1233 2825 1393 2873 gente;
1426 2830 1531 2857 nam
1556 2818 1696 2857 arabit
1725 2813 1812 2856 duo
1844 2830 1854 2856 :
1883 2814 2065 2857 totidem

1231 2887 1378 2923 ararat
1383 2892 1398 2931 ‚·
1421 2895 1500 2934 pro
1518 2886 1629 2921 tutus
1648 2878 1779 2921 etiam
1792 2879 1904 2922 bene
1919 2888 2067 2921 cautus

1231 2944 1278 2985 in
1289 2942 1522 2994 Vossian03
1541 2942 1668 2985 Rem.
1684 2942 1786 2984 Am.
1800 2943 1874 2998 737
1889 2958 1899 2985 ς
1916 2960 1937 2979 «
1948 2943 2066 2985 Prae-

1231 3007 1357 3049 terita
1367 3005 1695 3049 cautusNiseide
1705 3005 1848 3048 navita
1857 3005 2013 3062 gaudet
2026 3022 2067 3056 ;2›

1234 3070 1462 3114 Claudian.
1485 3072 1531 3114 in
1550 3070 1731 3128 Eutrop.
1748 3088 1807 3114 vs.
1830 3074 1880 3113 5:
1901 3088 1922 3108 «
1945 3069 2067 3113 Cau-

1231 3136 1317 3178 tior
1343 3145 1444 3178 ante
1477 3144 1624 3178 tamen
1653 3144 1890 3178 venturum
1922 3134 2066 3177 navita

1235 3197 1403 3242 Corum
1425 3198 1637 3243 Consulit.
1655 3216 1677 3238 ι)
1698 3200 1758 3242 Η.

1286 3267 1352 3319 4ο.
1375 3267 1492 3309 Certe
1510 3270 1669 3321 gratior
1689 3265 1814 3319 hujus
1835 3267 1923 3307 erit.
1954 3263 2065 3304 Issus

1231 3334 1308 3374 erit
1320 3330 1466 3387 priscae
1484 3330 1694 3377 editiones
1713 3338 1756 3376 et
1772 3328 1946 3387 quidam
1961 3327 2065 3371 scri-
