<?xml version="1.0" encoding="UTF-8"?>
<!DOCTYPE html PUBLIC "-//W3C//DTD XHTML 1.0 Transitional//EN"
    "http://www.w3.org/TR/xhtml1/DTD/xhtml1-transitional.dtd">
<html xmlns="http://www.w3.org/1999/xhtml" xml:lang="en" lang="en">
 <head>
  <title>
</title>
<meta http-equiv="Content-Type" content="text/html;charset=utf-8" />
  <meta name='ocr-system' content='tesseract 3.04.00' />
  <meta name='ocr-capabilities' content='ocr_page ocr_carea ocr_par ocr_line ocrx_word'/>
</head>
<body>
  <div class='ocr_page' id='page_1' title='image "./quaeextantomniao07oviduoft_0488.png"; bbox 0 0 2280 3776; ppageno 0'>
   <div class='ocr_carea' id='block_1_1' title="bbox 235 311 1541 386">
    <p class='ocr_par' dir='ltr' id='par_1_1' title="bbox 235 311 1541 386">
     <span class='ocr_line' id='line_1_1' title="bbox 235 311 1541 386; baseline 0.012 -23"><span class='ocrx_word' id='word_1_1' title='bbox 235 311 343 386; x_wconf 71' lang='lat'><strong>474</strong></span> <span class='ocrx_word' id='word_1_2' title='bbox 706 319 769 370; x_wconf 85' lang='lat' dir='ltr'><strong>P.</strong></span> <span class='ocrx_word' id='word_1_3' title='bbox 817 319 1112 374; x_wconf 84' lang='lat' dir='ltr'><strong>oV1n11</strong></span> <span class='ocrx_word' id='word_1_4' title='bbox 1156 320 1541 379; x_wconf 80' lang='lat' dir='ltr'><strong>NAsole</strong></span> 
     </span>
    </p>
   </div>
   <div class='ocr_carea' id='block_1_2' title="bbox 761 588 1490 668">
    <p class='ocr_par' dir='ltr' id='par_1_2' title="bbox 761 588 1490 668">
     <span class='ocr_line' id='line_1_2' title="bbox 761 588 1490 668; baseline 0.012 -9"><span class='ocrx_word' id='word_1_5' title='bbox 761 588 1289 667; x_wconf 88' lang='lat' dir='ltr'><strong>EPISTOLA</strong></span> <span class='ocrx_word' id='word_1_6' title='bbox 1335 598 1490 668; x_wconf 88' lang='lat' dir='ltr'><strong>XV.</strong></span> 
     </span>
    </p>
   </div>
   <div class='ocr_carea' id='block_1_3' title="bbox 1005 736 1253 754">
    <p class='ocr_par' dir='ltr' id='par_1_3' title="bbox 1005 736 1253 754">
     <span class='ocr_line' id='line_1_3' title="bbox 1005 736 1253 754; baseline 0 3022"><span class='ocrx_word' id='word_1_7' title='bbox 1005 736 1253 754; x_wconf 95' lang='lat' dir='ltr'><strong> </strong></span> 
     </span>
    </p>
   </div>
   <div class='ocr_carea' id='block_1_4' title="bbox 702 870 1547 941">
    <p class='ocr_par' dir='ltr' id='par_1_4' title="bbox 702 870 1547 941">
     <span class='ocr_line' id='line_1_4' title="bbox 702 870 1547 941; baseline 0.007 -8"><span class='ocrx_word' id='word_1_8' title='bbox 702 870 1012 936; x_wconf 88' lang='lat' dir='ltr'><strong>SEXTO</strong></span> <span class='ocrx_word' id='word_1_9' title='bbox 1077 875 1547 941; x_wconf 88' lang='lat' dir='ltr'><strong>POMPEIO.</strong></span> 
     </span>
    </p>
   </div>
   <div class='ocr_carea' id='block_1_5' title="bbox 996 1025 1251 1038">
    <p class='ocr_par' dir='ltr' id='par_1_5' title="bbox 996 1025 1251 1038">
     <span class='ocr_line' id='line_1_5' title="bbox 996 1025 1251 1038; baseline 0 2738"><span class='ocrx_word' id='word_1_10' title='bbox 996 1025 1251 1038; x_wconf 95' lang='lat' dir='ltr'><strong> </strong></span> 
     </span>
    </p>
   </div>
   <div class='ocr_carea' id='block_1_6' title="bbox 818 1142 1429 1199">
    <p class='ocr_par' dir='ltr' id='par_1_6' title="bbox 818 1142 1429 1199">
     <span class='ocr_line' id='line_1_6' title="bbox 818 1142 1429 1199; baseline 0.008 -5"><span class='ocrx_word' id='word_1_11' title='bbox 818 1142 1429 1199; x_wconf 80' lang='lat' dir='ltr'><strong>ARGUMENTUM.</strong></span> 
     </span>
    </p>
   </div>
   <div class='ocr_carea' id='block_1_7' title="bbox 230 1251 2018 1321">
    <p class='ocr_par' dir='ltr' id='par_1_7' title="bbox 230 1251 2018 1321">
     <span class='ocr_line' id='line_1_7' title="bbox 230 1251 2018 1321; baseline 0.008 -28"><span class='ocrx_word' id='word_1_12' title='bbox 230 1251 474 1295; x_wconf 85' lang='lat' dir='ltr'><strong>Profitetur</strong></span> <span class='ocrx_word' id='word_1_13' title='bbox 497 1260 625 1310; x_wconf 86' lang='lat' dir='ltr'><strong>poeta</strong></span> <span class='ocrx_word' id='word_1_14' title='bbox 643 1287 654 1309; x_wconf 85' lang='lat'>,</span> <span class='ocrx_word' id='word_1_15' title='bbox 681 1271 725 1298; x_wconf 78' lang='lat' dir='ltr'><strong>se</strong></span> <span class='ocrx_word' id='word_1_16' title='bbox 755 1255 890 1298; x_wconf 83' lang='lat' dir='ltr'><strong>vitam</strong></span> <span class='ocrx_word' id='word_1_17' title='bbox 917 1252 1052 1300; x_wconf 83' lang='lat' dir='ltr'><strong>Sexto</strong></span> <span class='ocrx_word' id='word_1_18' title='bbox 1071 1266 1171 1301; x_wconf 88' lang='lat' dir='ltr'><strong>ante</strong></span> <span class='ocrx_word' id='word_1_19' title='bbox 1193 1275 1349 1303; x_wconf 88' lang='lat' dir='ltr'><strong>omnes</strong></span> <span class='ocrx_word' id='word_1_20' title='bbox 1368 1293 1379 1314; x_wconf 89' lang='lat'>,</span> <span class='ocrx_word' id='word_1_21' title='bbox 1416 1259 1589 1304; x_wconf 76' lang='lat' dir='ltr'><strong>Caesare</strong></span> <span class='ocrx_word' id='word_1_22' title='bbox 1625 1270 1774 1306; x_wconf 88' lang='lat' dir='ltr'><strong>tamen</strong></span> <span class='ocrx_word' id='word_1_23' title='bbox 1810 1272 1988 1321; x_wconf 90' lang='lat' dir='ltr'><strong>excepto</strong></span> <span class='ocrx_word' id='word_1_24' title='bbox 2006 1297 2018 1318; x_wconf 93' lang='lat'>,</span> 
     </span>
    </p>
   </div>
   <div class='ocr_carea' id='block_1_8' title="bbox 283 1319 2018 1446">
    <p class='ocr_par' dir='ltr' id='par_1_8' title="bbox 283 1319 2018 1446">
     <span class='ocr_line' id='line_1_8' title="bbox 285 1319 2018 1388; baseline 0.009 -27"><span class='ocrx_word' id='word_1_25' title='bbox 285 1319 443 1364; x_wconf 88' lang='lat' dir='ltr'><strong>debere</strong></span> <span class='ocrx_word' id='word_1_26' title='bbox 467 1338 478 1372; x_wconf 74' lang='lat'>3</span> <span class='ocrx_word' id='word_1_27' title='bbox 508 1338 697 1378; x_wconf 90' lang='lat' dir='ltr'><strong>eumque</strong></span> <span class='ocrx_word' id='word_1_28' title='bbox 718 1333 922 1380; x_wconf 83' lang='lat' dir='ltr'><strong>precatur</strong></span> <span class='ocrx_word' id='word_1_29' title='bbox 936 1358 947 1380; x_wconf 94' lang='lat'>,</span> <span class='ocrx_word' id='word_1_30' title='bbox 985 1334 1036 1368; x_wconf 88' lang='lat' dir='ltr'><strong>ut</strong></span> <span class='ocrx_word' id='word_1_31' title='bbox 1058 1326 1110 1369; x_wconf 76' lang='lat' dir='ltr'><strong>ab</strong></span> <span class='ocrx_word' id='word_1_32' title='bbox 1130 1327 1397 1383; x_wconf 70' lang='lat' dir='ltr'><strong>imperatore</strong></span> <span class='ocrx_word' id='word_1_33' title='bbox 1415 1361 1427 1383; x_wconf 91' lang='lat'>,</span> <span class='ocrx_word' id='word_1_34' title='bbox 1449 1339 1583 1386; x_wconf 74' lang='lat' dir='ltr'><strong>quem</strong></span> <span class='ocrx_word' id='word_1_35' title='bbox 1603 1338 1774 1374; x_wconf 74' lang='lat' dir='ltr'><strong>summa</strong></span> <span class='ocrx_word' id='word_1_36' title='bbox 1795 1331 1897 1375; x_wconf 75' lang='lat' dir='ltr'><strong>colit</strong></span> <span class='ocrx_word' id='word_1_37' title='bbox 1917 1332 2018 1388; x_wconf 86' lang='lat' dir='ltr'><strong>pie—</strong></span> 
     </span>
     <span class='ocr_line' id='line_1_9' title="bbox 283 1390 1133 1446; baseline 0.009 -15"><span class='ocrx_word' id='word_1_38' title='bbox 283 1396 370 1432; x_wconf 82' lang='lat' dir='ltr'><strong>tate</strong></span> <span class='ocrx_word' id='word_1_39' title='bbox 388 1422 400 1442; x_wconf 90' lang='lat'>,</span> <span class='ocrx_word' id='word_1_40' title='bbox 430 1390 636 1446; x_wconf 84' lang='lat' dir='ltr'><strong>impetret</strong></span> <span class='ocrx_word' id='word_1_41' title='bbox 653 1393 734 1436; x_wconf 87' lang='lat' dir='ltr'>sibi</span> <span class='ocrx_word' id='word_1_42' title='bbox 751 1394 901 1438; x_wconf 89' lang='lat' dir='ltr'><strong>mitius</strong></span> <span class='ocrx_word' id='word_1_43' title='bbox 922 1395 1133 1440; x_wconf 87' lang='lat' dir='ltr'><strong>exsilium.</strong></span> 
     </span>
    </p>
   </div>
   <div class='ocr_carea' id='block_1_9' title="bbox 232 1496 1856 1904">
    <p class='ocr_par' dir='ltr' id='par_1_9' title="bbox 232 1496 1856 1904">
     <span class='ocr_line' id='line_1_10' title="bbox 234 1496 1856 1607; baseline 0.008 -26"><span class='ocrx_word' id='word_1_44' title='bbox 234 1496 326 1581; x_wconf 83' lang='lat' dir='ltr'><strong>SI</strong></span> <span class='ocrx_word' id='word_1_45' title='bbox 356 1522 479 1603; x_wconf 91' lang='lat' dir='ltr'><strong>quis</strong></span> <span class='ocrx_word' id='word_1_46' title='bbox 508 1522 688 1602; x_wconf 71' lang='lat' dir='ltr'><strong>adhuc</strong></span> <span class='ocrx_word' id='word_1_47' title='bbox 715 1545 950 1607; x_wconf 87' lang='lat' dir='ltr'><strong>usquam</strong></span> <span class='ocrx_word' id='word_1_48' title='bbox 974 1527 1152 1588; x_wconf 86' lang='lat' dir='ltr'><strong>nostri</strong></span> <span class='ocrx_word' id='word_1_49' title='bbox 1181 1548 1297 1589; x_wconf 91' lang='lat' dir='ltr'><strong>non</strong></span> <span class='ocrx_word' id='word_1_50' title='bbox 1326 1529 1618 1592; x_wconf 88' lang='lat' dir='ltr'><strong>immemor</strong></span> <span class='ocrx_word' id='word_1_51' title='bbox 1648 1546 1856 1607; x_wconf 84' lang='lat' dir='ltr'><strong>exstat,</strong></span> 
     </span>
     <span class='ocr_line' id='line_1_11' title="bbox 315 1619 1568 1709; baseline 0.01 -32"><span class='ocrx_word' id='word_1_52' title='bbox 315 1619 535 1698; x_wconf 82' lang='lat' dir='ltr'><strong>Quidve</strong></span> <span class='ocrx_word' id='word_1_53' title='bbox 565 1621 841 1701; x_wconf 84' lang='lat' dir='ltr'><strong>relegatus</strong></span> <span class='ocrx_word' id='word_1_54' title='bbox 872 1625 1021 1686; x_wconf 88' lang='lat' dir='ltr'><strong>Naso</strong></span> <span class='ocrx_word' id='word_1_55' title='bbox 1039 1673 1054 1698; x_wconf 86' lang='lat'>‚</span> <span class='ocrx_word' id='word_1_56' title='bbox 1085 1626 1350 1709; x_wconf 81' lang='lat' dir='ltr'><strong>requirit,</strong></span> <span class='ocrx_word' id='word_1_57' title='bbox 1380 1652 1568 1707; x_wconf 84' lang='lat' dir='ltr'><strong>agam:</strong></span> 
     </span>
     <span class='ocr_line' id='line_1_12' title="bbox 232 1717 1462 1793; baseline 0.009 -17"><span class='ocrx_word' id='word_1_58' title='bbox 232 1717 542 1780; x_wconf 86' lang='lat' dir='ltr'><strong>Caesaribus</strong></span> <span class='ocrx_word' id='word_1_59' title='bbox 571 1721 767 1793; x_wconf 83' lang='lat' dir='ltr'><strong>vitam,</strong></span> <span class='ocrx_word' id='word_1_60' title='bbox 803 1724 969 1783; x_wconf 89' lang='lat' dir='ltr'><strong>Sexto</strong></span> <span class='ocrx_word' id='word_1_61' title='bbox 995 1723 1195 1785; x_wconf 87' lang='lat' dir='ltr'><strong>debere</strong></span> <span class='ocrx_word' id='word_1_62' title='bbox 1228 1724 1462 1787; x_wconf 88' lang='lat' dir='ltr'><strong>salutem</strong></span> 
     </span>
     <span class='ocr_line' id='line_1_13' title="bbox 310 1814 1602 1904; baseline 0.008 -32"><span class='ocrx_word' id='word_1_63' title='bbox 310 1814 405 1873; x_wconf 90' lang='lat' dir='ltr'><strong>Me</strong></span> <span class='ocrx_word' id='word_1_64' title='bbox 435 1815 572 1883; x_wconf 76' lang='lat' dir='ltr'><strong>sciat</strong></span> <span class='ocrx_word' id='word_1_65' title='bbox 597 1839 609 1874; x_wconf 93' lang='lat'><strong>:</strong></span> <span class='ocrx_word' id='word_1_66' title='bbox 635 1841 665 1876; x_wconf 92' lang='lat' dir='ltr'><strong>a</strong></span> <span class='ocrx_word' id='word_1_67' title='bbox 699 1818 927 1899; x_wconf 85' lang='lat' dir='ltr'><strong>Superis</strong></span> <span class='ocrx_word' id='word_1_68' title='bbox 955 1819 1045 1878; x_wconf 84' lang='lat' dir='ltr'><strong>hic</strong></span> <span class='ocrx_word' id='word_1_69' title='bbox 1074 1820 1211 1880; x_wconf 85' lang='lat' dir='ltr'><strong>mihi</strong></span> <span class='ocrx_word' id='word_1_70' title='bbox 1238 1821 1453 1904; x_wconf 86' lang='lat' dir='ltr'><strong>primus</strong></span> <span class='ocrx_word' id='word_1_71' title='bbox 1483 1824 1602 1882; x_wconf 87' lang='lat' dir='ltr'><strong>erit.</strong></span> 
     </span>
    </p>
   </div>
   <div class='ocr_carea' id='block_1_10' title="bbox 226 1911 1746 1999">
    <p class='ocr_par' dir='ltr' id='par_1_10' title="bbox 226 1911 1746 1999">
     <span class='ocr_line' id='line_1_14' title="bbox 226 1911 1746 1999; baseline 0.007 -31"><span class='ocrx_word' id='word_1_72' title='bbox 226 1911 501 1992; x_wconf 83' lang='lat' dir='ltr'><strong>Tempora</strong></span> <span class='ocrx_word' id='word_1_73' title='bbox 523 1936 651 1973; x_wconf 88' lang='lat' dir='ltr'><strong>nam</strong></span> <span class='ocrx_word' id='word_1_74' title='bbox 680 1914 890 1975; x_wconf 86' lang='lat' dir='ltr'><strong>miserae</strong></span> <span class='ocrx_word' id='word_1_75' title='bbox 920 1915 1256 1999; x_wconf 87' lang='lat' dir='ltr'><strong>complectar</strong></span> <span class='ocrx_word' id='word_1_76' title='bbox 1283 1932 1346 1977; x_wconf 89' lang='lat' dir='ltr'><strong>ut</strong></span> <span class='ocrx_word' id='word_1_77' title='bbox 1376 1917 1560 1978; x_wconf 89' lang='lat' dir='ltr'><strong>omnia</strong></span> <span class='ocrx_word' id='word_1_78' title='bbox 1591 1918 1746 1990; x_wconf 58' lang='lat' dir='ltr'><strong>vitaz,</strong></span> 
     </span>
    </p>
   </div>
   <div class='ocr_carea' id='block_1_11' title="bbox 1992 1939 2018 1977">
    <p class='ocr_par' dir='ltr' id='par_1_11' title="bbox 1992 1939 2018 1977">
     <span class='ocr_line' id='line_1_15' title="bbox 1992 1939 2018 1977; textangle 90"><span class='ocrx_word' id='word_1_79' title='bbox 1992 1939 2018 1977; x_wconf 60' lang='grc'><strong>’31</strong></span> 
     </span>
    </p>
   </div>
   <div class='ocr_carea' id='block_1_12' title="bbox 231 2006 1753 2281">
    <p class='ocr_par' dir='ltr' id='par_1_12' title="bbox 231 2006 1753 2281">
     <span class='ocr_line' id='line_1_16' title="bbox 307 2006 1508 2091; baseline 0.006 -28"><span class='ocrx_word' id='word_1_80' title='bbox 307 2006 359 2064; x_wconf 88' lang='grc' dir='ltr'><strong>Α</strong></span> <span class='ocrx_word' id='word_1_81' title='bbox 386 2007 596 2066; x_wconf 87' lang='lat' dir='ltr'><strong>meritis</strong></span> <span class='ocrx_word' id='word_1_82' title='bbox 625 2007 792 2088; x_wconf 90' lang='lat' dir='ltr'><strong>hujus</strong></span> <span class='ocrx_word' id='word_1_83' title='bbox 817 2033 946 2091; x_wconf 86' lang='lat' dir='ltr'><strong>pars</strong></span> <span class='ocrx_word' id='word_1_84' title='bbox 977 2010 1113 2068; x_wconf 85' lang='lat' dir='ltr'><strong>mihi</strong></span> <span class='ocrx_word' id='word_1_85' title='bbox 1141 2010 1292 2070; x_wconf 83' lang='lat' dir='ltr'><strong>nulla</strong></span> <span class='ocrx_word' id='word_1_86' title='bbox 1318 2026 1473 2070; x_wconf 81' lang='lat' dir='ltr'><strong>vacat</strong></span> <span class='ocrx_word' id='word_1_87' title='bbox 1495 2035 1508 2082; x_wconf 93' lang='lat'>;</span> 
     </span>
     <span class='ocr_line' id='line_1_17' title="bbox 231 2101 1753 2188; baseline 0.004 -28"><span class='ocrx_word' id='word_1_88' title='bbox 231 2101 371 2180; x_wconf 83' lang='lat' dir='ltr'><strong>Quae</strong></span> <span class='ocrx_word' id='word_1_89' title='bbox 397 2126 628 2186; x_wconf 85' lang='lat' dir='ltr'><strong>numero</strong></span> <span class='ocrx_word' id='word_1_90' title='bbox 657 2118 740 2163; x_wconf 89' lang='lat' dir='ltr'><strong>tot</strong></span> <span class='ocrx_word' id='word_1_91' title='bbox 768 2119 930 2177; x_wconf 79' lang='lat' dir='ltr'><strong>sunt,</strong></span> <span class='ocrx_word' id='word_1_92' title='bbox 966 2121 1105 2188; x_wconf 89' lang='lat' dir='ltr'><strong>quot</strong></span> <span class='ocrx_word' id='word_1_93' title='bbox 1127 2107 1184 2165; x_wconf 91' lang='lat' dir='ltr'><strong>in</strong></span> <span class='ocrx_word' id='word_1_94' title='bbox 1212 2107 1382 2167; x_wconf 85' lang='lat' dir='ltr'><strong>horto</strong></span> <span class='ocrx_word' id='word_1_95' title='bbox 1411 2107 1612 2168; x_wconf 86' lang='lat' dir='ltr'><strong>fertilis</strong></span> <span class='ocrx_word' id='word_1_96' title='bbox 1637 2107 1753 2167; x_wconf 86' lang='lat' dir='ltr'><strong>arvi</strong></span> 
     </span>
     <span class='ocr_line' id='line_1_18' title="bbox 307 2198 1540 2281; baseline 0.005 -23"><span class='ocrx_word' id='word_1_97' title='bbox 307 2198 520 2260; x_wconf 89' lang='lat' dir='ltr'><strong>Punica</strong></span> <span class='ocrx_word' id='word_1_98' title='bbox 547 2200 653 2260; x_wconf 90' lang='lat' dir='ltr'><strong>sub</strong></span> <span class='ocrx_word' id='word_1_99' title='bbox 685 2200 837 2260; x_wconf 88' lang='lat' dir='ltr'><strong>lento</strong></span> <span class='ocrx_word' id='word_1_100' title='bbox 867 2202 1074 2262; x_wconf 85' lang='lat' dir='ltr'><strong>cortice</strong></span> <span class='ocrx_word' id='word_1_101' title='bbox 1105 2226 1272 2281; x_wconf 85' lang='lat' dir='ltr'><strong>grana</strong></span> <span class='ocrx_word' id='word_1_102' title='bbox 1297 2205 1503 2264; x_wconf 82' lang='lat' dir='ltr'><strong>rubent</strong></span> <span class='ocrx_word' id='word_1_103' title='bbox 1528 2227 1540 2275; x_wconf 91' lang='lat'>;</span> 
     </span>
    </p>
   </div>
   <div class='ocr_carea' id='block_1_13' title="bbox 228 2294 2019 2482">
    <p class='ocr_par' dir='ltr' id='par_1_13' title="bbox 228 2294 2019 2482">
     <span class='ocr_line' id='line_1_19' title="bbox 228 2294 1754 2381; baseline 0.005 -28"><span class='ocrx_word' id='word_1_104' title='bbox 228 2294 412 2355; x_wconf 84' lang='lat' dir='ltr'><strong>Africa</strong></span> <span class='ocrx_word' id='word_1_105' title='bbox 445 2311 586 2379; x_wconf 89' lang='lat' dir='ltr'><strong>quot</strong></span> <span class='ocrx_word' id='word_1_106' title='bbox 615 2313 855 2377; x_wconf 80' lang='lat' dir='ltr'><strong>segeteS‚</strong></span> <span class='ocrx_word' id='word_1_107' title='bbox 888 2314 1028 2381; x_wconf 87' lang='lat' dir='ltr'><strong>quot</strong></span> <span class='ocrx_word' id='word_1_108' title='bbox 1058 2298 1275 2360; x_wconf 88' lang='lat' dir='ltr'><strong>Tmolia</strong></span> <span class='ocrx_word' id='word_1_109' title='bbox 1306 2314 1450 2362; x_wconf 87' lang='lat' dir='ltr'><strong>terra</strong></span> <span class='ocrx_word' id='word_1_110' title='bbox 1476 2318 1721 2361; x_wconf 86' lang='lat' dir='ltr'><strong>racemos</strong></span> <span class='ocrx_word' id='word_1_111' title='bbox 1739 2349 1754 2374; x_wconf 88' lang='lat'>‚</span> 
     </span>
     <span class='ocr_line' id='line_1_20' title="bbox 311 2394 2019 2482; baseline 0.001 -29"><span class='ocrx_word' id='word_1_112' title='bbox 311 2394 472 2473; x_wconf 82' lang='lat' dir='ltr'><strong>Quot</strong></span> <span class='ocrx_word' id='word_1_113' title='bbox 497 2394 702 2478; x_wconf 88' lang='lat' dir='ltr'><strong>Sicyon</strong></span> <span class='ocrx_word' id='word_1_114' title='bbox 733 2396 957 2470; x_wconf 70' lang='lat' dir='ltr'><strong>baccas»,</strong></span> <span class='ocrx_word' id='word_1_115' title='bbox 993 2412 1133 2480; x_wconf 88' lang='lat' dir='ltr'><strong>quot</strong></span> <span class='ocrx_word' id='word_1_116' title='bbox 1161 2398 1309 2481; x_wconf 85' lang='lat' dir='ltr'><strong>parit</strong></span> <span class='ocrx_word' id='word_1_117' title='bbox 1338 2397 1524 2482; x_wconf 85' lang='lat' dir='ltr'><strong>Hybla</strong></span> <span class='ocrx_word' id='word_1_118' title='bbox 1549 2398 1716 2459; x_wconf 83' lang='lat' dir='ltr'><strong>favos.</strong></span> <span class='ocrx_word' id='word_1_119' title='bbox 1970 2422 2019 2457; x_wconf 72' lang='lat'><strong>10</strong></span> 
     </span>
    </p>
   </div>
   <div class='ocr_carea' id='block_1_14' title="bbox 226 2540 1086 3388">
    <p class='ocr_par' dir='ltr' id='par_1_14' title="bbox 228 2540 1085 2725">
     <span class='ocr_line' id='line_1_21' title="bbox 292 2540 1081 2596; baseline 0.003 -16"><span class='ocrx_word' id='word_1_120' title='bbox 292 2556 330 2580; x_wconf 90' lang='lat'><strong>2.</strong></span> <span class='ocrx_word' id='word_1_121' title='bbox 366 2540 572 2595; x_wconf 80' lang='lat' dir='ltr'><strong>Bequirat</strong></span> <span class='ocrx_word' id='word_1_122' title='bbox 605 2556 725 2594; x_wconf 70' lang='lat' dir='ltr'><strong>agas.</strong></span> <span class='ocrx_word' id='word_1_123' title='bbox 764 2541 966 2596; x_wconf 77' lang='lat' dir='ltr'><strong>Beqm‘ret</strong></span> <span class='ocrx_word' id='word_1_124' title='bbox 997 2540 1081 2583; x_wconf 88' lang='lat' dir='ltr'><strong>alii.</strong></span> 
     </span>
     <span class='ocr_line' id='line_1_22' title="bbox 233 2604 1085 2662; baseline 0.004 -17"><span class='ocrx_word' id='word_1_125' title='bbox 233 2604 347 2659; x_wconf 85' lang='lat' dir='ltr'><strong>Lege</strong></span> <span class='ocrx_word' id='word_1_126' title='bbox 368 2608 541 2659; x_wconf 80' lang='lat' dir='ltr'><strong>requirit</strong></span> <span class='ocrx_word' id='word_1_127' title='bbox 565 2620 618 2647; x_wconf 84' lang='lat' dir='ltr'><strong>ex</strong></span> <span class='ocrx_word' id='word_1_128' title='bbox 639 2605 809 2648; x_wconf 90' lang='lat' dir='ltr'><strong>duobus</strong></span> <span class='ocrx_word' id='word_1_129' title='bbox 829 2622 838 2648; x_wconf 78' lang='lat' dir='ltr'>z</span> <span class='ocrx_word' id='word_1_130' title='bbox 860 2606 1085 2662; x_wconf 85' lang='lat' dir='ltr'><strong>superiora</strong></span> 
     </span>
     <span class='ocr_line' id='line_1_23' title="bbox 228 2668 678 2725; baseline 0.004 -15"><span class='ocrx_word' id='word_1_131' title='bbox 228 2668 275 2711; x_wconf 83' lang='lat' dir='ltr'><strong>id</strong></span> <span class='ocrx_word' id='word_1_132' title='bbox 294 2668 489 2725; x_wconf 83' lang='lat' dir='ltr'><strong>exigunt.</strong></span> <span class='ocrx_word' id='word_1_133' title='bbox 511 2670 678 2714; x_wconf 77' lang='lat' dir='ltr'><strong>HEINS.</strong></span> 
     </span>
    </p>

    <p class='ocr_par' dir='ltr' id='par_1_15' title="bbox 226 2736 1086 3252">
     <span class='ocr_line' id='line_1_24' title="bbox 281 2736 1081 2794; baseline 0.008 -17"><span class='ocrx_word' id='word_1_134' title='bbox 281 2736 321 2777; x_wconf 82' lang='lat'><strong>3.</strong></span> <span class='ocrx_word' id='word_1_135' title='bbox 347 2738 598 2779; x_wconf 78' lang='lat' dir='ltr'><strong>Caesaribus.</strong></span> <span class='ocrx_word' id='word_1_136' title='bbox 625 2738 824 2793; x_wconf 85' lang='lat' dir='ltr'><strong>Augusto</strong></span> <span class='ocrx_word' id='word_1_137' title='bbox 845 2738 1081 2794; x_wconf 79' lang='lat' dir='ltr'><strong>defuncto,</strong></span> 
     </span>
     <span class='ocr_line' id='line_1_25' title="bbox 227 2801 1086 2859; baseline 0.007 -16"><span class='ocrx_word' id='word_1_138' title='bbox 227 2809 271 2843; x_wconf 88' lang='lat' dir='ltr'><strong>et</strong></span> <span class='ocrx_word' id='word_1_139' title='bbox 290 2801 437 2845; x_wconf 86' lang='lat' dir='ltr'><strong>liberis</strong></span> <span class='ocrx_word' id='word_1_140' title='bbox 453 2835 465 2855; x_wconf 93' lang='lat'>,</span> <span class='ocrx_word' id='word_1_141' title='bbox 493 2802 568 2859; x_wconf 87' lang='lat' dir='ltr'><strong>qui</strong></span> <span class='ocrx_word' id='word_1_142' title='bbox 588 2804 719 2846; x_wconf 87' lang='lat' dir='ltr'><strong>etiam</strong></span> <span class='ocrx_word' id='word_1_143' title='bbox 750 2803 943 2848; x_wconf 87' lang='lat' dir='ltr'><strong>Caesares</strong></span> <span class='ocrx_word' id='word_1_144' title='bbox 966 2803 1086 2849; x_wconf 75' lang='lat' dir='ltr'><strong>dice·-</strong></span> 
     </span>
     <span class='ocr_line' id='line_1_26' title="bbox 226 2868 1085 2917; baseline 0.008 -7"><span class='ocrx_word' id='word_1_145' title='bbox 226 2868 402 2912; x_wconf 89' lang='lat' dir='ltr'><strong>bantur.</strong></span> <span class='ocrx_word' id='word_1_146' title='bbox 411 2892 466 2902; x_wconf 90' lang='lat'><strong>—-·</strong></span> <span class='ocrx_word' id='word_1_147' title='bbox 478 2872 603 2913; x_wconf 71' lang='lat' dir='ltr'><strong>Sexto</strong></span> <span class='ocrx_word' id='word_1_148' title='bbox 617 2875 760 2915; x_wconf 79' lang='lat' dir='ltr'><strong>debere</strong></span> <span class='ocrx_word' id='word_1_149' title='bbox 771 2877 961 2916; x_wconf 83' lang='lat' dir='ltr'><strong>salutem.</strong></span> <span class='ocrx_word' id='word_1_150' title='bbox 979 2873 1085 2917; x_wconf 79' lang='lat' dir='ltr'><strong>Cae-</strong></span> 
     </span>
     <span class='ocr_line' id='line_1_27' title="bbox 226 2935 1083 2992; baseline 0.008 -17"><span class='ocrx_word' id='word_1_151' title='bbox 226 2935 393 2978; x_wconf 85' lang='lat' dir='ltr'><strong>saribus</strong></span> <span class='ocrx_word' id='word_1_152' title='bbox 410 2966 422 2988; x_wconf 92' lang='lat'>,</span> <span class='ocrx_word' id='word_1_153' title='bbox 457 2936 601 2992; x_wconf 88' lang='lat' dir='ltr'><strong>inquit</strong></span> <span class='ocrx_word' id='word_1_154' title='bbox 620 2966 632 2991; x_wconf 85' lang='lat'>,</span> <span class='ocrx_word' id='word_1_155' title='bbox 667 2938 804 2980; x_wconf 85' lang='lat' dir='ltr'><strong>vitam</strong></span> <span class='ocrx_word' id='word_1_156' title='bbox 836 2937 989 2981; x_wconf 83' lang='lat' dir='ltr'><strong>debeo.</strong></span> <span class='ocrx_word' id='word_1_157' title='bbox 1021 2939 1083 2982; x_wconf 88' lang='lat' dir='ltr'><strong>At</strong></span> 
     </span>
     <span class='ocr_line' id='line_1_28' title="bbox 230 3000 1084 3061; baseline 0.005 -19"><span class='ocrx_word' id='word_1_158' title='bbox 230 3000 365 3043; x_wconf 88' lang='lat' dir='ltr'><strong>Sexto</strong></span> <span class='ocrx_word' id='word_1_159' title='bbox 380 3002 595 3058; x_wconf 88' lang='lat' dir='ltr'><strong>Pompeio</strong></span> <span class='ocrx_word' id='word_1_160' title='bbox 607 3004 792 3047; x_wconf 85' lang='lat' dir='ltr'><strong>salutem</strong></span> <span class='ocrx_word' id='word_1_161' title='bbox 807 3004 937 3048; x_wconf 89' lang='lat' dir='ltr'><strong>debet</strong></span> <span class='ocrx_word' id='word_1_162' title='bbox 953 3033 964 3059; x_wconf 83' lang='lat'>,</span> <span class='ocrx_word' id='word_1_163' title='bbox 982 3005 1084 3061; x_wconf 85' lang='lat' dir='ltr'><strong>quia</strong></span> 
     </span>
     <span class='ocr_line' id='line_1_29' title="bbox 228 3066 1085 3121; baseline 0.007 -14"><span class='ocrx_word' id='word_1_164' title='bbox 228 3066 384 3121; x_wconf 86' lang='lat' dir='ltr'><strong>opibus</strong></span> <span class='ocrx_word' id='word_1_165' title='bbox 409 3076 452 3109; x_wconf 84' lang='lat' dir='ltr'><strong>et</strong></span> <span class='ocrx_word' id='word_1_166' title='bbox 473 3066 624 3111; x_wconf 81' lang='lat' dir='ltr'><strong>favore</strong></span> <span class='ocrx_word' id='word_1_167' title='bbox 648 3084 729 3112; x_wconf 91' lang='lat' dir='ltr'><strong>suo</strong></span> <span class='ocrx_word' id='word_1_168' title='bbox 758 3069 883 3112; x_wconf 89' lang='lat' dir='ltr'><strong>illum</strong></span> <span class='ocrx_word' id='word_1_169' title='bbox 908 3079 1085 3113; x_wconf 86' lang='lat' dir='ltr'><strong>susten-</strong></span> 
     </span>
     <span class='ocr_line' id='line_1_30' title="bbox 228 3130 1081 3191; baseline 0.006 -20"><span class='ocrx_word' id='word_1_170' title='bbox 228 3131 334 3173; x_wconf 85' lang='lat' dir='ltr'><strong>tavit</strong></span> <span class='ocrx_word' id='word_1_171' title='bbox 351 3130 396 3173; x_wconf 91' lang='lat' dir='ltr'><strong>in</strong></span> <span class='ocrx_word' id='word_1_172' title='bbox 416 3133 599 3177; x_wconf 85' lang='lat' dir='ltr'><strong>Pontica</strong></span> <span class='ocrx_word' id='word_1_173' title='bbox 621 3135 801 3191; x_wconf 82' lang='lat' dir='ltr'><strong>regione</strong></span> <span class='ocrx_word' id='word_1_174' title='bbox 820 3148 830 3174; x_wconf 78' lang='lat' dir='ltr'><strong>t</strong></span> <span class='ocrx_word' id='word_1_175' title='bbox 850 3144 944 3178; x_wconf 82' lang='lat' dir='ltr'><strong>erat</strong></span> <span class='ocrx_word' id='word_1_176' title='bbox 959 3134 1081 3179; x_wconf 87' lang='lat' dir='ltr'><strong>enim</strong></span> 
     </span>
     <span class='ocr_line' id='line_1_31' title="bbox 230 3199 571 3252; baseline 0.018 -15"><span class='ocrx_word' id='word_1_177' title='bbox 230 3199 571 3252; x_wconf 84' lang='lat' dir='ltr'><strong>potentissimus.</strong></span> 
     </span>
    </p>

    <p class='ocr_par' dir='ltr' id='par_1_16' title="bbox 231 3265 1080 3388">
     <span class='ocr_line' id='line_1_32' title="bbox 285 3265 1080 3319; baseline 0.006 -14"><span class='ocrx_word' id='word_1_178' title='bbox 285 3266 324 3318; x_wconf 78' lang='grc'><strong>4.</strong></span> <span class='ocrx_word' id='word_1_179' title='bbox 351 3265 397 3306; x_wconf 91' lang='lat' dir='ltr'><em>A</em></span> <span class='ocrx_word' id='word_1_180' title='bbox 417 3271 587 3319; x_wconf 73' lang='lat' dir='ltr'><strong>superis.</strong></span> <span class='ocrx_word' id='word_1_181' title='bbox 608 3268 712 3310; x_wconf 86' lang='lat' dir='ltr'><strong>Post</strong></span> <span class='ocrx_word' id='word_1_182' title='bbox 732 3268 850 3311; x_wconf 87' lang='lat' dir='ltr'><strong>Deos</strong></span> <span class='ocrx_word' id='word_1_183' title='bbox 874 3266 1080 3311; x_wconf 80' lang='lat' dir='ltr'><strong>Caesares.</strong></span> 
     </span>
     <span class='ocr_line' id='line_1_33' title="bbox 231 3328 932 3388; baseline 0.009 -19"><span class='ocrx_word' id='word_1_184' title='bbox 231 3329 385 3370; x_wconf 65' lang='lat' dir='ltr'><strong>—Hia</strong></span> <span class='ocrx_word' id='word_1_185' title='bbox 405 3328 490 3371; x_wconf 85' lang='lat' dir='ltr'><strong>Iste</strong></span> <span class='ocrx_word' id='word_1_186' title='bbox 508 3329 665 3374; x_wconf 86' lang='lat' dir='ltr'><strong>Sextus</strong></span> <span class='ocrx_word' id='word_1_187' title='bbox 684 3332 932 3388; x_wconf 83' lang='lat' dir='ltr'><strong>Pompeius.</strong></span> 
     </span>
    </p>
   </div>
   <div class='ocr_carea' id='block_1_15' title="bbox 231 3393 1082 3514">
    <p class='ocr_par' dir='ltr' id='par_1_17' title="bbox 231 3393 1082 3514">
     <span class='ocr_line' id='line_1_34' title="bbox 285 3393 1082 3453; baseline 0.008 -19"><span class='ocrx_word' id='word_1_188' title='bbox 285 3393 324 3435; x_wconf 84' lang='lat'><strong>6.</strong></span> <span class='ocrx_word' id='word_1_189' title='bbox 342 3395 389 3435; x_wconf 81' lang='lat' dir='ltr'><strong>‘A</strong></span> <span class='ocrx_word' id='word_1_190' title='bbox 408 3397 566 3436; x_wconf 68' lang='lat' dir='ltr'><strong>men&#39;m</strong></span> <span class='ocrx_word' id='word_1_191' title='bbox 583 3397 690 3451; x_wconf 78' lang='lat' dir='ltr'><strong>ejus.</strong></span> <span class='ocrx_word' id='word_1_192' title='bbox 716 3397 754 3439; x_wconf 87' lang='lat' dir='ltr'>A</span> <span class='ocrx_word' id='word_1_193' title='bbox 775 3396 998 3441; x_wconf 74' lang='lat' dir='ltr'><strong>benefieiis</strong></span> <span class='ocrx_word' id='word_1_194' title='bbox 1018 3397 1082 3453; x_wconf 86' lang='lat' dir='ltr'><strong>ip-</strong></span> 
     </span>
     <span class='ocr_line' id='line_1_35' title="bbox 231 3457 554 3514; baseline 0.003 -14"><span class='ocrx_word' id='word_1_195' title='bbox 231 3458 317 3501; x_wconf 85' lang='lat' dir='ltr'><strong>sius</strong></span> <span class='ocrx_word' id='word_1_196' title='bbox 337 3457 554 3514; x_wconf 89' lang='lat' dir='ltr'><strong>Pompeii.</strong></span> 
     </span>
    </p>
   </div>
   <div class='ocr_carea' id='block_1_16' title="bbox 1163 2543 2021 3517">
    <p class='ocr_par' dir='ltr' id='par_1_18' title="bbox 1163 2543 2021 3371">
     <span class='ocr_line' id='line_1_36' title="bbox 1218 2543 2021 2600; baseline 0.002 -16"><span class='ocrx_word' id='word_1_197' title='bbox 1218 2558 1259 2600; x_wconf 82' lang='lat'><strong>9.</strong></span> <span class='ocrx_word' id='word_1_198' title='bbox 1289 2543 1456 2585; x_wconf 77' lang='lat' dir='ltr'><strong>Tmolia</strong></span> <span class='ocrx_word' id='word_1_199' title='bbox 1484 2549 1595 2584; x_wconf 74' lang='lat' dir='ltr'><strong>terra</strong></span> <span class='ocrx_word' id='word_1_200' title='bbox 1620 2551 1820 2586; x_wconf 71' lang='lat' dir='ltr'><strong>racemos.</strong></span> <span class='ocrx_word' id='word_1_201' title='bbox 1853 2544 2021 2586; x_wconf 65' lang='lat' dir='ltr'><strong>Gnosia</strong></span> 
     </span>
     <span class='ocr_line' id='line_1_37' title="bbox 1164 2603 2019 2660; baseline 0.001 -10"><span class='ocrx_word' id='word_1_202' title='bbox 1164 2608 1292 2651; x_wconf 84' lang='lat' dir='ltr'><strong>multi</strong></span> <span class='ocrx_word' id='word_1_203' title='bbox 1310 2617 1506 2660; x_wconf 61' lang='grc' dir='ltr'><strong>’σείει-835</strong></span> <span class='ocrx_word' id='word_1_204' title='bbox 1530 2608 1606 2651; x_wconf 86' lang='lat' dir='ltr'><strong>sed</strong></span> <span class='ocrx_word' id='word_1_205' title='bbox 1620 2609 1783 2652; x_wconf 79' lang='lat' dir='ltr'><strong>frustra</strong></span> <span class='ocrx_word' id='word_1_206' title='bbox 1804 2624 1814 2652; x_wconf 72' lang='grc' dir='ltr'>ε</span> <span class='ocrx_word' id='word_1_207' title='bbox 1831 2603 1935 2651; x_wconf 89' lang='lat' dir='ltr'><strong>hinc</strong></span> <span class='ocrx_word' id='word_1_208' title='bbox 1954 2614 2019 2651; x_wconf 81' lang='lat' dir='ltr'><strong>vi-</strong></span> 
     </span>
     <span class='ocr_line' id='line_1_38' title="bbox 1164 2674 2013 2729; baseline 0.001 -13"><span class='ocrx_word' id='word_1_209' title='bbox 1164 2682 1264 2717; x_wconf 79' lang='lat' dir='ltr'><strong>neta</strong></span> <span class='ocrx_word' id='word_1_210' title='bbox 1282 2675 1634 2717; x_wconf 67' lang='lat' dir='ltr'><strong>DmliM&#39;etam.</strong></span> <span class='ocrx_word' id='word_1_211' title='bbox 1650 2675 1717 2717; x_wconf 88' lang='lat' dir='ltr'><strong>VI</strong></span> <span class='ocrx_word' id='word_1_212' title='bbox 1732 2708 1744 2729; x_wconf 93' lang='lat'>,</span> <span class='ocrx_word' id='word_1_213' title='bbox 1765 2676 1834 2726; x_wconf 88' lang='lat'><strong>15;</strong></span> <span class='ocrx_word' id='word_1_214' title='bbox 1855 2682 1900 2717; x_wconf 90' lang='lat' dir='ltr'><strong>et</strong></span> <span class='ocrx_word' id='word_1_215' title='bbox 1919 2674 1986 2717; x_wconf 81' lang='lat' dir='ltr'><strong>XI</strong></span> <span class='ocrx_word' id='word_1_216' title='bbox 2001 2708 2013 2728; x_wconf 94' lang='lat'>,</span> 
     </span>
     <span class='ocr_line' id='line_1_39' title="bbox 1164 2736 2017 2785; baseline -0.004 0"><span class='ocrx_word' id='word_1_217' title='bbox 1164 2742 1230 2785; x_wconf 67' lang='lat'><strong>85.</strong></span> <span class='ocrx_word' id='word_1_218' title='bbox 1245 2736 1534 2784; x_wconf 60' lang='lat' dir='ltr'><strong>H.--1&#39;5nolia</strong></span> <span class='ocrx_word' id='word_1_219' title='bbox 1544 2749 1656 2785; x_wconf 69' lang='lat' dir='ltr'><strong>terra</strong></span> <span class='ocrx_word' id='word_1_220' title='bbox 1669 2752 1870 2784; x_wconf 77' lang='lat' dir='ltr'><strong>racemos.</strong></span> <span class='ocrx_word' id='word_1_221' title='bbox 1884 2740 2017 2783; x_wconf 87' lang='lat' dir='ltr'><strong>Tmo-</strong></span> 
     </span>
     <span class='ocr_line' id='line_1_40' title="bbox 1163 2804 2015 2861; baseline -0.001 -13"><span class='ocrx_word' id='word_1_222' title='bbox 1163 2805 1231 2849; x_wconf 89' lang='lat' dir='ltr'><strong>lus</strong></span> <span class='ocrx_word' id='word_1_223' title='bbox 1269 2823 1398 2850; x_wconf 86' lang='lat' dir='ltr'><strong>mons</strong></span> <span class='ocrx_word' id='word_1_224' title='bbox 1441 2815 1506 2849; x_wconf 76' lang='lat' dir='ltr'><strong>est</strong></span> <span class='ocrx_word' id='word_1_225' title='bbox 1526 2838 1538 2861; x_wconf 90' lang='lat'>,</span> <span class='ocrx_word' id='word_1_226' title='bbox 1577 2815 1627 2849; x_wconf 84' lang='lat' dir='ltr'><strong>ut</strong></span> <span class='ocrx_word' id='word_1_227' title='bbox 1660 2805 1818 2850; x_wconf 77' lang='lat' dir='ltr'><strong>Strabo</strong></span> <span class='ocrx_word' id='word_1_228' title='bbox 1852 2804 1983 2848; x_wconf 55' lang='lat' dir='ltr'><strong>&gt;docet</strong></span> <span class='ocrx_word' id='word_1_229' title='bbox 2003 2838 2015 2858; x_wconf 86' lang='lat'>,</span> 
     </span>
     <span class='ocr_line' id='line_1_41' title="bbox 1165 2869 2019 2928; baseline -0.004 -14"><span class='ocrx_word' id='word_1_230' title='bbox 1165 2871 1371 2915; x_wconf 84' lang='lat' dir='ltr'><strong>Maeoniae</strong></span> <span class='ocrx_word' id='word_1_231' title='bbox 1385 2905 1396 2927; x_wconf 93' lang='lat'>,</span> <span class='ocrx_word' id='word_1_232' title='bbox 1423 2882 1519 2928; x_wconf 74' lang='lat' dir='ltr'><strong>quae</strong></span> <span class='ocrx_word' id='word_1_233' title='bbox 1540 2880 1689 2927; x_wconf 83' lang='lat' dir='ltr'><strong>postea</strong></span> <span class='ocrx_word' id='word_1_234' title='bbox 1706 2872 1848 2928; x_wconf 71' lang='lat' dir='ltr'><em>Lydia</em></span> <span class='ocrx_word' id='word_1_235' title='bbox 1868 2869 2019 2925; x_wconf 89' lang='lat' dir='ltr'><strong>adpel-</strong></span> 
     </span>
     <span class='ocr_line' id='line_1_42' title="bbox 1165 2928 2015 2993; baseline -0.002 -14"><span class='ocrx_word' id='word_1_236' title='bbox 1165 2936 1250 2979; x_wconf 82' lang='lat' dir='ltr'><strong>lata</strong></span> <span class='ocrx_word' id='word_1_237' title='bbox 1267 2928 1380 2989; x_wconf 75' lang='lat' dir='ltr'><strong>suit3</strong></span> <span class='ocrx_word' id='word_1_238' title='bbox 1413 2936 1566 2993; x_wconf 78' lang='lat' dir='ltr'><strong>Virgil.</strong></span> <span class='ocrx_word' id='word_1_239' title='bbox 1596 2935 1758 2992; x_wconf 76' lang='lat' dir='ltr'><strong>Georg.</strong></span> <span class='ocrx_word' id='word_1_240' title='bbox 1782 2934 1828 2988; x_wconf 89' lang='grc' dir='ltr'><strong>Ι,</strong></span> <span class='ocrx_word' id='word_1_241' title='bbox 1852 2949 1910 2977; x_wconf 82' lang='lat' dir='ltr'><strong>vs.</strong></span> <span class='ocrx_word' id='word_1_242' title='bbox 1938 2935 2015 2977; x_wconf 83' lang='lat'><strong>56:</strong></span> 
     </span>
     <span class='ocr_line' id='line_1_43' title="bbox 1168 3000 2016 3061; baseline -0.006 -15"><span class='ocrx_word' id='word_1_243' title='bbox 1168 3021 1189 3040; x_wconf 90' lang='lat'>«</span> <span class='ocrx_word' id='word_1_244' title='bbox 1207 3004 1370 3047; x_wconf 88' lang='lat' dir='ltr'><strong>Nonne</strong></span> <span class='ocrx_word' id='word_1_245' title='bbox 1399 3002 1521 3045; x_wconf 84' lang='lat' dir='ltr'><strong>vides</strong></span> <span class='ocrx_word' id='word_1_246' title='bbox 1537 3012 1725 3061; x_wconf 36' lang='lat' dir='ltr'><strong>&#39;croceos</strong></span> <span class='ocrx_word' id='word_1_247' title='bbox 1741 3009 1802 3043; x_wconf 51' lang='lat' dir='ltr'><strong>&gt;ut</strong></span> <span class='ocrx_word' id='word_1_248' title='bbox 1833 3000 2016 3043; x_wconf 84' lang='lat' dir='ltr'><strong>Tmolus</strong></span> 
     </span>
     <span class='ocr_line' id='line_1_44' title="bbox 1165 3060 2015 3118; baseline -0.002 -10"><span class='ocrx_word' id='word_1_249' title='bbox 1165 3066 1321 3109; x_wconf 87' lang='lat' dir='ltr'><strong>odores</strong></span> <span class='ocrx_word' id='word_1_250' title='bbox 1335 3083 1346 3118; x_wconf 90' lang='lat'>;</span> <span class='ocrx_word' id='word_1_251' title='bbox 1362 3079 1388 3104; x_wconf 62' lang='grc' dir='ltr'><em>ω</em></span> <span class='ocrx_word' id='word_1_252' title='bbox 1406 3066 1539 3109; x_wconf 84' lang='lat' dir='ltr'><strong>ovid.</strong></span> <span class='ocrx_word' id='word_1_253' title='bbox 1560 3067 1608 3109; x_wconf 86' lang='lat' dir='ltr'><strong>in</strong></span> <span class='ocrx_word' id='word_1_254' title='bbox 1623 3060 1808 3109; x_wconf 81' lang='lat' dir='ltr'><strong>Metam.</strong></span> <span class='ocrx_word' id='word_1_255' title='bbox 1827 3065 1898 3107; x_wconf 89' lang='lat' dir='ltr'><strong>lib.</strong></span> <span class='ocrx_word' id='word_1_256' title='bbox 1916 3065 1990 3107; x_wconf 93' lang='lat' dir='ltr'><strong>VI</strong></span> <span class='ocrx_word' id='word_1_257' title='bbox 2003 3097 2015 3118; x_wconf 90' lang='lat'>,</span> 
     </span>
     <span class='ocr_line' id='line_1_45' title="bbox 1164 3128 2018 3188; baseline 0 -18"><span class='ocrx_word' id='word_1_258' title='bbox 1164 3147 1222 3173; x_wconf 81' lang='lat' dir='ltr'><strong>vs.</strong></span> <span class='ocrx_word' id='word_1_259' title='bbox 1246 3130 1317 3173; x_wconf 78' lang='lat'><strong>16:</strong></span> <span class='ocrx_word' id='word_1_260' title='bbox 1335 3147 1358 3167; x_wconf 86' lang='lat'>«</span> <span class='ocrx_word' id='word_1_261' title='bbox 1380 3130 1629 3173; x_wconf 84' lang='lat' dir='ltr'><strong>Deseruere</strong></span> <span class='ocrx_word' id='word_1_262' title='bbox 1646 3130 1713 3174; x_wconf 90' lang='lat' dir='ltr'><strong>sui</strong></span> <span class='ocrx_word' id='word_1_263' title='bbox 1729 3129 1936 3188; x_wconf 81' lang='lat' dir='ltr'><strong>nymphae</strong></span> <span class='ocrx_word' id='word_1_264' title='bbox 1954 3128 2018 3172; x_wconf 81' lang='lat' dir='ltr'><strong>vi-</strong></span> 
     </span>
     <span class='ocr_line' id='line_1_46' title="bbox 1163 3194 2017 3254; baseline 0 -16"><span class='ocrx_word' id='word_1_265' title='bbox 1163 3197 1447 3240; x_wconf 88' lang='lat' dir='ltr'><strong>netaTimoli.</strong></span> <span class='ocrx_word' id='word_1_266' title='bbox 1460 3215 1482 3235; x_wconf 74' lang='lat'><strong>&gt;1</strong></span> <span class='ocrx_word' id='word_1_267' title='bbox 1500 3197 1676 3254; x_wconf 85' lang='lat' dir='ltr'><strong>Quibus</strong></span> <span class='ocrx_word' id='word_1_268' title='bbox 1691 3194 2017 3240; x_wconf 81' lang='lat' dir='ltr'><strong>auctoritatibus</strong></span> 
     </span>
     <span class='ocr_line' id='line_1_47' title="bbox 1163 3260 2015 3318; baseline -0.002 -13"><span class='ocrx_word' id='word_1_269' title='bbox 1163 3270 1283 3318; x_wconf 81' lang='lat' dir='ltr'><strong>patet</strong></span> <span class='ocrx_word' id='word_1_270' title='bbox 1306 3263 1441 3305; x_wconf 88' lang='lat' dir='ltr'><strong>etiam</strong></span> <span class='ocrx_word' id='word_1_271' title='bbox 1458 3271 1661 3305; x_wconf 85' lang='lat' dir='ltr'><strong>montem</strong></span> <span class='ocrx_word' id='word_1_272' title='bbox 1681 3262 1892 3306; x_wconf 83' lang='lat' dir='ltr'><strong>Tmolum</strong></span> <span class='ocrx_word' id='word_1_273' title='bbox 1912 3260 2015 3303; x_wconf 81' lang='lat' dir='ltr'><strong>vino</strong></span> 
     </span>
     <span class='ocr_line' id='line_1_48' title="bbox 1165 3327 1638 3371; baseline 0 -1"><span class='ocrx_word' id='word_1_274' title='bbox 1165 3343 1213 3370; x_wconf 89' lang='lat' dir='ltr'><strong>ac</strong></span> <span class='ocrx_word' id='word_1_275' title='bbox 1236 3343 1364 3370; x_wconf 90' lang='lat' dir='ltr'><strong>croco</strong></span> <span class='ocrx_word' id='word_1_276' title='bbox 1385 3327 1638 3371; x_wconf 86' lang='lat' dir='ltr'><strong>abundasse.</strong></span> 
     </span>
    </p>

    <p class='ocr_par' dir='ltr' id='par_1_19' title="bbox 1165 3390 2015 3517">
     <span class='ocr_line' id='line_1_49' title="bbox 1223 3390 2015 3451; baseline -0.005 -15"><span class='ocrx_word' id='word_1_277' title='bbox 1223 3412 1284 3438; x_wconf 87' lang='lat'><strong>10.</strong></span> <span class='ocrx_word' id='word_1_278' title='bbox 1308 3398 1421 3449; x_wconf 78' lang='lat' dir='ltr'><strong>Quot</strong></span> <span class='ocrx_word' id='word_1_279' title='bbox 1435 3395 1586 3451; x_wconf 79' lang='lat' dir='ltr'><strong>Sicyon</strong></span> <span class='ocrx_word' id='word_1_280' title='bbox 1606 3397 1773 3437; x_wconf 81' lang='lat' dir='ltr'><strong>baccas.</strong></span> <span class='ocrx_word' id='word_1_281' title='bbox 1790 3393 1912 3448; x_wconf 79' lang='lat' dir='ltr'><strong>Quot</strong></span> <span class='ocrx_word' id='word_1_282' title='bbox 1932 3390 2015 3432; x_wconf 83' lang='lat' dir='ltr'><strong>oli-</strong></span> 
     </span>
     <span class='ocr_line' id='line_1_50' title="bbox 1165 3456 2012 3517; baseline -0.005 -16"><span class='ocrx_word' id='word_1_283' title='bbox 1165 3475 1235 3503; x_wconf 83' lang='lat' dir='ltr'><strong>vas</strong></span> <span class='ocrx_word' id='word_1_284' title='bbox 1257 3458 1417 3517; x_wconf 88' lang='lat' dir='ltr'><strong>Sicyon</strong></span> <span class='ocrx_word' id='word_1_285' title='bbox 1447 3459 1594 3502; x_wconf 81' lang='lat' dir='ltr'><strong>civitas</strong></span> <span class='ocrx_word' id='word_1_286' title='bbox 1619 3459 1719 3501; x_wconf 85' lang='lat' dir='ltr'><strong>fert.</strong></span> <span class='ocrx_word' id='word_1_287' title='bbox 1743 3456 1847 3500; x_wconf 88' lang='lat' dir='ltr'><strong>Fuit</strong></span> <span class='ocrx_word' id='word_1_288' title='bbox 1865 3463 2012 3499; x_wconf 89' lang='lat' dir='ltr'><strong>autem</strong></span> 
     </span>
    </p>
   </div>
  </div>
 </body>
</html>
