2280 3776
276 295 382 347 320

742 294 805 346 P.
862 292 1166 347 OVIDII
1199 289 1593 352 NASONIS

275 413 571 492 Quumque
604 431 824 469 serenus
851 410 979 482 erit,
1011 408 1305 493 vultusque
1334 411 1604 473 remiserit
1630 412 1788 488 illos,
1972 436 2038 477 265

356 508 471 586 Qui
502 530 680 566 secum
711 519 876 565 terras
906 505 1304 590 imperiumque
1331 525 1581 581 movent;

274 604 541 681 Exiguam
570 626 639 662 ne
672 626 757 662 me
784 602 1019 684 praedam
1052 604 1196 663 sinat
1223 629 1337 666 esse
1374 607 1663 679 Getarum,

353 701 572 780 Detque
602 696 781 757 solum
810 696 1017 756 miserae
1040 698 1200 770 mite,
1229 722 1476 780 precare,
1503 700 1660 779 fugae.

274 798 515 876 Tempus
545 793 695 852 adest
721 808 909 875 aptum
940 794 1198 875 precibus
1224 820 1236 854 ε
1267 795 1410 855 valet
1434 796 1584 878 ipse,
1615 797 1870 881 videtque

354 891 509 968 Quas
536 888 666 947 fecit
694 888 864 959 vires,
893 890 1096 960 Roma,
1123 888 1298 949 valere
1327 904 1469 951 tuas.
1983 926 2038 968 7⁰

275 984 569 1044 Incolumis
599 983 797 1064 conjux
828 1006 924 1043 sua
953 982 1258 1065 pulvinaria
1284 1000 1490 1045 servat:

351 1083 647 1142 Promovet
674 1081 984 1141 Ausonium
1013 1080 1160 1141 filius
1189 1081 1497 1165 imperium.

272 1176 522 1237 Praeterit
545 1177 663 1258 ipse
692 1199 822 1235 suos
853 1176 1034 1235 animo
1070 1175 1428 1238 Germanicus
1455 1175 1658 1250 annOS,

355 1274 468 1333 Nec
496 1271 653 1348 vigor
681 1285 763 1330 est
790 1271 959 1330 Drusi
985 1269 1274 1331 nobilitate
1302 1272 1500 1333 minor.

273 1421 349 1447 ror.
374 1402 623 1447 Fatendum
648 1411 711 1445 est
742 1417 813 1445 me
841 1418 1047 1458 peccasse.
1064 1425 1118 1434 -

278 1467 465 1522 Utfruar
475 1471 576 1510 vita.
589 1468 785 1509 Fortasse
802 1466 1022 1523 Augustus
1036 1466 1119 1509 ira-

273 1543 342 1577 tus
358 1567 369 1588 ,
399 1533 507 1576 mihi
533 1533 667 1576 vitam
687 1565 699 1587 ,
724 1548 856 1588 quam
877 1531 1114 1584 concessit,

275 1599 498 1642 adimeret.

328 1667 394 1709 65.
419 1666 642 1721 Vultusque
658 1668 859 1709 remiserit
884 1667 996 1706 illos.
1017 1665 1117 1708 Hoc

274 1738 365 1782 est,
388 1730 530 1772 vultus
552 1729 644 1773 illos
671 1744 842 1772 severos
870 1737 914 1771 et
940 1744 1088 1786 graves
1104 1762 1116 1782 ,

275 1810 465 1850 quorum
495 1803 635 1848 nutu,
669 1795 755 1838 sive
783 1794 945 1836 intuitu
976 1801 1118 1836 totum

273 1860 509 1916 imperium
529 1868 850 1911 commovetur,
871 1858 1120 1915 deposuerit

273 1934 403 1981 atque
422 1924 679 1968 exhilararit.
699 1925 871 1967 MICVL.

328 1990 393 2045 67.
431 1991 654 2043 Emgmam.
688 1988 821 2031 Forte
845 2021 856 2042 ,
887 1993 1080 2043 exiguum
1100 2023 1111 2039 ‚

274 2072 353 2112 per
371 2053 686 2111 adpositionem
704 2071 714 2106 3
737 2070 808 2095 me
830 2055 1034 2110 exiguum
1049 2087 1060 2108 ,
1077 2063 1121 2096 et

273 2122 404 2164 vilem
421 2137 480 2163 ne
493 2121 596 2163 velit
615 2136 705 2163 esse
726 2120 931 2176 praedam.
955 2120 1119 2163 BURM.

330 2203 393 2242 7¹·
412 2189 672 2229 Pulvinart'a.
694 2185 852 2240 Accipe
874 2200 953 2241 pro
977 2184 1122 2226 thala-

276 2269 375 2307 m0,
398 2252 485 2295 sive
509 2251 715 2308 conjugio
732 2284 744 2305 ,
771 2250 889 2306 quod
912 2250 1121 2307 pulvina-

275 2318 444 2361 riorum
467 2316 647 2360 nomine
676 2316 862 2373 adpellat
879 2348 891 2370 ,
919 2315 1123 2359 adulandi

274 2384 407 2440 gratia
424 2415 435 2436 ‚
454 2420 456 2424 ,
475 2391 686 2437 tanquam
699 2380 760 2424 ·de
792 2380 888 2423 Diis
908 2380 1091 2436 loquens
1108 2413 1120 2434 ,

275 2447 429 2503 quibus
455 2447 501 2489 in
529 2446 701 2502 templis
728 2445 969 2502 pulvinaria
986 2444 1124 2489 sterni

275 2513 483 2555 solebant.
503 2511 679 2554 MICYL.

333 2595 396 2634 72.
435 2579 583 2619 Filius.
620 2576 821 2619 Tiberius
851 2575 982 2618 Liviae
1010 2574 1124 2618 filius

277 2652 321 2686 et
341 2642 520 2699 Augusti
536 2658 614 2697 per
629 2640 922 2696 adoptionem.
940 2639 1026 2682 Hic
1045 2656 1125 2682 au-

277 2717 368 2751 tem
399 2708 415 2760 (
445 2714 494 2749 ut
518 2706 700 2748 diximus
728 2708 744 2760 )
779 2705 949 2747 domuit
980 2714 1124 2747 totum

278 2773 499 2832 Illyricum
516 2806 527 2826 ,
551 2771 667 2828 quod
691 2772 803 2813 intra
827 2771 995 2814 Italiam
1015 2804 1026 2825 ,
1050 2787 1125 2813 re-

278 2853 499 2896 gnumque
515 2837 742 2889 Noricum,
756 2845 800 2879 et
809 2836 1064 2890 Thraciam,
1080 2844 1124 2878 et

279 2904 586 2947 Macedoniam
603 2936 615 2957 ,
642 2902 842 2959 interque
870 2902 1125 2945 Danubium

278 2971 447 3014 flumen
467 3003 478 3024 ,
501 2979 543 3012 et
562 2970 708 3013 sinum
728 2970 859 3013 maris
885 2967 1125 3011 Hadriatici

282 3047 411 3093 patet,
432 3037 555 3092 Quas
574 3037 628 3079 ob
645 3053 711 3079 res
729 3036 974 3092 triumphus
994 3036 1033 3077 ei
1053 3034 1126 3076 de-

284 3112 426 3145 cretus
447 3112 536 3156 est,
565 3118 697 3159 quem
725 3100 912 3155 distulit,
947 3101 1124 3156 lugente

281 3167 446 3210 cladem
466 3169 702 3210 Varianam
724 3167 909 3210 civitate.

340 3234 403 3288 73.
426 3236 614 3275 Proelerit
629 3239 717 3287 ψει»
729 3249 840 3275 suos.
861 3232 1004 3275 Aliam
1018 3245 1125 3274 cau-

282 3311 373 3339 sam
395 3295 611 3351 adsignat,
636 3299 690 3340 ob
719 3313 851 3353 quarn
879 3297 1127 3353 Augustum

282 3362 429 3404 laetum
447 3378 535 3408 esse
549 3362 687 3405 docet.
703 3362 918 3405 Animum
931 3395 943 3416 ,
961 3360 1123 3417 inquit,

284 3428 498 3483 majorem
534 3428 657 3471 annis
697 3429 807 3483 gerit
839 3426 1126 3470 Germanicus

1197 1419 1333 1460 nepos
1351 1403 1518 1447 Tiberii
1541 1421 1592 1447 ex
1609 1405 1746 1448 fratre
1768 1405 1915 1448 Druso
1932 1438 1944 1459 ‚
1966 1407 2042 1448 sed

1198 1468 1310 1512 filius
1325 1486 1402 1526 per
1422 1469 1715 1526 adoptionem.
1737 1471 1778 1514 Is
1798 1479 1945 1527 postea
1962 1487 2045 1514 an-

1197 1550 1308 1577 num
1330 1551 1459 1592 agens
1484 1544 1689 1592 quartum
1715 1544 1842 1591 atque
1866 1535 2043 1593 trigesi-

1197 1616 1322 1643 mum
1339 1633 1350 1655 ,
1380 1600 1590 1654 diuturno
1618 1602 1773 1644 morbo
1798 1601 2042 1645 Antiochia>

1198 1666 1328 1719 obiit,
1351 1681 1443 1709 non
1467 1667 1560 1710 sine
1583 1667 1743 1710 veneni
1772 1666 2014 1724 suspicione
2029 1701 2040 1721 ,

1197 1731 1351 1775 fraude
1374 1733 1567 1787 Tiberii,
1596 1734 1837 1777 ministerio
1862 1749 1968 1777 vero
1998 1744 2043 1777 et

1198 1812 1331 1853 opera
1345 1796 1397 1840 C.
1415 1797 1583 1841 Pisonis
1597 1831 1609 1852 ,
1628 1798 1701 1854 qui
1715 1799 1794 1841 sub
1806 1797 1922 1840 idem
1936 1806 2044 1840 tem-

1199 1878 1278 1918 pus
1286 1862 1424 1921 Syriae
1437 1872 1642 1919 praeerat:
1657 1872 1806 1906 auctor
1816 1861 2028 1918 Tranquil
2036 1896 2045 1902 .

1258 1929 1322 1983 74.
1339 1930 1427 1970 Nec
1439 1932 1558 1982 vzgror
1570 1936 1638 1970 est
1642 1929 1783 1970 Drusi.
1798 1930 1938 1970 Druso
1951 1943 2045 1969 ma—

1200 1991 1289 2034 lim.
1312 1992 1371 2034 H.
1386 1994 1537 2034 —Nec
1558 1996 1678 2046 vigor
1695 2000 1761 2034 est
1775 1992 1911 2034 Drusi
1924 1995 2045 2034 nobi—

1200 2058 1331 2098 litate.
1361 2054 1536 2097 Fortior
1566 2065 1694 2110 atque
1722 2055 1958 2098 animosior
1981 2066 2046 2098 est

1203 2135 1335 2175 quam
1349 2135 1430 2176 pro
1442 2128 1566 2162 aetate
1580 2135 1669 2161 sua.
1684 2121 1777 2163 Nec
1790 2120 1960 2164 Drusus
1971 2137 2047 2163 no-

1201 2184 1329 2228 bilior
1345 2194 1410 2228 est
1430 2200 1563 2241 quam
1581 2184 1741 2229 fortior
1755 2218 1766 2239 ,
1787 2185 1863 2228 sed
1887 2185 2048 2242 pariter

1203 2251 1370 2294 excellit
1385 2250 1533 2293 animo
1547 2266 1594 2294 ac
1603 2250 1841 2294 nobilitate.
1851 2251 2046 2294 Drusum

1205 2324 1352 2358 autem
1375 2314 1564 2372 intellige
1581 2348 1593 2369 ,
1621 2332 1713 2358 non
1735 2325 1905 2372 patrem
1925 2315 2050 2359 Ger-

1205 2381 1380 2434 manici,
1394 2380 1764 2436 fratremTiberii‚
1774 2381 1810 2424 is
1819 2380 2051 2424 enimmul-

1204 2446 1257 2489 tis
1272 2454 1372 2489 ante
1388 2445 1511 2488 annis
1525 2446 1713 2502 perierat
1729 2446 1777 2488 in
1791 2445 2048 2490 Germania:

1204 2512 1280 2556 sed
1307 2511 1505 2555 Drusum
1535 2512 1700 2555 Tiberii
1727 2529 1777 2555 ex
1809 2513 2048 2569 Agrippina

1205 2576 1345 2620 filium
1362 2610 1374 2631 ,
1399 2578 1522 2633 cujus
1542 2593 1650 2621 uxor
1668 2577 1787 2620 Livia
1804 2577 1890 2620 fuit
1902 2610 1913 2631 ,
1937 2577 2049 2620 Ger-

1205 2643 1362 2688 manici
1376 2658 1502 2685 soror
1517 2642 1639 2686 :vide
1653 2642 1872 2696 Tacitum,
1885 2642 1955 2686 lib.
1968 2642 2047 2685 IV.

1206 2708 1314 2751 Mox
1336 2725 1413 2765 per
1438 2710 1578 2751 Nurus
1592 2741 1602 2758 ,
1625 2706 1816 2765 intellige
1842 2707 2050 2763 Agrippi—

1205 2790 1310 2818 nam
1332 2774 1610 2828 Germanici,
1632 2782 1676 2816 et
1698 2773 1867 2816 Liviam
1886 2771 2047 2826 Drusi,

1206 2832 1361 2883 uiores
1376 2855 1386 2881 :
1402 2855 1481 2894 per
1493 2847 1647 2894 neptes
1664 2847 1707 2880 et
1722 2846 1904 2893 nepotes
1915 2870 1927 2891 ,
1942 2836 2053 2880 Ger-

1206 2904 1367 2948 manici
1383 2919 1431 2947 ac
1446 2903 1580 2945 Drusi
1597 2901 1781 2958 junioris
1798 2902 1955 2945 liberos
1970 2920 1980 2954 ;
2001 2911 2052 2945 ut

1204 2967 1327 3010 fuere
1343 3000 1354 3022 ‚
1378 2983 1429 3009 ex
1446 2966 1714 3009 Germanico
1738 2965 1916 3021 quidem
1939 2964 2052 3008 Cali-

1207 3031 1304 3088 gula
1318 3063 1330 3085 ,
1341 3031 1426 3086 ⁴qui
1445 3029 1624 3073 Tiberio
1644 3031 1845 3073 successit
1861 3047 1872 3074 :
1891 3029 2054 3086 Agrip-7

1205 3095 1308 3151 pina
1322 3129 1334 3150 ,
1356 3111 1452 3151 quae
1465 3096 1658 3152 primum
1667 3096 1867 3139 Domitio
1878 3097 2025 3152 nupsit
2038 3127 2050 3149 ,

1206 3160 1326 3203 unde
1344 3161 1463 3204 Nero
1481 3170 1608 3204 natus
1621 3161 1706 3204 fuit
1719 3194 1732 3217 ,
1751 3176 1851 3205 mox
1867 3159 2053 3204 Claudio

1206 3226 1469 3283 imperatori
1487 3226 1750 3270 cohabitavit
1772 3242 1783 3270 t
1803 3226 1912 3270 item
1930 3226 2050 3270 Nero

1208 3303 1251 3336 et
1272 3293 1464 3348 Drusus,
1487 3294 1561 3350 qui
1582 3302 1677 3350 post
1694 3309 1719 3336 a
1733 3293 1911 3337 Tiberio
1933 3292 2052 3334 inte-

1207 3359 1368 3416 rempti
1388 3375 1398 3403 ε
1420 3359 1537 3402 Julia
1564 3368 1608 3402 et
1630 3358 1847 3412 Drusilla,
1870 3357 1922 3401 de
1943 3355 2048 3412 qui-—

1207 3425 1286 3468 bus
1308 3424 1482 3469 Tacitus
1497 3457 1510 3479 ,
1534 3423 1776 3468 Annal.lib.
1797 3423 1856 3467 ΙΙ.
