2280 3776
565 335 1013 392 TRISTIUM
1064 336 1219 390 LIB.
1259 337 1372 391 1V.
1413 336 1656 392 ELEG.
1710 337 1782 391 V.
1930 350 2042 414 ‘179

367 443 580 505 incidat
611 459 666 506 et
693 459 872 505 vestro
897 465 1017 506 rara
1047 442 1263 526 querela
1293 459 1448 504 toro:

288 537 500 616 Diligat
527 554 580 599 et
607 562 817 623 semper
845 537 1025 599 socius
1053 550 1105 598 te
1137 537 1414 615 sanguinis
1441 535 1536 598 illo
1554 582 1571 610 ‚

373 636 502 714 Quo
533 634 658 717 pius
683 633 897 694 adfectu
931 634 1156 695 Castora
1184 634 1349 695 frater
1376 649 1517 695 amat
1542 659 1555 694 ε
2001 649 2052 691 3ο

292 728 381 790 Sic
405 731 648 812 juveniS‚
678 729 977 814 similisque
1007 730 1109 790 tibi
1134 731 1207 791 sit
1235 746 1425 803 natm,
1458 746 1513 792 et
1541 729 1694 791 illum

372 826 624 887 Moribus
654 841 912 906 agnoscat
941 824 1173 909 quilibet
1201 849 1316 888 esse
1346 841 1534 887 tuum:

291 906 390 983 sic,
408 946 655 984 socerum
682 923 841 985 saciat
873 923 1007 984 taeda
1039 937 1090 983 te
1119 938 1243 984 nata
1270 923 1469 1004 jugali,

370 1020 483 1079 Nec
518 1019 731 1080 tardum
760 1019 944 1101 juveni
970 1018 1062 1079 det
1091 1019 1193 1080 tibi
1218 1043 1417 1081 nomen
1446 1020 1545 1080 avi.

347 1156 412 1198 28.
426 1157 547 1199 Rara
557 1159 734 1213 querela.
755 1155 891 1199 Prim.
904 1157 1043 1200 Vatic.
1061 1172 1135 1200 ra·
1213 1157 1319 1200 bent
1333 1190 1344 1211 ,
1363 1165 1409 1199 ut
1430 1154 1651 1200 oceidente
1672 1171 1758 1198 una
1773 1189 1783 1208 ,
1806 1156 1971 1198 oriatur
1994 1155 2057 1198 al-

292 1226 364 1273 ta;
378 1220 552 1277 plurimi
567 1226 710 1274 nulla‚·
726 1223 857 1266 etiam
871 1223 1004 1266 bene:
1020 1222 1132 1279 apud

292 1285 540 1329 Martialem
564 1288 638 1329 Lis
656 1303 764 1329 rara.
786 1287 954 1331 IlmNs.

344 1366 411 1410 ²9·
429 1350 576 1393 Socius
597 1354 826 1405 sanguinis.
851 1350 1005 1393 Frater
1025 1358 1136 1394 tuus.

349 1414 415 1458 30.
440 1417 593 1458 Frater.
620 1414 785 1458 Pollux.
806 1415 862 1460 Et
884 1431 1020 1472 quum
1053 1415 1139 1458 Ju-

296 1480 410 1538 piter
435 1479 589 1523 caelum
615 1480 780 1523 Polluci
801 1479 980 1525 daturus
1002 1490 1136 1535 esset,

295 1546 389 1602 eius
400 1544 595 1603 precibus
605 1545 768 1590 factum
782 1556 860 1602 est,
878 1547 1006 1591 utsex
1023 1560 1141 1590 men-

295 1611 412 1655 sibus
432 1609 590 1654 Castor
611 1611 655 1654 in
677 1612 780 1656 caelo
801 1622 932 1668 esset,
956 1613 1141 1657 totidem

298 1676 455 1721 Pollux
472 1709 484 1728 ‚
505 1675 673 1721 dicente
698 1677 887 1722 ovidio:
910 1697 931 1716 «
954 1679 1142 1735 Jamque

297 1739 571 1796 tibi„Pollux‚
586 1741 738 1785 coelum
753 1742 932 1787 sublime
948 1744 1141 1801 patebat,

305 1804 460 1861 Quum
482 1821 578 1849 mea
595 1838 607 1860 ‚
636 1805 800 1862 dixisti,
825 1809 995 1865 percipe
1015 1808 1146 1851 verba

302 1878 424 1927 pater
449 1887 458 1913 ε
483 1869 617 1926 Quod
638 1872 745 1915 mihi
768 1873 842 1917 das
871 1873 971 1926 uni,
992 1873 1144 1916 raelum

299 1935 458 1992 partire
475 1929 658 1990 duobus,
675 1945 782 1979 etc.»
801 1936 934 1993 Quod
953 1936 1051 1979 ideo
1068 1936 1147 1978 sm-

1218 1229 1308 1264 tera
1322 1239 1332 1273 3
1350 1219 1418 1264 vel
1433 1221 1531 1277 quia
1543 1221 1718 1264 alternis
1735 1220 1886 1262 diebus
1901 1220 2057 1263 lucent.

1218 1286 1421 1345 Hyginus
1436 1286 1597 1339 scribit,
1614 1285 1843 1328 Castorem
1859 1295 1901 1327 et
1921 1285 2060 1327 Pollu·

1218 1350 1520 1394 cemomnium
1535 1349 1720 1393 fratrum
1738 1350 1904 1392 interse
1916 1365 2060 1391 aman-

1219 1416 1400 1460 tissimos
1413 1415 1538 1459 fuisse
1553 1435 1563 1463 ς
1580 1415 1694 1471 quod
1714 1430 1853 1470 neque
1871 1413 1923 1455 «le
1938 1414 2060 1466 prin·

1220 1481 1361 1538 cipatu
1387 1480 1735 1533 contenderunt,
1759 1495 1902 1535 neque
1934 1478 2064 1522 ullam

1222 1561 1315 1588 rem
1344 1545 1437 1588 sine
1462 1543 1687 1588 communi
1716 1543 1894 1587 consilio
1916 1559 2066 1600 gesse-

1223 1619 1328 1654 runt
1343 1626 1352 1653 ε
1374 1626 1454 1667 pro
1467 1610 1620 1666 quibus
1634 1608 1784 1654 officiis
1803 1625 1877 1652 eos
1890 1609 2067 1665 Jupiter

1223 1673 1340 1717 inter
1361 1674 1582 1717 notissima
1601 1672 1741 1718 sidera
1767 1673 2002 1716 constituit.

1281 1740 1347 1783 3..
1365 1741 1434 1783 Sic
1444 1740 1614 1793 juvenis
1627 1772 1638 1788 .
1667 1743 1895 1793 similisque
1914 1741 1998 1781 tibi
2010 1743 2070 1782 sit

1225 1811 1363 1848 natus.
1384 1803 1516 1847 Forte
1534 1806 1604 1847 Sic
1622 1810 1805 1859 superet.
1835 1807 2067 1859 st'aeniltquue

1225 1873 1394 1923 tib1·s1't;
1411 1868 1601 1924 Ep.Did.
1619 1872 1693 1927 159
1706 1886 1715 1911 :
1727 1888 1746 1905 «
1762 1868 1834 1913 Sic
1844 1879 2067 1925 superent,

1229 1950 1522 1992 quoscumque
1535 1944 1607 1978 tua
1619 1933 1671 1977 de
1686 1943 1813 1991 gente
1828 1944 2065 1990 reportes3»

296 1997 441 2056 gitur,
465 1998 566 2058 quia
587 2015 740 2044 eorum
760 2001 892 2045 stellae
912 2001 970 2050 ita
997 2018 1041 2044 se
1068 2001 1149 2044 ha-
1229 1999 1312 2043 hoe
1331 2008 1422 2053 est,
1442 2000 1692 2056 superstites
1711 2000 1805 2043 sint.
1828 1998 1993 2043 Hmns.

897 2254 1295 2326 ELEGIA
1345 2255 1471 2326 VI.

869 2536 1519 2592 ARGUMENTUM.

316 2675 427 2719 Haec
446 2673 806 2718 inconsideratius
827 2690 927 2718 cum
945 2674 1235 2730 superioribus
1252 2675 1584 2731 conjunguntur
1598 2706 1611 2728 ‚
1636 2690 1771 2731 quum
1792 2675 1922 2719 unius
1948 2691 2072 2733 sepa·

371 2751 476 2785 ratae
494 2741 654 2799 Elegiae
675 2750 983 2799 argumentum
1001 2741 1231 2784 videantur
1241 2743 1426 2805 exsequi.
1442 2742 1673 2785 Tractatur
1688 2743 1802 2786 loeus
1814 2744 2075 2794 communis,

289 2855 295 2866 ,
371 2813 428 2856 de
450 2813 493 2856 vi
512 2814 719 2870 temporis
734 2846 746 2868 ,
780 2829 856 2857 seu
871 2811 1193 2857 consuetudinis
1210 2846 1221 2866 ,
1255 2829 1339 2869 qua
1358 2829 1493 2869 quum
1515 2814 1773 2871 mitigentur
1785 2824 1827 2858 et
1846 2816 2082 2859 tolerabilia

370 2882 560 2927 evadant
581 2883 729 2926 omnia
746 2916 758 2938 ,
788 2898 878 2927 non
910 2892 1058 2926 tamen
1082 2882 1269 2939 mitigari
1299 2884 1422 2926 curas
1452 2892 1497 2927 et
1517 2899 1696 2941 angores
1714 2900 1814 2928 suos
1832 2886 1978 2928 {mala
2005 2901 2082 2928 sua

378 2950 469 3008 ipsa
482 2964 606 2996 mora
630 2952 922 3010 ingravescere
939 2985 951 3007 ‚
977 2961 1021 2995 et
1040 2951 1290 3008 exasperari.

325 3057 687 3142 TEMPORE
714 3081 962 3144 ruricolae
990 3083 1205 3166 patiens
1230 3079 1292 3141 fit
1319 3094 1505 3141 taurus
1533 3083 1721 3155 aratri,

335 3230 338 3234 .
411 3177 629 3259 Praebet
652 3193 707 3237 et
734 3178 961 3238 incurvo
989 3179 1127 3238 colla
1155 3177 1446 3263 premenda
1473 3179 1607 3260 jugo
1631 3203 1646 3238 :

389 3330 424 3358 1.
449 3315 639 3368 Tempore
648 3316 846 3357 run'coloe.
866 3314 976 3358 Haec
994 3330 1090 3370 quae
1100 3331 1171 3358 se-
1252 3331 1385 3367 nova,
1407 3323 1451 3359 et
1470 3329 1566 3369 quae
1586 3311 1739 3356 ordine
1753 3320 1869 3356 sexta
1886 3313 1964 3364 sit,
1985 3312 2089 3356 Ele-

332 3386 552 3433 quuntur,
585 3377 696 3434 apud
720 3376 820 3420 alios
836 3409 848 3431 ,
880 3393 904 3420 a
928 3379 1171 3434 superiori—
1253 3380 1318 3436 gia
1340 3378 1526 3434 incipiat.
1554 3379 1645 3422 Nec
1672 3379 1784 3421 male
1805 3379 2014 3429 omnino,
2043 3385 2094 3419 ut

331 3442 411 3486 bus
424 3449 615 3502 separata
624 3441 909 3498 legunturzut
920 3441 973 3487 ab
985 3441 1172 3487 hocloco
1252 3459 1351 3487 mea
1363 3442 1451 3489 fert
1468 3444 1709 3499 sententia;
1731 3457 1836 3487 nam
1852 3451 1897 3487 et
1913 3451 2094 3488 senten-
