2268 3848
238 232 309 301 40

708 235 774 288 Ρ.
825 235 1119 295 OVIDII
1164 234 1549 293 NASONIS

321 351 406 410 Re
433 350 532 410 tibi
564 374 666 434 pro
694 350 815 422 viii,
851 351 954 411 sub
987 352 1332 436 pedibusque
1359 334 1544 436 jacet?

242 446 397 528 Quid
427 446 562 516 fuit,
597 447 808 525 ingenti
835 462 1173 529 prostratum
1202 449 1346 510 mole
1373 449 1616 512 sodalem

322 546 515 605 Visere
536 594 549 617 ‚
582 560 633 604 et
662 544 909 627 adloquii
940 560 1094 628 parte
1127 546 1300 607 levare
1333 548 1457 608 tui?

241 644 418 725 Inque
452 667 600 702 meos
627 642 672 702 si
702 665 812 700 nou
842 640 1132 724 lacrymam
1164 643 1436 705 dimittere
1469 669 1656 719 casm,

325 739 504 799 Pauca
537 753 717 798 tamen
747 738 877 798 ficto
908 739 1073 799 verba
1104 739 1297 800 dolore
1317 741 1533 823 queri?
1983 775 2036 803 ας,

244 836 419 919 quue
440 883 454 907 ‚
487 837 638 919 quod
672 837 847 915 ignoti
878 835 1113 908 faciunt,
1144 836 1441 899 valedicere
1472 838 1691 913 saltem,

326 935 402 993 Et
434 957 619 994 vocem
650 933 846 1017 populi
876 933 1211 1017 publicaque
1243 960 1336 996 ora
1368 936 1566 1019 sequi?
1810 1006 1823 1023 ⁴

243 1029 497 1113 Denique
529 1029 795 1108 lugubres
826 1029 1013 1089 vultus
1034 1077 1047 1102 ‚
1080 1054 1477 1115 nunquamque
1509 1032 1772 1094 videndos

330 1127 567 1187 Cernere
600 1150 856 1211 supremo
877 1174 890 1197 ‚
926 1127 1057 1186 dum
1088 1126 1355 1210 licuitque
1375 1175 1388 1199 ‚
1423 1127 1556 1188 die?

244 1221 670 1307 Dicendumque
705 1223 868 1283 semel
899 1238 1017 1283 toto
1049 1247 1160 1282 non
1192 1222 1430 1306 amplius
1460 1247 1574 1284 aevo
1988 1243 2043 1284 25

227 1400 229 1403 ι
327 1321 595 1402 Accipere
616 1368 630 1390 ‚
663 1335 717 1382 et
744 1320 905 1404 parili
935 1320 1166 1381 reddere
1197 1343 1360 1391 voce,
1394 1319 1554 1381 vale?
1649 1337 1683 1389 Q

246 1419 323 1479 At
354 1418 527 1479 fecere
556 1418 646 1478 alii
677 1418 832 1479 nullo
864 1419 999 1479 mihi
1029 1420 1231 1479 foedere
1259 1418 1470 1502 juncti,

329 1518 405 1576 Et
433 1516 700 1599 lacrymas
732 1517 899 1577 animi
934 1518 1091 1596 signa
1123 1517 1317 1577 dedere
1351 1517 1452 1577 sui.

249 1612 445 1691 Quid?
470 1613 575 1672 nisi
608 1613 863 1673 convictu
891 1613 1180 1696 causisque
1210 1611 1518 1673 valentibus
1543 1635 1719 1673 essem

333 1710 626 1793 Temporis
657 1726 708 1771 et
738 1711 892 1790 longi
923 1712 1141 1771 vinctus
1170 1734 1355 1772 amore
1386 1711 1533 1772 tibi?
1992 1727 2045 1769 30

250 1806 405 1886 Quid
429 1810 451 1867 Ρ
479 1808 585 1867 nisi
619 1823 705 1869 tot
732 1808 888 1869 lusus
918 1824 972 1870 et
1000 1825 1086 1869 tot
1114 1833 1232 1869 mea
1263 1810 1401 1869 seria
1430 1833 1623 1870 nosses
1643 1855 1657 1882 ‚

332 1907 447 1966 Tot.
475 1932 695 1968 nossem
726 1908 883 1968 lusus
911 1909 1164 1991 seriaque,
1196 1908 1313 1991 ipse
1343 1909 1479 1968 tua?

750 1973 779 2006 ἱ

253 2003 451 2082 Quid?
481 2005 526 2064 si
559 2006 826 2065 duntaxat
853 2009 1046 2067 Romae
1076 2005 1211 2065 mihi
1246 2006 1505 2084 cognitus
1531 2029 1676 2066 esses
1696 2051 1710 2078 ‚

336 2100 603 2160 Adscitus
635 2101 801 2161 toties
829 2101 887 2160 in
918 2125 1093 2180 genus
1122 2124 1284 2161 omne
1314 2100 1468 2161 loci?

257 2197 541 2257 Cunctane
567 2198 625 2257 in
655 2222 942 2281 aequoreos
972 2198 1227 2259 abierunt
1255 2199 1410 2259 irrita
1437 2198 1672 2257 ventos?
1999 2213 2052 2258 35

339 2298 624 2356 Cunctanc
652 2296 889 2357 Lethaeis
916 2319 1090 2357 mersa
1120 2295 1376 2356 feruntur
1407 2294 1567 2378 aquis
1591 2296 1615 2355 ?

255 2392 386 2450 Non
417 2415 520 2470 ego
553 2406 605 2451 te
635 2390 850 2475 placida
879 2390 1125 2470 genitum
1156 2414 1284 2451 reor
1312 2390 1451 2451 urbe
1477 2389 1738 2470 Quirini,

257 2552 279 2571 «
295 2534 408 2578 Illud
420 2534 618 2578 amicitiae
631 2534 856 2591 quondam
868 2535 1116 2579 venerabile

259 2616 430 2642 numen
456 2601 626 2643 prostat
646 2632 657 2652 ,
689 2600 794 2643 etin
820 2609 987 2656 quaestu
1005 2633 1016 2654 ,
1038 2616 1118 2657 pro

259 2665 510 2718 meretrice,
532 2664 678 2717 sedet;
704 2683 725 2702 »
749 2665 810 2707 sic
832 2674 876 2708 et
897 2665 955 2708 ibi
975 2674 1120 2708 veter-

259 2734 398 2777 rimus
417 2733 552 2776 codex
573 2732 872 2776 Sam-avianus.
896 2732 1064 2776 HEms.

322 2815 338 2841 1
348 2817 382 2855 7.
401 2801 571 2854 Ingenti
579 2802 686 2842 mole
690 2807 960 2854 prostratum.
974 2798 1121 2840 AEru-

262 2866 377 2909 mnis
416 2882 684 2922 oppressum.
726 2866 995 2909 Calamitatis
1031 2880 1120 2908 suae

263 2931 618 2989 magnitudinem
635 2941 759 2975 vocat
779 2932 1007 2989 ingentem
1027 2948 1121 2974 mo-

263 2996 350 3040 lem
365 3031 376 3050 ‚
394 3014 416 3039 a
432 3014 518 3053 qua
531 3031 542 3052 ,
567 2997 685 3041 velut
698 2998 824 3041 ruina
845 3014 1027 3054 magna,
1050 3013 1122 3054 op·

264 3080 435 3120 pressus
457 3063 522 3106 sit.

311 3146 372 3187 ¹9·
389 3130 622 3187 lacrymas
636 3130 853 3172 dimittere.
869 3130 1121 3187 lacrymam

265 3194 468 3237 meliores
489 3225 501 3247 ,
534 3203 583 3237 ut
617 3196 774 3251 passim
810 3194 907 3237 alibi
931 3195 1118 3247 Noster3

264 3269 308 3303 ct
330 3275 429 3301 mox
450 3263 571 3314 queri
590 3276 669 3316 pro
691 3263 807 3316 loqui
823 3258 1121 3317 Gottorphia-

267 3340 363 3368 nus.
389 3325 578 3370 HEINS„
1084 3379 1098 3388 ⁶

322 3407 387 3433 22.
417 3391 480 3433 Et
501 3405 640 3433 vocem
661 3392 820 3446 populi,
849 3389 1123 3448 Supremam

1199 2536 1313 2580 salve
1334 2545 1379 2579 et
1398 2535 1492 2579 vale
1506 2534 1794 2579 conclamare.
1816 2534 2055 2578 BERSM.—

1199 2603 1460 2655 Publicaque
1471 2617 1567 2651 ora,
1591 2615 1818 2645 sermones
1838 2599 2054 2642 omnium.

1257 2668 1326 2710 30.
1344 2668 1527 2709 Junctus
1544 2682 1696 2710 amore.
1720 2665 1843 2708 Bene
1863 2674 1951 2721 opt.
1969 2665 2058 2708 Pa-

1202 2734 1273 2778 lat.
1291 2743 1335 2777 et
1350 2750 1463 2777 unus
1476 2731 1703 2775 Mediceus
1718 2735 1884 2774 vinctus
1899 2746 2054 2782 amore,

1202 2817 1307 2843 nam
1316 2799 1483 2855 saedere
1496 2799 1646 2855 juncti
1659 2797 1789 2855 paulo
1815 2805 1915 2840 ante
1943 2813 2058 2854 prae-

1202 2874 1402 2909 cesserat.
1425 2865 1592 2908 HEINS.

1259 2932 1326 2984 34.
1354 2931 1561 2973 Adscilus
1583 2933 1707 2973 toties
1724 2931 1770 2971 in
1787 2944 1920 2983 genus
1939 2942 2060 2971 omne

1191 2997 1301 3053 joci.
1314 2996 1427 3052 Lege
1441 2998 1544 3044 loci,
1560 3010 1661 3038 cum
1675 2994 1822 3037 multis
1832 3002 2031 3036 veterum
2045 3011 2057 3046 ;

1205 3061 1258 3104 de
1280 3061 1384 3116 jocis
1401 3059 1680 3116 etseriisjam
1700 3068 1801 3102 ante
1823 3067 1983 3115 egerat.

1261 3127 1326 3170 35.
1346 3128 1397 3168 In
1415 3141 1624 3182 oequoreos
1651 3133 1806 3169 ventos.
1828 3126 1882 3167 In
1897 3127 2062 3169 AEolios

1205 3191 1532 3248 Rottendorph.
1562 3206 1641 3248 pro
1668 3190 1835 3234 diversa
1856 3188 2060 3233 lectione.

1260 3257 1325 3315 37.
1348 3259 1532 3300 Placido
1551 3258 1650 3299 urbe
1673 3257 1852 3310 Quirini.
1872 3255 2060 3298 Romam

1205 3323 1424 3381 designat,
1438 3323 1483 3366 in
1499 3339 1584 3379 qua
1593 3322 1794 3366 homines
1807 3337 1900 3364 non
1910 3335 2062 3374 saevos,

1203 3389 1280 3435 secl
1302 3389 1429 3433 mites
1445 3421 1457 3443 ,
1484 3387 1601 3433 nasci
1622 3388 1769 3433 solitos
1789 3386 1949 3431 innuit.
