2280 3776
295 321 395 374 188

752 325 818 377 P.
865 325 1157 381 OVIDII
1197 324 1574 384 NASONIS

285 434 377 495 Nil
405 435 480 494 ita
508 435 739 496 sublime
771 454 883 512 est,
909 463 1180 524 supraque
1208 443 1447 526 pericula
1474 443 1678 518 tendit,

365 535 492 593 Non
522 534 595 593 sit
624 550 685 593 ut
712 535 936 597 inferius
964 540 1421 625 subpositumque
1448 544 1582 602 Deo.

285 629 426 687 Nam
460 653 784 712 quamquam
813 633 947 693 vitio
980 659 1106 717 pars
1138 652 1218 698 est
1245 653 1522 699 contracta
1548 637 1855 711 malorum,

367 725 499 785 Plus
530 741 707 788 tamen
737 730 886 790 exitii
911 734 1150 794 numinis
1179 735 1258 794 ira
1287 736 1454 795 dedit.
1993 753 2046 795 50

288 821 364 879 At
392 844 488 880 vos
517 821 784 883 admoniti
811 828 1023 900 nostris,
1047 853 1267 911 quoque
1293 830 1511 891 casibus
1534 845 1645 892 este
1661 850 1682 904 ,'

369 916 702 998 AEquantem
731 920 972 1002 Superos
1002 924 1290 984 emeruisse
1320 926 1513 985 virum.

342 1062 405 1103 50.
427 1062 531 1103 Plus
541 1069 678 1105 tamen
690 1067 820 1106 exilii.
835 1064 1041 1108 Ostendit
1052 1082 1130 1108 nu-

287 1139 389 1166 men
412 1124 457 1167 in
474 1141 525 1168 eo
542 1142 664 1169 suam
680 1128 768 1170 vim
787 1137 829 1171 et
846 1138 1103 1185 potestatem
1116 1162 1127 1184 ,

289 1188 403 1243 quod
436 1206 504 1233 me
533 1207 660 1247 supra
694 1193 900 1236 meritum
927 1195 1094 1251 punivit
1115 1228 1127 1249 ,

288 1263 334 1299 et
348 1265 559 1312 quantum
572 1258 764 1303 collibuit
778 1276 789 1314 3
812 1276 900 1304 non
917 1269 1131 1317 quantum

1208 1083 1306 1110 mea
1326 1082 1437 1110 noxa
1451 1067 1726 1111 commeruit.
1742 1068 1792 1111 P.
1802 1090 1856 1102 -
1866 1069 1968 1112 Plus
1982 1075 2052 1111 la-

1207 1147 1297 1174 men
1329 1135 1458 1175 exih‘i.
1491 1131 1646 1174 Malim
1673 1135 1803 1175 exitio
1820 1146 1836 1184 ‚⁶
1874 1133 1967 1189 plus
1997 1132 2053 1175 ad

1208 1195 1386 1239 exitium
1406 1196 1601 1241 contulit.
1625 1197 1682 1240 H.
1712 1219 1767 1229 —
1792 1197 1882 1240 Sed
1901 1213 2051 1242 omnes

1208 1265 1335 1305 exitii
1349 1270 1531 1306 tuentur
1550 1262 1698 1320 scripti
1717 1270 1762 1307 et
1783 1261 1902 1305 editi.

885 1532 1277 1602 ELEGIA
1323 1534 1454 1604 IX.

844 1844 1500 1901 ARGUMENTUM.

340 1976 523 2023 Inimico
546 1979 741 2023 minatur
760 1989 887 2037 poeta
901 2013 914 2036 ,
935 1997 980 2025 se
1001 1981 1047 2024 in
1069 1997 1172 2026 eum
1190 1980 1475 2037 scripturum,
1494 1977 1543 2020 ni
1560 1992 1584 2020 a
1607 1974 1806 2034 conyiciis
1824 1973 2010 2018 desistat.

297 2108 379 2193 SI
405 2129 560 2202 licet,
595 2145 648 2191 et
676 2132 907 2214 pateris,
939 2157 1136 2194 nomen
1166 2132 1486 2213 facinusque
1516 2129 1738 2202 tacebo,

375 2229 450 2288 Et
478 2243 571 2287 tua
599 2229 833 2288 Lethaeis
864 2245 981 2289 acta
1012 2229 1293 2289 dabuntur
1322 2227 1516 2309 aquis;

295 2323 609 2406 Nostraque
631 2325 878 2384 vincetur
900 2324 1151 2407 lacrymis
1182 2322 1466 2384 clementia
1494 2321 1661 2381 seris:

376 2421 480 2478 Fac
508 2420 703 2493 mod0,
737 2435 788 2481 te
818 2435 1001 2504 pateat
1028 2420 1354 2504 poenituisse
1384 2417 1499 2488 tui3

294 2518 399 2577 Fac
426 2518 594 2586 modo
626 2532 677 2578 te
705 2517 953 2590 damnes,
982 2519 1279 2600 cupiasque
1311 2511 1528 2576 eradere
1553 2514 1675 2574 vitae

2036 2525 2062 2565 Οἱ

377 2614 681 2696 Tempora,
714 2613 759 2673 si
788 2613 971 2695 possis
989 2660 1005 2685 ,
1035 2613 1387 2696 Tisiphonaea
1417 2627 1538 2671 tuae.

300 2708 396 2768 Sin
418 2710 707 2782 minus‚.et
731 2709 963 2788 flagrant
989 2710 1119 2770 odio
1150 2725 1243 2770 tua
1270 2722 1492 2793 pectora
1518 2719 1710 2766 nostro
1731 2749 1745 2775 ‚

355 2873 392 2925 4.
414 2873 665 2914 Ρωπιῖαιῖςςε
684 2875 757 2914 tui.
777 2871 1032 2915 Poenituisse
1049 2873 1142 2929 ejus

301 2935 416 2991 quod
435 2935 479 2978 in
498 2951 568 2977 me
589 2935 737 2979 fecisti.
759 2935 943 2979 MER.—
955 2936 1145 2980 Poenitet

301 3000 487 3055 aliquem
508 3000 598 3054 sui,
622 3016 756 3056 quum
776 3002 949 3044 consilia
969 3011 1013 3045 et
1033 3001 1145 3045 facta

301 3081 376 3107 sua
398 3064 575 3108 damnat
589 3097 601 3119 ,
628 3064 792 3121 sibique
814 3065 1019 3122 displicet.
1039 3067 1088 3109 P.

357 3131 395 3172 6.
422 3133 621 3186 Tempora
638 3133 912 3186 ijohonoea.
927 3133 1144 3188 Tempora

303 3194 538 3251 flagitiosa,
572 3195 742 3238 furialia
771 3205 813 3238 et
843 3196 1044 3240 nocentia
1061 3228 1073 3249 ,
1098 3194 1145 3236 id

303 3266 370 3300 est
382 3289 393 3309 ,
404 3258 547 3312 cupias
559 3275 650 3302 non
665 3260 747 3303 dici
760 3277 860 3303 meo
872 3276 997 3304 versu
1010 3292 1022 3314 ,
1036 3273 1144 3302 sem-

304 3336 384 3378 per
401 3320 568 3377 flagitiis
586 3340 762 3380 operam
783 3325 947 3368 dedisse
964 3357 977 3379 ,
1000 3332 1043 3367 et
1061 3339 1146 3366 no-

306 3386 439 3429 cuisse
453 3418 465 3440 ,
480 3395 528 3428 ut
542 3387 777 3443 Tisiphone
792 3389 918 3432 furia.
936 3389 1146 3431 M.-·-Cu-

299 3455 475 3507 piasque
497 3454 663 3497 eradere
686 3456 781 3498 vitoe
811 3454 1012 3507 Tempora
1036 3452 1145 3496 Tazei-

1216 2870 1520 2929 phana-afim:
1533 2857 1621 2922 est,
1643 2867 1711 2910 fac
1732 2873 1775 2908 te
1796 2863 1999 2917 damnes,
2019 2870 2064 2905 et

1224 2937 1368 2993 cupias
1398 2950 1450 2977 ex
1474 2933 1561 2976 vita
1590 2940 1665 2974 tua
1692 2928 1907 2974 eradicare
1932 2959 1944 2981 ‚
1977 2927 2065 2970 sive

1224 2999 1396 3056 penitus
1408 3031 1419 3051 ,
1440 2997 1474 3040 si
1494 2995 1627 3039 modo
1644 2994 1776 3051 possis
1793 3025 1806 3047 ,
1823 2991 1971 3035 tollere
1986 3023 1998 3044 ‚
2019 2989 2065 3032 id

1227 3062 1343 3120 quod
1359 3071 1423 3106 est
1438 3061 1697 3118 Tisiphones
1716 3056 1942 3115 proprium
1955 3088 1966 3108 ,
1983 3053 2067 3097 hoc

1227 3138 1318 3182 est,
1343 3126 1552 3171 invidiam
1579 3135 1624 3170 et
1649 3125 1841 3169 studium
1866 3119 2065 3164 nocendi.

1226 3194 1315 3236 Vel
1337 3210 1346 3237 :
1370 3192 1514 3249 cupias
1538 3190 1715 3235 eradere
1736 3197 1932 3244 tempora
1952 3183 2068 3227 Tisi-

1226 3258 1409 3316 phonaea
1427 3257 1525 3300 vitae
1545 3265 1631 3300 tuae
1646 3287 1657 3310 ,
1672 3269 1775 3311 pru,
1788 3250 1959 3296 studeas
1972 3249 2067 3291 abo—

1227 3324 1316 3366 lere
1332 3355 1343 3377 ,
1365 3331 1407 3366 et
1424 3338 1475 3365 ex
1487 3321 1584 3364 vitae
1605 3328 1690 3363 tuae
1709 3318 1836 3361 rebus
1860 3315 1960 3359 actis
1982 3311 2069 3356 tol-

1227 3386 1316 3429 lere
1331 3418 1342 3439 ,
1382 3401 1432 3428 ea
1470 3379 1566 3441 quae
1595 3383 1797 3430 scelerate
1835 3375 2066 3435 aliquando

1227 3449 1378 3496 fecisti.
1406 3447 1577 3494 Mlcn..
