2280 3776
487 350 596 405 Ex
636 348 934 404 ΡοΝΤο
972 349 1132 404 Lm.
1179 351 1265 403 11.
1310 311 1585 405 EP1sT{
1630 351 1779 406 v11.

1912 353 2019 431 347

335 463 464 526 Ilias
490 480 573 526 est
597 464 721 524 fatis
750 462 916 541 longa
940 463 1126 523 futura
1154 464 1306 525 meis.

256 566 384 624 Non
415 565 583 643 igitur
608 586 823 632 vereor,
855 561 1005 645 quod
1034 576 1085 622 te
1113 586 1233 622 rear
1259 587 1376 624 esse
1405 564 1700 626 verendum
1722 612 1737 637 ‚
1974 586 2025 626 35

344 663 516 743 Cu†us
541 685 691 722 amor
714 660 879 720 nobis
907 659 1142 743 pignora
1167 659 1314 722 mille
1345 662 1493 722 dedit
1514 688 1527 734 ;

262 757 371 819 Sed
400 757 527 840 quia
556 757 640 817 res
673 757 860 816 timida
887 771 971 818 est
998 757 1176 817 omnis
1203 758 1395 829 miser,
1424 772 1478 818 et
1507 759 1637 842 quia
1665 758 1835 840 longo

341 853 613 935 Tempore
642 851 838 912 laetitiae
866 851 1031 934 janua
1059 850 1240 914 clausa
1265 877 1394 914 meae
1422 868 1521 914 est.

262 950 385 1008 Jam
413 947 574 1029 dolor
602 949 659 1008 in
690 959 894 1010 morem
921 949 1068 1010 venit
1093 973 1245 1010 meus
1272 974 1283 1009 :
1309 966 1480 1033 utque
1509 950 1731 1013 caducis

343 1044 612 1106 Percussu
643 1046 838 1107 crebro
867 1070 990 1107 saxa
1020 1062 1281 1108 cavantur
1308 1048 1495 1130 aquis;
1978 1064 2033 1120 4⁰

265 1140 356 1200 Sic
390 1164 492 1220 ego
523 1142 789 1203 continuo
816 1143 1050 1203 sortunae
1078 1143 1337 1205 vulneror
1362 1144 1509 1215 ictu;

342 1239 559 1321 Vixque
587 1239 755 1300 habet
782 1239 839 1300 in
868 1239 1033 1300 nobis
1058 1240 1166 1322 jam
1196 1264 1335 1301 nova
1367 1240 1527 1325 plaga
1560 1241 1760 1302 locum.

263 1338 378 1398 Nec
404 1336 577 1415 magis
605 1337 833 1398 adsiduo
858 1360 1046 1398 vomer
1075 1352 1330 1398 tenuatur
1359 1337 1427 1398 ab
1459 1362 1591 1409 usu,

343 1433 458 1493 Nec
486 1433 659 1511 magis
699 1448 781 1495 est
806 1435 987 1495 curvis
1013 1434 1196 1518 Appia
1225 1433 1353 1494 trita
1382 1434 1521 1494 rotis
1540 1481 1555 1504 ‚

268 1518 497 1591 Pectora
532 1555 695 1614 quam
722 1556 841 1593 mea
871 1547 1000 1594 sunt
1026 1533 1162 1593 serie
1192 1547 1385 1593 caecata
1413 1531 1662 1593 laborum
1686 1558 1699 1591 :
1985 1549 2037 1605 45

349 1627 425 1687 Et
452 1625 591 1687 nihil
614 1627 825 1700 inveni,
857 1628 1009 1711 quod
1037 1628 1172 1689 mihi
1199 1628 1364 1690 ferret
1393 1652 1568 1714 opem.

271 1727 506 1789 Artibus
534 1730 786 1808 ingenuis
816 1731 1041 1814 quaesita
1069 1746 1153 1792 est
1184 1729 1356 1809 gloria
1381 1730 1571 1790 multis
1598 1754 1611 1789 :

350 1821 545 1884 Infelix
572 1825 710 1907 perii
739 1824 963 1887 dotibus
992 1827 1110 1910 ipse
1141 1827 1292 1887 meiS.

269 1918 397 1980 Vita
426 1920 579 2003 prior
613 1922 745 1982 vitio
774 1938 943 1995 caret,
976 1938 1029 1982 et
1057 1923 1171 1984 sine
1202 1922 1327 1982 labe
1357 1936 1610 2007 peraeta:

348 2018 557 2080 Auxilii
586 2021 784 2082 misero
813 2020 892 2081 nil
922 2020 1052 2082 tulit
1079 2020 1173 2081 illa
1199 2021 1351 2081 mihi.
1989 2035 2040 2100 ξω

273 2115 450 2201 Culpa
481 2119 658 2198 gravis
687 2120 947 2203 precibus
975 2119 1216 2180 donatur
1238 2143 1379 2203 saepe
1408 2143 1667 2181 suorum:

355 2214 555 2276 Omnis
579 2239 683 2299 pro
715 2216 882 2279 nobis
911 2218 1085 2297 gratia
1111 2231 1263 2276 muta
1288 2216 1411 2276 fuit.

271 2308 513 2395 Adiuvat¹
535 2311 595 2371 in
621 2312 774 2374 duris
802 2313 938 2374 alios
966 2313 1251 2398 praesentia
1279 2313 1480 2373 rebus:

354 2407 564 2468 Obruit
588 2408 694 2469 hoc
716 2409 912 2470 absens
939 2425 1091 2471 vasta
1118 2407 1358 2492 procella
1386 2423 1568 2492 caput.

273 2571 607 2616 Twisdenianus
623 2605 635 2627 ,
666 2587 748 2629 pro
765 2571 946 2617 strictim
961 2588 1116 2617 recen-

271 2653 366 2680 sere
383 2654 394 2689 ;
413 2637 646 2695 eleganter.
664 2635 814 2680 Glossa
830 2636 946 2692 ejus,
962 2636 1006 2680 id
1023 2646 1087 2682 est
1101 2671 1113 2693 ,

271 2705 493 2758 exprimere
507 2710 552 2745 et
566 2718 746 2746 narrare.
766 2703 812 2746 H
816 2715 934 2747 Burs.

328 2767 552 2823 34.Longa
562 2770 682 2811 Ilias.
698 2768 900 2825 Longum
915 2784 1022 2825 opus
1036 2802 1048 2823 ,
1065 2777 1116 2812 ut

271 2840 337 2876 est
358 2832 548 2876 Homeri
570 2832 666 2876 Ilias
695 2833 749 2877 de
770 2833 883 2876 bello
903 2834 1114 2890 Trojano.

325 2898 395 2942 35.
412 2900 509 2945 Non
529 2903 656 2954 (gitur
671 2915 830 2950 vereor,
846 2903 959 2956 quod
965 2908 1005 2943 te
1023 2916 1118 2944 rear

271 2977 366 3004 esse
382 2966 610 3007 urendum.
645 2967 735 3019 Quo
753 2975 794 3008 te
809 2964 1010 3008 nonnulli
1030 2981 1115 3009 ve-

274 3035 387 3070 teres
404 3044 415 3079 ;
436 3044 581 3071 verear
592 3046 675 3085 qua
701 3038 853 3073 terreor
879 3031 1050 3075 Sarrav.
1070 3040 1114 3074 et

275 3090 494 3148 Scaliger-3
515 3102 603 3136 tres
622 3099 734 3150 quia.
760 3096 927 3140 Hssms.

330 3159 399 3213 41.
435 3162 635 3203 Vulnerat
657 3164 755 3204 ictu.
794 3164 993 3205 Verberor
1016 3161 1114 3204 Ar-

273 3233 391 3281 gent.
411 3233 456 3268 et
473 3225 653 3269 Feschii.
671 3226 733 3270 H.

326 3291 391 3344 44.
420 3290 575 3345 Appia.
593 3290 679 3332 Via
692 3290 763 3333 illa
783 3291 835 3333 ab
857 3290 998 3348 Appio
1012 3307 1112 3336 cen·

274 3369 369 3396 sore
383 3362 514 3396 strata
534 3361 578 3396 et
591 3354 910 3410 cognominata.

331 3420 396 3472 45.
415 3420 526 3462 Serie
536 3423 704 3462 calcata
716 3423 929 3463 malorum.
947 3422 1115 3464 Caecata

275 3483 478 3529 meliores
491 3500 643 3529 omnes
653 3501 811 3544 magno
825 3503 1014 3532 numero
1031 3503 1041 3532 ε
1055 3490 1113 3530 la-

1197 2577 1337 2619 borum
1358 2572 1490 2616 etiam
1505 2572 1689 2628 Argent.
1709 2578 1753 2614 et
1772 2563 1861 2614 duo
1882 2569 1965 2613 alii.
1981 2570 2042 2612 H.

1250 2640 1316 2696 49.
1334 2638 1396 2680 Et
1408 2640 1500 2679 sine
1513 2638 1609 2678 labe
1614 2642 1793 2689 peracta
1807 2642 1883 2676 est.
1905 2637 1959 2676 To'
1976 2641 2042 2676 est

1196 2702 1314 2745 abest
1341 2716 1364 2744 a
1388 2700 1559 2744 Sat-rav.
1594 2699 1779 2756 Argent.
1815 2698 2039 2741 Twisden.

1196 2776 1241 2811 et
1261 2774 1448 2822 quatuor
1463 2763 1565 2807 aliis.

1251 2836 1315 2876 52.
1332 2831 1434 2874 Fuit
1449 2838 1564 2873 muta
1572 2845 1652 2884 pro
1671 2832 1801 2872 nobis.
1822 2826 1942 2884 Quia
1958 2843 2041 2870 ne-

1195 2912 1270 2940 mo
1302 2896 1463 2939 amicus
1501 2911 1581 2952 pro
1614 2911 1687 2938 me
1726 2894 2038 2950 imperatorem

1195 2962 1333 3006 oravit
1344 2995 1356 3015 ,
1377 2969 1428 3004 ut
1444 2961 1698 3019 ignosceret.
1714 2960 1843 3002 Mun.
1858 2958 1944 3002 Vel
1962 2957 2039 3001 de-

1195 3028 1385 3085 precatio
1405 3035 1449 3070 et
1469 3027 1723 3085 supplicatio
1743 3041 1946 3069 meorum
1965 3024 2039 3068 ni-

1195 3094 1256 3136 hil
1277 3092 1447 3147 effecit,
1481 3109 1530 3137 ac
1554 3093 1688 3137 veluti
1709 3100 1831 3134 muta
1852 3106 1900 3135 ac
1919 3089 2037 3134 nulla

1193 3159 1290 3202 fuit.
1312 3158 1457 3203 PONT-

1252 3225 1315 3269 53.
1338 3225 1532 3279 Adjuvat
1544 3227 1718 3279 aliquos.
1733 3223 1779 3266 A
1780 3227 1930 3280 liquem
1948 3239 2037 3266 me-

1194 3291 1350 3341 liores;
1380 3293 1547 3347 aliquid
1563 3307 1626 3348 pr.
1649 3289 1836 3343 Medic.;
1858 3290 2035 3333 Thuan.

1194 3358 1304 3399 alios
1313 3368 1330 3407 ,·
1355 3355 1486 3398 etiam
1510 3355 1650 3399 bene:
1682 3355 1852 3399 stu-rav,
1886 3358 2037 3411 aliquo.

1196 3421 1343 3466 Scribe
1370 3425 1515 3480 aliqua
1530 3438 1543 3465 .·
1563 3437 1690 3465 versu
1710 3422 1930 3479 proximo,
1961 3436 2040 3476 pro

1192 3490 1272 3531 ltoc
1289 3491 1464 3542 absens,
1485 3496 1671 3544 quatuor
1690 3492 1876 3531 obsculis
1900 3494 2035 3541 caput.
