2280 3776
616 256 1061 313 TRISTIUM
1109 258 1277 312 LIB.
1332 256 1406 314 V.
1458 258 1701 313 ELEG.
1750 261 1863 314 IV.
2001 264 2106 314 215

344 376 472 435 Fert
501 389 705 447 tamen,
735 389 799 435 ut
827 374 1016 446 debet,
1049 398 1206 435 casus
1233 374 1504 457 patienter
1530 398 1771 447 amaroS‚
2066 396 2113 436 ιε

426 475 586 534 More
613 498 712 534 nec
740 471 991 533 indomiti
1019 471 1182 533 fraena
1208 488 1422 533 recusat
1450 472 1576 556 equi
1599 498 1611 533 :

342 569 457 628 Nec
481 568 597 629 sore
626 583 944 652 perpetuam
972 582 1155 652 sperat
1182 568 1290 629 sibi
1316 569 1558 630 numinis
1586 569 1719 630 iram
1737 614 1752 639 ‚

426 667 689 728 Conscius
717 665 773 726 in
803 666 961 752 culpa
990 691 1102 727 non
1131 665 1308 728 scelus
1336 690 1450 727 esse
1483 691 1595 728 sua.

341 765 494 847 Saepe
521 766 710 839 refert,
741 767 813 828 sit
845 780 1046 849 quanta
1076 765 1180 826 Dei
1206 763 1524 838 clementia;
1552 765 1707 846 cujus

421 864 490 923 Se
521 888 742 948 quoque
772 865 829 924 in
863 863 1123 948 exemplis
1154 863 1507 925 adnumerare
1537 862 1709 925 solet:
2058 898 2111 927 20

338 961 476 1019 Nam
508 961 659 1044 quod
689 986 819 1045 opes
852 977 1032 1023 teneat
1058 961 1262 1045 patrias
1280 1007 1295 1033 ‚
1327 962 1478 1044 quod
1507 961 1731 1020 nomina
1759 960 1922 1034 civiS,

419 1057 670 1141 Denique
700 1058 852 1140 quod
878 1059 1051 1130 vivat,
1084 1082 1285 1119 munus
1314 1058 1515 1119 habere
1545 1057 1665 1118 Dei.

334 1155 414 1214 Te
446 1169 622 1216 tamen
645 1203 659 1227 ‚
691 1158 752 1215 o!
784 1156 829 1215 si
862 1155 997 1238 quid
1027 1155 1202 1216 credis
1229 1154 1365 1215 mihi
1391 1155 1589 1227 carior,
1620 1154 1744 1229 ille,

416 1251 722 1324 Omnibus,
752 1252 810 1311 in
838 1267 955 1312 toto
984 1267 1204 1335 pectore
1230 1274 1443 1335 semper
1470 1251 1667 1312 habet:

332 1347 520 1429 Teque
546 1348 915 1410 Menoetiaden
933 1395 947 1421 ‚
979 1363 1029 1409 te
1059 1349 1153 1432 qui
1186 1349 1466 1409 comitavit
1495 1350 1758 1430 Oresten,
2057 1367 2108 1410 25

411 1442 492 1503 Te
520 1460 677 1505 vocat
707 1445 972 1524 AEgiden‚
1004 1445 1417 1530 Euryalumque
1447 1470 1606 1507 suum
1631 1471 1644 1506 ε

332 1539 445 1599 Nec
473 1541 704 1624 patriam
734 1543 907 1622 magis
936 1542 1028 1603 ille
1056 1566 1208 1604 suam
1240 1542 1544 1615 desiderat,
1575 1558 1628 1604 et
1654 1566 1774 1627 quae

416 1634 656 1698 Plurima
687 1663 810 1700 cum
838 1640 1014 1722 patria
1043 1639 1210 1700 sentit
1236 1639 1425 1700 abesse
1456 1662 1582 1711 sua;

262 1770 266 1774 >
335 1734 516 1813 Quam
548 1734 760 1808 vultus,
795 1734 1093 1819 oculosque
1124 1750 1285 1804 tuOS,
1320 1761 1353 1797 o
1386 1735 1601 1798 dulcior
1630 1736 1725 1797 illo

414 1831 579 1893 Melle
597 1879 611 1902 ‚
645 1833 795 1916 quod
825 1834 881 1893 in
910 1834 1046 1895 ceris
1073 1834 1258 1895 Attica
1288 1834 1451 1918 ponit
1479 1835 1599 1918 apis
1624 1837 1637 1894 !
2058 1851 2112 1893 30

331 1925 484 2009 Saepe
515 1928 703 2000 etiam,
732 1951 967 1990 moerens
995 1943 1211 2013 tempus
1237 1930 1607 1991 reminiscitur
1634 1929 1797 2003 illud,

411 2023 581 2104 Quod
607 2048 721 2086 non
749 2040 1083 2109 praeventum
1113 2040 1288 2088 morte
1315 2025 1486 2088 fuisse
1514 2025 1678 2087 dolet.

329 2155 363 2204 ti
381 2168 514 2205 status
540 2170 651 2206 esset
671 2161 715 2205 in
736 2161 808 2206 illo
822 2195 834 2217 ‚
859 2162 928 2207 Ut
947 2162 1055 2207 mihi
1079 2163 1175 2218 (vel

326 2223 428 2280 sibi)
444 2225 626 2271 tristitia
639 2243 763 2271 causa
779 2226 976 2272 docenda
993 2227 1128 2271 foret!
1152 2245 1174 2265 »

329 2289 515 2334 Utinam
536 2291 644 2335 mihi
659 2325 670 2347 ‚
691 2301 830 2348 poetae
845 2325 856 2347 ,
871 2301 1008 2337 status
1020 2291 1089 2335 ille
1105 2307 1176 2335 es-

328 2363 416 2409 set,
439 2363 486 2398 ut
501 2355 649 2400 liceret
663 2373 835 2400 causam
849 2390 860 2407 ,
883 2356 1066 2399 minime
1080 2371 1174 2397 ma-

328 2417 532 2463 nifestam
549 2452 560 2474 ,
583 2421 766 2465 tristitie
775 2421 901 2464 silere
915 2437 926 2464 :
941 2419 1015 2464 sed
1034 2435 1171 2476 quum

329 2485 399 2529 illa
409 2487 466 2530 sit
481 2487 685 2532 omnibus
699 2496 803 2531 nota
814 2520 826 2542 ,
849 2487 949 2544 quia
966 2502 1064 2530 sum
1080 2487 1174 2543 eje-

329 2562 423 2597 ctus
437 2554 482 2597 in
498 2554 694 2598 ultimam
709 2553 950 2597 barbariem
966 2584 978 2606 ,
997 2552 1174 2595 mallem

328 2620 375 2664 in
393 2636 447 2664 eo
463 2630 574 2665 esset
587 2629 720 2665 status
734 2636 858 2664 meus
869 2653 881 2674 ,
901 2629 951 2663 ut
965 2619 1173 2663 deberem

329 2686 485 2731 docere
506 2703 678 2735 causam
710 2686 914 2738 tristitiae,
945 2686 988 2730 id
1009 2694 1099 2742 est,
1125 2694 1174 2729 ut

328 2751 375 2795 in
390 2752 463 2795 tali
476 2751 568 2796 loco
581 2768 718 2797 essem
736 2753 898 2809 positus
911 2785 923 2807 ,
943 2751 1066 2807 cujus
1079 2766 1172 2793 non

329 2818 576 2874 poeniteret,
591 2818 624 2861 si
637 2833 763 2875 poena
775 2817 949 2861 crimini
961 2831 1060 2860 meo
1072 2831 1173 2859 con-

327 2881 542 2935 ferretur,
559 2891 603 2928 et
622 2882 782 2939 injuria
796 2898 867 2925 me
882 2881 1005 2939 queri
1019 2896 1172 2924 omnes

330 2945 541 2992 dicerent.
576 2950 635 2993 Ut
662 2951 770 2991 mihi
801 2956 864 2991 est
897 2947 943 2990 in
977 2947 1171 3004 quinque

331 3013 517 3070 scriptis;
543 3017 603 3058 Ut
616 3016 752 3060 sibiin
770 3015 995 3058 vossiano.
1007 3014 1171 3058 BURM.

392 3081 452 3123 15.
482 3081 580 3123 Fert
605 3088 744 3124 tamen
765 3089 846 3124 etc.
868 3081 1056 3123 Virtutis
1079 3088 1170 3134 est,

332 3152 381 3186 nt
407 3143 642 3187 secundam
669 3145 894 3188 fortunam
918 3144 1141 3187 moderate
1158 3177 1169 3199 ,

331 3209 391 3252 ita
411 3208 632 3252 adversam
647 3209 763 3253 ferre
783 3211 1011 3266 patienter.
1024 3211 1170 3254 PONT-

390 3291 451 3330 ¹7·
473 3275 678 3317 Numinis.
701 3275 897 3331 Augusti.
921 3275 1050 3318 MER.

389 3354 450 3396 19·
472 3339 584 3394 Soepe
601 3339 736 3395 refert.
759 3340 871 3396 Soepe
891 3338 1018 3394 refert
1033 3357 1170 3385 secum

331 3409 388 3449 si!
407 3412 563 3461 quanta
583 3409 800 3451 clementia
820 3406 1040 3451 Leidensis
1062 3423 1170 3452 con-

1258 2169 1323 2205 tra
1336 2169 1530 2205 metrum
1553 2177 1563 2205 :
1582 2162 1697 2217 sepe
1714 2161 1860 2217 refiert,
1874 2176 1966 2217 que
1982 2168 2104 2204 tanta

1254 2229 1345 2270 Dei
1360 2228 1545 2270 Putean.
1558 2230 1773 2281 patientia
1791 2225 1955 2268 Lovan.

1309 2307 1377 2336 ao·
1387 2293 1432 2334 A
1433 2296 1674 2334 dnumcrare
1685 2294 1805 2334 solet.
1824 2294 2103 2334 (ἰαππαπαι-

1252 2374 1297 2400 re
1317 2355 1527 2400 Arondel.
1548 2356 1714 2400 Hnms.

1309 2440 1373 2465 21.
1389 2425 1498 2465 Nam
1516 2424 1632 2478 quod
1643 2438 1755 2478 opes.
1774 2424 1877 2465 Jam
1896 2423 2099 2467 nonnulli

1254 2501 1305 2528 ex
1325 2486 1706 2542 praestantioribus.
1731 2486 1898 2531 Hnms.

1309 2552 1377 2594 23.
1393 2553 1543 2595 Catius
1551 2555 1635 2596 ille.
1651 2555 1798 2595 Carior
1808 2551 1933 2595 multi
1945 2569 1996 2596 ex
2009 2568 2101 2596 me-

1254 2617 1430 2661 lioribus
1445 2651 1456 2672 ,
1479 2627 1528 2661 ut
1548 2627 1591 2662 et
1605 2619 1752 2675 priscae
1768 2618 1982 2662 editiones
1998 2636 2009 2662 2
2025 2635 2101 2662 re-

1254 2693 1320 2728 cte
1333 2717 1344 2738 ,
1360 2684 1395 2728 si
1414 2684 1692 2730 distinctione
1713 2686 1858 2729 locum
1873 2686 2023 2743 erigas.
2040 2686 2099 2728 H.

1301 2753 1366 2793 25.
1383 2752 1442 2793 Te
1450 2755 1753 2807 quicomilatus
1767 2752 1953 2794 Oresten.
1965 2753 2098 2794 Comi-

1253 2823 1368 2858 tatur
1383 2817 1585 2859 nonnulli
1604 2834 1615 2869 ;
1637 2821 1854 2860 comitavit
1872 2817 2097 2872 fragmen-

1254 2888 1351 2923 tum
1371 2882 1651 2925 Vaticanum.
1678 2882 1788 2926 Vide
1811 2884 1944 2926 Notas
1966 2885 2005 2926 Τ
2009 2884 2097 2927 rist.

1252 2945 1324 2988 lib.
1348 2947 1368 2990 Ι
1389 2979 1399 3000 ,
1422 2947 1670 3005 Eleg.v111‚
1689 2965 1747 2992 vs.
1770 2949 1978 2992 31.H.—
1997 2951 2096 2992 Me-

1252 3014 1476 3055 naeffaden.
1499 3013 1820 3057 Amicissimum
1839 3031 1849 3064 ς
1870 3022 1919 3056 ut
1938 3015 2096 3057 Patro-

1253 3078 1367 3131 clus,
1390 3077 1590 3121 Menoetii
1613 3078 1743 3131 filius,
1770 3077 1924 3120 Achilli
1942 3078 2038 3120 fuit.

1309 3146 1372 3188 26.
1404 3148 1591 3200 AEgiden.
1624 3145 1844 3187 Theseum
1859 3177 1871 3198 ,
1907 3143 2092 3187 Pirithoi

1254 3212 1439 3255 amicum
1451 3245 1463 3265 ‚
1480 3211 1606 3268 AEgei
1620 3211 1771 3253 filium.
1787 3213 2093 3268 Euryalumque

1250 3295 1381 3322 suum.
1396 3276 1485 3321 Nisi
1499 3281 1544 3319 ef
1559 3275 1870 3335 Euryaliamor
1885 3285 2014 3318 notus
2028 3284 2091 3319 est

1251 3342 1442 3387 carmine
1461 3340 1712 3398 Virgiliano.

1308 3410 1372 3452 28.
1386 3410 1672 3452 §batuabcssc
1683 3411 1776 3451 sibi.
1791 3409 1875 3450 Suc:
1887 3423 1928 3448 m
1937 3407 2010 3448 ulti
2025 3422 2091 3447 ve-
