2280 3776
300 266 397 335 142

728 265 793 317 P.
856 263 1153 320 OVIDII
1199 259 1578 316 NASONIS

289 379 715 462 Impositamque
742 376 851 437 sibi
880 376 977 485 qui
1002 400 1116 436 non
1141 377 1281 436 bene
1306 374 1533 459 pertulit
1563 372 1757 436 Hellen
1776 420 1790 446 ‚

368 477 639 558 Tempora
663 472 948 533 nocturnis
977 495 1129 554 aequa
1160 473 1354 533 diurna
1379 473 1524 533 facit.

288 571 411 629 Jam
438 567 634 628 violam
658 567 923 649 puerique
952 565 1144 646 legunt
1170 567 1480 649 hilaresque
1508 564 1724 650 puellae,
2023 584 2048 624 5

368 665 597 725 Rustica
626 687 788 745 quam
815 662 972 723 nullo
1005 678 1144 724 terra
1173 665 1379 725 serente
1410 665 1583 742 gerit:

286 762 556 840 Prataque
582 758 893 840 pubescunt
918 757 1192 819 variorum
1216 760 1351 820 flore
1380 758 1653 831 colorum,

369 853 709 936 Indocilique
738 853 941 936 loquax
965 868 1186 931 gutture
1215 869 1402 914 vernat
1431 853 1576 914 avis:

291 951 478 1032 thue
506 948 656 1009 malae
685 949 888 1009 crimen
914 950 1103 1010 matris
1130 950 1370 1032 deponat
1398 948 1665 1020 hirundo,

285 1124 409 1151 axem
430 1109 607 1150 Boreum
626 1107 742 1151 dixit.
764 1106 853 1150 Sed
872 1123 928 1150 ne
946 1107 1004 1151 sic
1023 1107 1129 1164 qui-

279 1173 391 1216 ‘dem
407 1173 504 1216 satis
518 1173 746 1229 intelligas,
765 1171 868 1228 quid
881 1173 995 1216 velit.
1015 1173 1131 1216 Sunt

289 1237 363 1293 qui
378 1235 683 1292 reponendum
692 1235 977 1280 contendant:
992 1236 1130 1279 «Lo'n-

290 1300 386 1358 gior
406 1317 428 1343 a
450 1299 568 1342 vobis
587 1316 707 1343 versa
729 1301 900 1344 Maeotis
919 1301 1084 1360 hyems.
1106 1319 1127 1338 n

288 1365 373 1407 hoc
412 1372 500 1415 est,
524 1363 677 1422 hyems
703 1363 904 1407 Maeotica
939 1364 1128 1420 jampri-

291 1429 391 1471 dem
415 1445 438 1470 a
457 1428 575 1470 vobis
592 1460 604 1481 ,
632 1428 705 1483 qui
732 1427 775 1470 in
802 1428 924 1471 Italia
955 1427 1126 1484 degitis,

292 1512 413 1538 versa
433 1503 496 1538 est
515 1510 524 1536 :
542 1495 608 1537 cui
623 1493 884 1550 conjecturae
899 1494 1129 1537 adsensum

287 1554 477 1616 praebere
489 1574 580 1600 non
589 1574 777 1615 possum.
791 1558 1047 1615 Cogitabam
1061 1558 1130 1600 ali·

291 1623 465 1679 quando
488 1640 497 1666 z
526 1641 547 1660 «
577 1623 787 1680 annisque
815 1632 986 1680 peracta
1016 1624 1130 1667 Tar-

289 1691 386 1733 dior
397 1690 580 1746 antiquis
593 1691 676 1733 visa
686 1691 858 1733 Maeotis
867 1690 1031 1749 hyems,
1046 1709 1067 1727 »
1082 1693 1136 1733 Τὲ

287 1757 455 1800 Maeotis
468 1756 546 1798 etsi
561 1771 651 1797 non
664 1754 819 1811 ignoro
829 1754 1050 1812 quomodo
1064 1754 1135 1797 de-

290 1820 413 1863 fendi
430 1820 499 1863 hic
511 1819 640 1875 possit
656 1853 667 1873 ,
682 1828 830 1863 tamen
844 1818 966 1863 valde
992 1836 1134 1876 suspe-

289 1894 410 1928 ctum
421 1886 771 1942 est.H.—Hyems
779 1886 956 1927 Moeotis.
966 1885 1134 1943 Hyems

292 1952 506 2011 Scythica.
533 1952 658 1994 MER.
671 1974 725 1983 —
738 1954 918 2006 Longior
938 1955 1134 2006 antiquis.

291 2016 521 2075 Micyllum
556 2024 730 2072 torquet
762 2015 1056 2072 diphthongus
1089 2016 1135 2057 in

293 2096 397 2123 voce
417 2082 580 2123 Moeotis
600 2089 825 2136 correpta‚·
843 2089 887 2123 et
906 2080 974 2123 ille
992 2112 1004 2133 ,
1029 2081 1100 2123 lib.
1114 2081 1135 2123 I

294 2144 348 2187 de
370 2145 514 2187 Ponto
531 2175 542 2198 ,
567 2144 688 2201 Eleg.
703 2159 721 2186 1
737 2178 749 2200 ‚
770 2144 911 2188 adfert
931 2145 1042 2188 hanc
1062 2145 1135 2187 le-

295 2209 501 2261 ctionem,
524 2211 702 2251 Tardior
717 2213 901 2264 antiquis
918 2213 1013 2251 visa
1023 2225 1137 2252 rece-

291 2279 357 2318 dit
373 2278 515 2334 hyems
529 2308 540 2325 ‚
569 2275 724 2331 quibus
745 2275 884 2318 verbis
899 2275 1111 2331 significat
1122 2308 1132 2325 ,

293 2358 339 2384 se
379 2342 467 2397 jam
508 2356 674 2383 annum
711 2339 758 2382 in
794 2341 940 2383 Ponto
979 2340 1108 2382 fuisse
1121 2373 1134 2393 ,

293 2407 503 2462 istamque
530 2415 677 2449 tamen
711 2413 903 2447 exactam
931 2403 1137 2463 hyemem

294 2469 433 2512 multo
456 2469 535 2512 sibi
556 2467 799 2526 longiorem
819 2468 979 2523 visam,
1005 2484 1137 2524 quam

291 2533 531 2590 praeteritas
545 2548 593 2576 ac
606 2540 771 2575 veteres
784 2565 795 2587 ,
815 2532 968 2588 quibus
983 2532 1138 2575 Romae

293 2599 410 2642 vixit.
433 2599 542 2642 Haec
565 2597 647 2640 ille.
668 2598 761 2654 Ego
780 2613 933 2641 vocem
957 2602 1138 2654 antiquis

293 2681 388 2708 non
406 2664 488 2707 alio
504 2697 515 2718 ,
538 2678 668 2719 quam
681 2662 734 2705 ad
751 2672 1013 2720 antegressas
1029 2663 1139 2721 hye-

296 2746 389 2772 mes
407 2729 561 2772 referri
585 2744 706 2785 posse
730 2729 927 2771 arbitror.
950 2729 1042 2771 Nisi
1061 2728 1137 2771 di·-

290 2813 445 2839 -camus
463 2811 561 2838 eam
581 2795 808 2854 hyemem,
833 2794 885 2837 de
903 2811 986 2850 qua
999 2794 1067 2838 hic
1080 2794 1138 2837 lo-

292 2862 460 2916 quitur,
473 2860 608 2903 visam
621 2859 1038 2903 senibusTomitanis
1048 2867 1138 2902 tam

300 2927 473 2984 longam
491 2960 501 2980 ,
524 2935 573 2969 ut
592 2928 684 2983 ejus
711 2927 897 2973 similem
921 2944 1012 2971 non
1034 2944 1138 2970 me—

299 2992 522 3035 minerint.
539 2991 608 3040 De
628 2992 787 3050 syllaba
806 2992 852 3034 in
865 2994 1030 3035 Mentis
1048 2992 1139 3049 pri—

300 3073 372 3099 ma
403 3064 619 3113 correpta,
654 3056 910 3100 certandum
944 3073 1033 3100 non
1065 3073 1139 3113 pu-

298 3131 360 3165 10.
379 3124 523 3167 Pom.

357 3188 395 3228 3.
423 3190 742 3244 Impositamque
775 3191 870 3232 sibi.
911 3187 1139 3245 AEquino—

294 3251 435 3294 etium
446 3268 629 3295 vernum
641 3252 852 3297 describit.
861 3255 1030 3307 Quinon
1042 3255 1141 3294 bene

293 3319 467 3371 pertulit
488 3319 651 3364 Hellen.
671 3320 796 3362 Aries
815 3320 890 3375 qui
910 3327 1055 3375 postea
1074 3318 1142 3360 in-

298 3392 368 3426 ier
379 3382 516 3427 sidera
537 3384 765 3428 collocatus
784 3385 889 3441 fuit,
914 3375 1139 3443 Phryxum

1212 1116 1256 1151 et
1280 1106 1442 1150 Helle-n
1461 1122 1538 1162 per
1559 1103 1895 1165 Hellespontum
1912 1113 2054 1148 trans-

1211 1171 1322 1214 tulit.
1345 1169 1434 1213 Sed
1459 1169 1618 1212 Hellen
1648 1175 1828 1210 narrant
1847 1167 2052 1211 decidisse

1210 1235 1257 1277 in
1275 1233 1606 1292 Hellespontum
1627 1264 1639 1286 ,
1662 1247 1793 1288 quam
1809 1231 1863 1273 ob
1882 1247 2052 1274 causam

1210 1298 1281 1342 hic
1302 1298 1486 1343 Ovidius
1505 1297 1683 1340 arietem
1708 1295 1811 1339 dicit
1828 1311 1919 1339 non
1940 1295 2052 1339 bene

1221 1365 1443 1420 pertulisse
1465 1363 1639 1407 Hellen.

1267 1432 1305 1484 4.
1335 1431 1535 1485 Tempora
1559 1432 1784 1471 nocturnis.
1809 1426 1968 1471 Arietis
1988 1425 2055 1470 si-

1213 1509 1348 1550 gnum
1385 1492 1628 1551 ingreditur
1652 1493 1714 1535 sol
1747 1509 1896 1535 mense
1921 1492 2054 1534 Mar—

1211 1558 1272 1600 tio
1284 1590 1296 1612 ‚
1316 1566 1361 1600 et
1376 1574 1560 1601 vernum
1577 1556 1887 1613 aequinoctium
1907 1556 2055 1600 efficit.

1264 1623 1305 1666 6.
1328 1625 1523 1678 Ruraque
1541 1639 1628 1678 qua·
1648 1623 1764 1664 nullo
1785 1628 1889 1663 nata
1905 1630 2059 1664 serente

1199 1690 1356 1745 serunt.
1375 1688 1512 1731 Valde
1529 1688 1705 1731 turbant
1718 1687 1809 1730 haec
1827 1686 1925 1729 libri
1944 1695 2057 1729 vete-

1213 1770 1294 1797 res.
1314 1752 1440 1810 prim.
1462 1752 1588 1796 Polit.
1608 1771 1630 1790 «
1645 1752 1821 1795 Rustica
1831 1766 1926 1807 quae
1936 1751 2056 1794 nullo

1212 1828 1327 1864 terra
1337 1828 1508 1863 serente
1522 1819 1643 1862 venit
1659 1835 1703 1861 z»
1719 1818 1777 1861 sic
1789 1819 1919 1860 etiam
1932 1817 2055 1872 alter,

1213 1887 1292 1931 nisi
1320 1887 1434 1943 quod
1465 1888 1499 1930 is
1514 1892 1643 1943 gear,-
1669 1886 1888 1943 quomodo
1918 1894 1962 1929 et
1986 1885 2057 1928 alii

1213 1951 1435 1994 nonnulli:
1451 1959 1497 1994 at
1519 1951 1646 2006 prim.
1666 1951 1803 1994 Vatic.
1818 1950 1943 2005 prim.
1968 1949 2057 1992 Pal.

1213 2024 1258 2059 et
1278 2025 1464 2071 quatuor
1482 2024 1688 2071 praeterea
1710 2031 1760 2056 ex
1781 2014 2030 2056 melioribus
2048 2045 2060 2066 ,

1216 2101 1237 2120 «
1256 2083 1432 2126 Rustica
1447 2098 1541 2138 quae
1554 2081 1672 2124 nullo
1685 2090 1786 2124 nata
1799 2089 1970 2124 serente
1982 2096 2059 2121 ve-

1214 2148 1298 2196 nit;
1313 2165 1335 2183 »
1358 2146 1533 2202 quidam
1549 2178 1560 2200 ,
1578 2164 1599 2183 «
1615 2145 1788 2189 Rustica
1818 2161 1921 2201 quas
1942 2144 2059 2186 nullo

1219 2221 1335 2255 terra
1355 2220 1525 2254 serente
1541 2210 1659 2252 vehit
1679 2229 1699 2246 »
1717 2211 1783 2252 vel
1806 2215 1940 2265 gerit:
1961 2208 2059 2264 qui-

1199 2276 1318 2319 .dam
1338 2275 1469 2319 etiam
1484 2307 1495 2329 ,
1519 2292 1539 2311 «
1562 2275 1783 2329 Pomaque
1813 2289 1908 2329 quae
1937 2271 2059 2314 nullo

1215 2350 1331 2384 terra
1357 2348 1527 2382 serente
1553 2338 1668 2381 vehit
1692 2357 1713 2375 υ
1735 2338 1801 2380 vel
1821 2371 1831 2391 ,
1869 2354 1963 2379 rura
1985 2354 2060 2379 ve-

1215 2406 1423 2451 banasa-cl
1440 2406 1493 2448 de
1507 2405 1646 2462 pomis
1660 2420 1801 2461 nugae,
1820 2419 1953 2460 quum
1969 2419 2057 2458 aga-

1215 2483 1288 2518 tur
1307 2474 1360 2518 de
1389 2490 1524 2517 verno
1556 2483 1753 2530 tempore
1771 2506 1782 2527 ,
1809 2489 1898 2515 non
1928 2480 2057 2514 autu-

1216 2539 1370 2591 mnali3
1388 2539 1454 2581 alii
1472 2539 1605 2581 aliter.
1626 2539 1740 2582 Puto
1753 2532 2029 2580 scribendum
2043 2570 2051 2582 ,

1221 2623 1243 2642 «
1262 2604 1439 2648 Rustica
1458 2620 1588 2660 quam
1610 2603 1730 2645 nullo
1753 2611 1867 2645 terra
1884 2607 2063 2642 serente

1217 2667 1351 2712 dedit.
1366 2687 1388 2706 »
1403 2670 1517 2713 Nam
1532 2671 1685 2711 violam
1704 2682 1784 2722 pro
1802 2667 1940 2708 violas
1951 2663 2059 2707 scri-

1217 2734 1279 2790 pti
1308 2743 1494 2790 quatuor
1517 2731 1770 2775 vetustiores
1789 2737 2025 2785 agnoscunt
2047 2743 2056 2769 :

1217 2808 1356 2856 potest
1373 2808 1417 2841 et
1434 2802 1543 2853 gerit
1555 2795 1658 2853 legi,
1681 2793 1797 2851 quod
1814 2794 1861 2836 in
1881 2793 2058 2849 quibus-

1221 2865 1323 2906 dam
1343 2871 1490 2906 exstat.
1511 2862 1676 2904 HEINS.

1272 2930 1310 2972 8.
1328 2930 1690 2981 Indociligullure.
1705 2925 1806 2969 Non
1824 2922 1951 2965 docto
1967 2930 2057 2977 gut-

1215 3000 1311 3035 ture
1331 3007 1340 3034 :
1362 2990 1443 3033 hoc
1461 2999 1547 3043 est,
1569 2988 1683 3045 quod
1703 3005 1725 3030 a
1740 2986 1860 3029 nullo
1879 2985 2057 3028 doctum

1216 3056 1301 3100 fuit
1321 3054 1401 3097 nisi
1423 3071 1446 3097 a
1466 3063 1634 3098 natura.
1663 3057 1828 3097 Vernal.
1848 3052 1965 3093 Vere
1985 3049 2059 3092 lae-

1219 3130 1336 3166 tatur
1352 3152 1363 3173 ,
1387 3119 1559 3163 lascivit.

1269 3204 1308 3246 9.
1335 3188 1395 3229 Ut
1407 3189 1587 3245 deponat
1601 3188 1754 3231 crimen
1766 3187 1886 3226 maloe
1898 3187 2059 3225 matnzv.

1219 3253 1285 3297 Ut
1298 3286 1308 3303 ‚
1332 3250 1593 3308 deponendo
1605 3250 1651 3292 in
1671 3250 1731 3293 eis
1751 3249 1873 3292 'cunis
1885 3257 1929 3290 et
1947 3246 2060 3289 nidis

1221 3316 1381 3373 pullos,
1397 3315 1595 3358 videatur
1608 3316 1676 3371 pia
1689 3348 1701 3366 ,
1717 3323 1760 3357 et
1773 3313 1879 3357 velle
1890 3311 2056 3355 crimen

1222 3381 1298 3424 filii
1317 3396 1448 3438 quem
1459 3380 1636 3434 occidit,
1660 3396 1709 3422 ea
1723 3378 1975 3422 educatione
1994 3391 2056 3418 ce*
