2280 3776
269 306 379 380 396

739 308 802 359 P.
854 308 1067 363 OVID
1088 308 1155 362 II
1198 307 1579 370 NASONIS

270 425 401 483 Non
432 446 575 505 opus
605 437 687 482 est
715 423 926 500 magnis
955 422 1175 506 placido
1205 424 1408 486 lectore
1436 429 1615 511 poetis
1642 453 1656 489 t

224 517 230 525 ’
354 518 638 598 Qamlibet
663 519 896 579 invitum
928 519 1312 605 difficilemque
1344 537 1545 584 tenent.
2000 559 2050 587 ιο

272 616 389 675 Nos
407 662 421 686 ‚
457 615 659 697 quibus
689 616 970 695 ingenium
992 616 1149 696 longi
1180 616 1423 680 minuere
1453 619 1701 695 labores,

354 712 471 770 Aut
501 711 662 770 etiam
693 712 909 772 nullum
936 713 1168 774 forsitan
1196 731 1320 776 ante
1351 717 1459 776 fuit
1478 764 1494 790 ‚

275 807 504 867 Viribus
532 807 763 881 infirmi,
799 824 979 870 vestro
1008 811 1240 872 candore
1271 811 1542 882 valemus:

359 904 541 983 Quem
570 905 706 964 mihi
738 906 784 966 si
813 906 1027 978 demaS‚
1060 908 1244 967 omnia
1270 924 1426 991 rapta
1455 925 1660 991 putem.

279 998 598 1082 Cunctaque
634 1025 803 1082 quum
832 1025 948 1062 mea
981 1003 1092 1063 sint
1116 1027 1396 1087 propenso
1426 1005 1553 1064 nixa
1582 1005 1767 1066 favore
1786 1051 1801 1079 ,
2005 1021 2053 1063 15

359 1097 706 1179 Praecipuum
734 1099 902 1158 veniae
927 1100 1015 1180 jus
1045 1100 1212 1161 habet
1235 1101 1328 1161 ille
1358 1101 1515 1163 liber.

278 1192 596 1275 Spectatum
626 1208 776 1255 vates
807 1195 898 1254 alii
929 1197 1194 1281 scripsere
1225 1199 1583 1282 triumphum.

360 1292 463 1354 Est
490 1290 698 1374 aliquid
727 1294 954 1352 memori
980 1293 1093 1354 visa
1119 1310 1310 1356 notare
1338 1319 1522 1355 manu.

280 1385 396 1444 Nos
426 1408 487 1444 ea
511 1386 601 1445 vix
631 1387 841 1447 avidam
871 1387 1034 1467 vulgo
1070 1405 1283 1473 captata
1311 1414 1411 1474 per
1439 1412 1622 1450 aurem

253 1480 257 1483 ’
364 1483 695 1566 Scripsimus
729 1511 740 1545 :
771 1501 935 1569 atque
965 1486 1111 1548 oculi
1134 1488 1275 1549 fama
1305 1489 1457 1550 fuere
1478 1487 1599 1548 mei.
2007 1518 2060 1545 20

282 1578 500 1640 Scilicet
530 1581 775 1643 adfectus
806 1582 1038 1659 similes,
1070 1601 1164 1645 aut
1195 1586 1434 1669 impetus
1463 1586 1636 1658 idem,

364 1676 557 1736 Rebus
589 1678 658 1738 ab
691 1679 894 1741 auditis
926 1682 1350 1765 conspicuisque
1379 1681 1572 1742 venit?

280 1772 395 1831 Nec
422 1773 574 1834 nitor
601 1777 847 1854 argenti,
882 1802 1044 1860 quem
1073 1803 1173 1840 vos
1200 1779 1417 1860 vidistis
1435 1826 1450 1851 ‚
1484 1793 1539 1838 et
1564 1776 1706 1848 auri,
1730 1822 1733 1825 -

371 1869 543 1948 Quod
571 1872 708 1931 mihi
740 1874 971 1935 defuerit
990 1923 1005 1948 ,
1039 1900 1395 1959 purpuraque
1424 1874 1546 1947 illa,
1579 1897 1809 1957 queror:

290 1964 399 2025 Sed
426 1966 546 2026 loca
566 2015 580 2040 ‚
612 1970 707 2028 sed
738 1986 929 2048 gentes
959 1972 1202 2033 formatae
1228 1972 1376 2033 mille
1405 1971 1596 2050 figuris
2010 1985 2062 2027 25

368 2064 686 2126 Nutrissent
714 2090 957 2140 carmen,
990 2069 1284 2152 praeliaque
1313 2069 1463 2152 ipsa,
1488 2090 1686 2128 meum.

290 2159 365 2217 Et
389 2183 581 2238 regum
611 2161 826 2238 vultu5,
861 2165 1162 2226 certissima
1191 2165 1427 2249 pignora
1454 2164 1681 2236 mentis,

344 2308 370 2350 9
414 2294 510 2337 Non
533 2310 637 2350 opus
666 2303 734 2339 esi
760 2302 924 2352 magnis
949 2300 1140 2353 placido.

291 2354 438 2398 Poetis
465 2358 770 2403 excellentibus
802 2376 894 2403 non
929 2371 993 2405 est
1032 2378 1140 2418 opus

290 2430 341 2464 ut
359 2421 540 2469 lectores
565 2426 802 2470 concilient
822 2460 834 2482 ,
862 2428 963 2482 quia
984 2445 1141 2472 eorum

291 2503 424 2544 opera
442 2505 522 2545 per
541 2507 586 2534 se
605 2492 804 2535 favorem
823 2493 1106 2536 contrahunt.

351 2570 414 2597 10.
428 2558 663 2610 Quemlibet
670 2555 841 2602 ιἠνίίιιήι
853 2559 1144 2616 dffcilemque

293 2624 445 2662 tenent.
459 2622 700 2675 Quamlibet
708 2631 895 2678 quatuor
907 2622 1017 2666 libri.
1039 2624 1101 2666 H.

354 2701 370 2725 1
379 2688 415 2728 5.
433 2686 670 2743 Cunctaque
683 2704 804 2743 quum
821 2704 913 2732 mea
925 2690 1037 2732 sunt.
1051 2691 1147 2733 Sint

296 2767 347 2793 ex
365 2751 545 2808 scriptis.
571 2753 631 2795 H.

356 2817 417 2862 16.
440 2819 524 2861 Iste
552 2821 666 2863 liber.
692 2819 881 2863 Libellus
914 2821 984 2864 ille
1011 2837 1144 2878 quem

296 2881 438 2934 mitto,
453 2883 525 2926 ubi
537 2883 792 2928 describitur
803 2884 985 2929 Caesaris
994 2886 1146 2929 trium·

300 2945 410 3001 phus
428 2948 610 2990 materia
627 2949 768 3005 ampla
782 2958 826 2991 et
841 2966 1000 3006 magna
1016 2983 1028 3005 ,
1049 2966 1146 3006 quae

299 3011 415 3053 aliud
449 3022 697 3068 exposceret
727 3014 956 3071 ingenium
973 3048 986 3070 ‚
1012 3031 1146 3071 quam

302 3091 467 3118 meum.

359 3157 419 3199 ¹9·
441 3146 569 3198 Vulgi
575 3151 746 3199 captata
754 3162 831 3199 per
842 3162 994 3189 aurem.
1015 3148 1062 3190 V
1052 3149 1147 3200 algo

302 3205 449 3261 scripti
467 3222 475 3248 :
491 3215 534 3249 et
550 3224 675 3252 versu
695 3211 890 3265 proximo
904 3244 916 3265 ,
935 3226 1016 3268 pro
1034 3212 1148 3253 vidi-

305 3287 415 3322 mus,
445 3273 569 3315 multi
586 3280 841 3329 scripsimus.
868 3278 928 3321 H.

359 3337 424 3390 24.
451 3338 577 3390 Quod
594 3341 699 3381 mibi
720 3340 908 3393 defuerit.
931 3341 1153 3396 Defitcrint

304 3402 622 3458 Fragmentum
637 3404 914 3461 Vaticanum,
928 3407 1055 3462 paulo
1069 3406 1150 3451 ele-

308 3466 492 3522 gantius.
511 3467 679 3513 HEth.

1278 2303 1344 2344 25.
1360 2300 1446 2341 Sed
1454 2301 1551 2341 loca
1560 2329 1574 2352 ‚
1593 2298 1666 2339 vel
1670 2301 1825 2350 gentes.
1838 2294 1925 2339 Sed
1928 2299 2070 2348 gentes

1222 2383 1294 2410 sex
1311 2374 1535 2424 septemve
1552 2372 1744 2406 veteres:
1760 2376 1958 2403 nervose.
1980 2359 2070 2403 Sed

1221 2430 1420 2474 locorum
1454 2427 1764 2484 descriptiones
1795 2434 1840 2468 et
1862 2425 2067 2480 picturae‚

1223 2510 1318 2550 quae
1332 2493 1652 2550 triumphantes
1665 2490 1951 2547 imperatores
1966 2504 2071 2546 prae·

1222 2558 1451 2603 cedebant.
1471 2557 1558 2600 Per
1576 2555 1670 2599 loca
1689 2563 1838 2598 autem
1858 2587 1869 2609 ,
1895 2562 1969 2597 aut
1991 2569 2068 2595 ur-

1222 2623 1298 2666 bes
1315 2656 1327 2678 ,
1354 2631 1429 2666 aut
1451 2636 1625 2678 campos
1644 2620 1721 2663 ubi
1740 2628 1873 2676 partae
1894 2619 2072 2661 fuerant

1224 2689 1415 2733 victoriae
1435 2686 1694 2744 pugnando;
1725 2694 1769 2727 et
1796 2685 1895 2740 quia
1919 2683 2071 2738 hujus-

1224 2755 1347 2799 modi
1379 2754 1524 2812 praelia
1550 2753 1662 2810 picta
1687 2751 1924 2808 praeibant,
1950 2757 1994 2792 et
2023 2748 2071 2790 in

1225 2830 1503 2881 pugnantum
1521 2818 1772 2876 corporibus
1792 2816 1922 2858 variae
1944 2822 2072 2857 erant

1225 2888 1460 2930 vulnerum
1472 2894 1517 2928 et
1527 2882 1777 2927 cadentium
1787 2881 1956 2932 formae3
1968 2879 2069 2923 ideo

1225 2949 1448 3009 subjungit
1459 2981 1472 3003 ,
1493 2947 1562 2991 vel
1577 2955 1725 3004 gentes
1740 2946 1941 2988 formatae
1954 2943 2072 2987 mille

1226 3015 1390 3072 figuris.

1282 3080 1348 3122 26.
1378 3079 1619 3122 Nutrissent
1644 3090 1809 3120 carmen
1841 3082 1922 3117 etc.
1954 3072 2074 3115 Car-

1228 3143 1338 3187 mini
1347 3159 1446 3186 meo
1454 3141 1635 3199 gratiam
1645 3139 2074 3184 adtulissent.—Proe-

1227 3212 1364 3264 Iiaque
1375 3212 1470 3263 &vsa
1480 3224 1624 3250 meum.
1641 3206 1700 3249 Et
1710 3205 1812 3262 ipsae
1825 3204 2074 3261 praeliorum

1230 3273 1553 3329 descriptiones.
1874 3282 1885 3293 ⁹

1285 3355 1350 3393 27.
1370 3340 1432 3380 Et
1449 3353 1586 3393 regum
1606 3338 1746 3380 vultus
1761 3337 1992 3378 certissima
2000 3333 2077 3385 pi-

1228 3419 1362 3458 gnora
1376 3406 1525 3457 gentis.
1549 3404 1616 3446 Ita
1631 3400 1810 3457 quidem
1824 3397 1951 3453 vulgo
1973 3393 2076 3438 :sed

1233 3467 1302 3511 alii
1337 3471 1517 3523 pignora
1555 3471 1706 3512 mentis
1749 3465 1900 3520 legunt
1929 3494 1942 3518 ,
1982 3473 2077 3515 quae
