2280 3776
482 323 595 378 EX
634 321 944 378 PONTO
984 321 1147 378 LIB.
1192 323 1240 376 1.
1283 321 1569 379 EPIST.
1614 323 1768 379 VII.

1895 346 1994 402 291

239 439 357 500 Nos
386 453 596 523 premat
625 453 719 499 aut
745 437 893 499 bello
923 436 1083 499 tellus
1101 484 1115 510 ‚
1146 453 1241 498 aut
1264 439 1468 525 frigore
1500 438 1719 513 caelum3

321 536 581 618 Truxque
615 534 779 595 Getes
808 533 970 594 armis
990 580 1005 606 ‚
1039 533 1301 613 grandine
1332 534 1515 618 pulset
1539 537 1727 619 hyems
1753 560 1765 596 :

240 632 356 693 Nos
385 631 582 692 habeat
608 631 760 710 regio
779 677 794 703 ‚
824 653 923 691 nec
951 654 1121 714 pomo
1151 630 1312 703 soeta,
1342 655 1441 692 nec
1470 633 1621 705 uvis3

324 728 397 788 Et
426 729 578 810 cujus
608 727 820 788 nullum
849 742 1018 789 cesset
1047 728 1116 788 ab
1145 727 1301 788 hoste
1328 727 1486 789 latuS.

242 822 447 885 Caetera
477 824 549 886 sit
577 849 768 908 sospes
799 824 1071 886 cultorum
1102 824 1263 885 turba
1289 838 1543 898 tuorum;
1958 841 2004 882 15

325 921 391 980 In
421 921 624 1004 quibus
643 968 656 993 ‚
684 936 747 981 ut
766 904 1014 1005 ⁸populn,
1045 945 1172 1005 pars
1199 943 1301 1000 ego
1333 944 1497 1004 parva
1525 921 1622 982 sui.

242 1016 337 1076 Me
365 1016 653 1089 miserum,
687 1017 734 1077 si
766 1032 825 1077 tu
854 1016 1035 1079 verbis
1061 1017 1358 1078 offenderis
1388 1018 1539 1089 istis;

221 1193 225 1198 ¹
322 1113 546 1195 Nosque
577 1137 742 1191 negas
771 1113 880 1174 ulla
910 1129 1068 1198 parte
1095 1114 1261 1175 fuisse
1292 1115 1450 1174 tuos!

237 1206 411 1290 quue
440 1208 512 1268 sit
540 1223 603 1267 ut
630 1232 845 1279 verum,
875 1209 1107 1269 mentito
1138 1208 1416 1286 ignoscere
1445 1207 1642 1268 debes:

318 1302 412 1364 Nil
441 1303 610 1364 demit
638 1303 784 1364 laudi
810 1303 981 1382 gloria
1015 1319 1204 1365 nostra
1237 1319 1358 1365 tuae.
1956 1332 2008 1360 αι·

239 1401 384 1482 Quis
413 1424 470 1462 se
498 1401 805 1463 Caesaribus
835 1403 983 1462 notis
1012 1426 1124 1462 non
1150 1400 1311 1479 fingit
1335 1400 1609 1461 amicum?

319 1499 407 1559 Da
433 1498 640 1559 veniam
668 1499 811 1559 fasso
829 1545 844 1571 ‚
876 1514 934 1559 tu
958 1498 1092 1559 mihi
1125 1500 1307 1558 Caesar
1333 1497 1456 1558 eris.

237 1598 350 1658 Nec
377 1611 556 1658 tamen
581 1597 863 1681 irrumpo,
891 1622 1004 1680 quo
1033 1621 1147 1657 non
1176 1595 1303 1656 licet
1332 1597 1439 1669 ire3
1467 1596 1707 1678 satisque
1734 1610 1850 1667 est,

318 1696 475 1755 Atria
505 1695 551 1756 si
578 1695 743 1756 nobis
771 1719 883 1755 non
914 1695 1158 1778 patuisse
1180 1717 1368 1773 negas.

237 1791 426 1874 thue
458 1791 560 1851 tibi
591 1792 758 1852 fuerit
783 1815 993 1853 mecum
1022 1791 1164 1861 nihil
1194 1789 1464 1874 ampliu5‚
1496 1814 1610 1850 uno
1956 1804 2009 1846 25

317 1891 528 1973 Nempe
560 1888 810 1950 salutaris
831 1938 845 1963 ‚
877 1914 1038 1973 quam
1054 1890 1257 1973 prius,
1290 1896 1382 1949 ore
1404 1889 1601 1948 minus

236 1987 350 2049 Nec
382 2002 510 2049 tuus
542 2002 624 2048 est
652 1988 866 2066 genitor
894 2011 998 2049 nos
1027 1986 1297 2047 inficiatus
1325 1968 1553 2092 amicos,

316 2085 589 2146 Hortatur
620 2085 790 2146 studii
821 2107 1090 2179 causaque
1120 2061 1318 2165 faxque
1347 2081 1539 2176 mei3u

293 2232 311 2259 ι
320 2232 356 2258 a.
379 2217 595 2259 Grandine
600 2224 758 2272 puple!
767 2218 920 2275 hyems.
934 2218 1083 2260 Pulset

237 2279 398 2324 rectius
414 2279 567 2324 decem
587 2281 733 2337 scripti
754 2296 765 2323 :
785 2281 844 2324 sic
861 2284 1079 2324 verberate

235 2346 439 2400 granam
449 2349 579 2388 vinee
591 2345 971 2402 apud-Horatium.
986 2347 1044 2389 H.

299 2409 361 2452 13.
375 2411 465 2453 Nec
469 2413 607 2464 pomis
611 2409 723 2463 foeta
735 2443 746 2460 ,
765 2426 840 2453 nec
852 2415 956 2453 ιινιίς.
971 2411 1077 2454 Sar·

237 2473 457 2524 ravianus,
474 2474 655 2531 Argent.
671 2490 734 2530 pr.
750 2473 910 2518 Medic.
929 2473 1077 2517 Fesch.

239 2538 453 2595 multique
471 2538 563 2592 alii,
577 2553 726 2594 pomo:
741 2547 785 2581 et
799 2554 923 2582 versu
937 2539 1083 2595 proxi-

238 2619 314 2648 mo
328 2636 340 2659 ,
358 2612 493 2647 cesset
511 2619 592 2660 pro
609 2612 750 2647 cessat
768 2603 978 2647 meliores.
1002 2604 1060 2646 H.

297 2686 360 2727 ¹7·
395 2670 539 2712 Verbis
566 2672 687 2712 tstt's:
703 2667 876 2724 Quibus
900 2667 984 2710 dixi
1008 2684 1080 2711 me

238 2732 345 2776 olim
369 2731 497 2776 fuisse
530 2732 575 2774 in
607 2732 732 2775 turba
765 2740 944 2775 tuorum
978 2732 1081 2775 cul-

239 2804 400 2842 torum.
674 2827 675 2830 =

273 2875 276 2878 ”
297 2879 359 2922 19.
385 2865 521 2921 thue
538 2868 596 2907 sit
613 2867 692 2907 hoc
709 2880 860 2907 terum.
879 2865 1008 2920 quue
1025 2867 1085 2907 sit

241 2934 289 2971 tet
298 2945 434 2972 verum
446 2929 640 2987 plerique
653 2949 664 2983 ;
683 2929 860 2987 quidam
877 2931 1012 2986 thue
1024 2935 1084 2974 sit

242 2994 295 3034 id
308 3008 456 3036 urum.
477 2994 658 3049 Malim,
681 2997 768 3038 Sed
787 3001 848 3038 sit
869 3004 917 3038 ut
931 2998 983 3039 id
1000 3012 1081 3039 ve-

243 3073 344 3100 mm.
365 3059 687 3105 H.—Alenti!o.
710 3060 844 3116 Quod
865 3077 936 3105 me
956 3070 1081 3104 tuum

244 3124 334 3165 esse
345 3123 503 3179 scripsi.
512 3125 613 3167 Hoc
623 3133 768 3174 autem
781 3126 899 3181 dicit,
912 3143 968 3169 ne
978 3127 1083 3170 ami-

243 3205 344 3234 cum
359 3189 572 3245 offendat,
591 3191 819 3236 timemem
834 3194 1082 3249 Augustum

243 3254 415 3298 laedere.

297 3334 364 3361 20.
395 3320 544 3362 Gloria
569 3325 722 3363 nostra.
751 3320 799 3364 Si
823 3321 983 3378 glorior
1008 3338 1081 3366 me

243 3381 370 3427 fuisse
391 3384 467 3428 tibi
489 3385 688 3428 amicum.

223 3461 229 3469 “
299 3467 364 3496 21.
386 3453 537 3497 Notum
556 3455 773 3508 aonfinge't
787 3457 976 3498 meeum·
997 3457 1080 3499 No·

1159 2223 1228 2261 tu‘s
1246 2217 1403 2274 scripti.
1424 2215 1655 2259 Distichon
1679 2215 1810 2258 etiam
1834 2213 1917 2257 hoc
1941 2222 2008 2256 est

1161 2298 1219 2325 ex·
1233 2281 1374 2325 dubia.-
1394 2280 1496 2323 fidei
1512 2280 1705 2336 pluribus
1719 2293 1871 2321 unum.
1890 2277 2005 2320 H.—

1161 2348 1286 2390 Notis
1311 2346 1509 2388 vatican.
1529 2343 1728 2387 Vossian.
1756 2352 1801 2387 et
1831 2343 1867 2386 F
1869 2359 2005 2400 ragm.

1160 2411 1381 2455 Boxhorn'.
1411 2410 1600 2461 Melius,
1638 2425 1888 2466 quanquam
1920 2425 2003 2452 nec

1159 2476 1268 2521 mihi
1290 2476 1479 2519 multum
1500 2475 1638 2531 placet
1658 2474 1885 2518 distichon.

1218 2543 1281 2585 23.
1301 2543 1384 2584 Nec
1396 2549 1534 2583 tamen
1546 2544 1734 2594 irrumpo.
1750 2540 1841 2582 Nec
1855 2549 2005 2583 tamen

1159 2605 1260 2650 illuc
1287 2605 1474 2660 accedo,
1506 2620 1594 2661 quo
1626 2620 1718 2648 non
1749 2604 1851 2647 licet
1881 2620 1890 2646 :
1919 2603 2002 2647 hoc

1160 2679 1251 2723 est,
1275 2685 1367 2713 non
1393 2678 1434 2713 te
1459 2669 1598 2723 adeo,
1623 2669 1705 2712 nisi
1729 2667 2005 2712 verecunde:

1159 2743 1202 2777 te
1223 2735 1343 2777 enim
1366 2735 1563 2778 venerari
1581 2733 1713 2777 soleo.
1729 2733 1880 2789 ltaque
1894 2731 2006 2774 nihil

1157 2799 1314 2843 faciam
1336 2808 1379 2842 te
1399 2799 1551 2842 invito.

1215 2868 1281 2907 25.
1299 2866 1432 2920 thue
1448 2867 1532 2907 tiba
1533 2864 1680 2919 fuerit.
1703 2863 1919 2919 Quamvis
1938 2862 2005 2904 ni-

1160 2928 1221 2971 hil
1249 2928 1432 2985 amplius
1460 2927 1687 2982 habueris,
1718 2943 1850 2984 quam
1884 2926 2006 2983 quod

1162 2995 1271 3038 atria
1296 3004 1370 3038 tua
1393 2994 1767 3051 frequentaverim
1790 2993 2009 3038 salutandi

1163 3060 1507 3117 gratiae—thue
1529 3059 1776 3114 mihifuen‘t
1788 3068 1921 3102 tecum
1937 3062 2009 3102 111²-

1160 3128 1227 3168 hil
1248 3128 1440 3180 amplius.
1471 3125 1672 3168 Honesta
1703 3124 1877 3168 locutio.
1899 3125 2005 3168 Ter.

1163 3192 1303 3235 Andr.
1324 3193 1367 3236 ΙΙ
1383 3225 1395 3247 ,
1423 3209 1439 3234 ι
1459 3207 1469 3234 :
1489 3210 1511 3229 «
1530 3192 1651 3236 Num
1670 3191 1907 3248 quidquam
1921 3207 2009 3234 am·

1165 3256 1275 3313 plius
1290 3257 1366 3300 tibi
1379 3272 1481 3300 cum
1492 3256 1563 3299 illa
1574 3255 1658 3299 fuit
1670 3289 1684 3311 ‚
1709 3254 1929 3300 Charine?
1947 3276 1969 3294 ι»

1215 3324 1280 3366 26.
1294 3325 1441 3366 Minus
1457 3340 1540 3366 uno
1556 3339 1638 3366 ote.
1650 3323 1804 3367 Minus
1815 3338 1906 3367 uno
1926 3322 2005 3366 ho·

1161 3387 1292 3432 mine.
1307 3411 1362 3420 —-
1379 3390 1513 3442 Quam
1529 3392 1662 3443 prius.
1689 3388 1840 3445 Quam
1867 3395 2006 3431 antea.

1216 3457 1280 3499 28.
1312 3456 1455 3499 Stadii
1480 3471 1688 3510 causaque
1709 3455 1875 3509 sasque
1912 3455 2003 3496 mei.
