2268 3848
471 349 913 408 TRISTIUM
965 350 1126 406 LIB.
1167 352 1215 406 Ῑ.
1264 351 1504 408 ELEG.
1570 354 1693 407 111.
1891 354 1961 407 25

191 467 341 529 Talia
372 469 649 541 tentabat,
683 470 760 530 sic
792 483 844 528 et
875 484 1171 531 tentaverat
1198 485 1359 544 ante;

271 564 489 648 Vixque
521 563 670 625 dedit
698 565 867 625 victas
896 565 1130 626 utilitate
1157 591 1369 628 manus.

192 660 492 739 Egredior,
518 660 628 720 sive
657 658 795 720 illud
827 675 938 722 erat
969 662 1086 722 sine
1112 664 1302 724 sunere
1329 664 1488 737 ferri,

275 756 591 841 squallidus
619 757 876 819 immissis
902 758 1045 819 hirta
1074 783 1173 843 per
1198 784 1292 821 ora
1326 761 1510 821 comis.
1913 791 1971 837 9⁰

192 853 319 927 llla,
352 853 543 915 dolore
573 854 709 926 mei,
742 854 985 915 tenebris
1015 871 1269 917 narratur
1300 858 1544 932 obortis,

273 947 615 1010 Semianimis
645 948 821 1010 media
851 950 1214 1032 procubuisse
1246 951 1426 1012 domo.

192 1046 381 1129 thue
407 1046 734 1119 resurrexit,
764 1045 983 1107 soedatis
1010 1045 1233 1129 pulvere
1261 1047 1411 1130 tur'pi

275 1141 568 1214 Crinibus,
599 1156 654 1202 et
685 1140 863 1220 gelida
892 1142 1136 1203 membra
1166 1142 1362 1203 levavit
1386 1142 1583 1214 humo;

192 1237 262 1298 Se
291 1237 456 1299 modo
474 1284 489 1311 ,
523 1238 769 1299 desertos
798 1238 966 1299 modo
997 1237 1368 1321 complorasse
1395 1238 1662 1313 Penates,
1915 1258 1971 1314 95

270 1335 490 1395 Nomen
520 1349 575 1395 et
601 1334 774 1418 erepti
805 1358 944 1418 saepe
975 1358 1195 1396 vocasse
1224 1334 1324 1395 viri
1353 1358 1366 1408 ;

190 1430 305 1493 Nec
333 1432 603 1510 gemuisse
632 1431 846 1505 minus,
881 1455 1044 1515 quam
1072 1432 1118 1492 si
1148 1446 1352 1493 nataeve
1381 1454 1625 1493 meumve

271 1527 519 1590 Vidisset
547 1544 788 1590 structos
814 1552 1019 1613 corpus
1047 1528 1251 1589 habere
1280 1552 1483 1607 rogos3

190 1625 268 1685 Et
294 1623 535 1688 voluisse
563 1626 740 1699 mori3
769 1625 1059 1687 moriendo
1089 1649 1296 1710 ponere
1323 1649 1551 1701 sensus;

274 1721 659 1807 Respectuque
686 1738 868 1784 tamen
896 1747 1012 1784 non
1042 1723 1295 1807 posuisse
1323 1722 1447 1783 mei.

1899 1753 1976 1784 too

192 1814 383 1888 Vivat,
420 1831 475 1878 et
500 1816 809 1891 absentem,
845 1818 1106 1902 quoniam
1137 1818 1214 1878 sic
1245 1816 1353 1877 fata
1383 1815 1663 1890 tulerunt,

273 1913 471 1988 Vivat,
505 1929 559 1974 et
584 1914 791 1976 auxilio
822 1914 1072 1976 sublevet
1101 1938 1279 1998 usque
1309 1916 1445 1976 suo!

191 2064 321 2114 atque
351 2057 652 2103 incredibilem
681 2068 829 2104 movet
851 2060 1040 2104 commi-

191 2122 483 2177 serationem;
516 2124 637 2181 quasi
666 2124 808 2180 dicat,
842 2141 923 2182 ego
950 2142 1038 2169 vo-

190 2185 286 2232 lens
322 2187 475 2244 abibo,
506 2205 598 2232 non
627 2190 815 2247 imperio
842 2189 1037 2236 Caesaris.

192 2250 283 2294 Sed
295 2255 436 2307 pietas
456 2269 553 2310 qun
573 2256 718 2298 Caesar
736 2264 823 2310 est,
843 2255 912 2299 vix
928 2254 1039 2299 mihi

193 2315 417 2371 probanda
443 2318 618 2363 videtur
649 2333 661 2362 ι
695 2335 801 2363 nam
836 2320 872 2364 si
905 2321 1040 2377 pietas

193 2380 337 2424 uxoris
356 2381 494 2440 tangit
508 2383 663 2427 exsulis
681 2383 895 2438 animum,
912 2393 956 2428 et
967 2401 1042 2429 so-

193 2445 272 2490 lari
291 2457 432 2504 potest
447 2482 460 2504 ,
491 2450 572 2494 alio
591 2467 720 2496 sensu
737 2483 749 2506 ,
782 2451 942 2496 scilicet
961 2452 1042 2494 in—

195 2511 446 2569 dignatione
466 2531 630 2559 nomen
653 2515 834 2560 Caesaris
855 2516 1043 2559 adficere

197 2575 489 2624 debet.Malus
502 2589 565 2624 est
576 2581 739 2638 ingenii
749 2582 958 2637 lusus‚qui
967 2597 1045 2638 pu-

197 2653 378 2701 gnantes
397 2645 514 2690 inter
525 2663 568 2690 se
587 2647 781 2691 adfectus
800 2647 1044 2704 conjungit.

248 2709 314 2768 89.
347 2711 445 2754 Sine
471 2710 625 2766 funere
646 2711 768 2767 fini.
808 2706 940 2756 Meus
971 2712 1042 2755 ille

195 2771 401 2819 discessus
422 2774 506 2820 suit
541 2777 662 2833 quasi
691 2777 819 2820 elatio
843 2776 930 2820 mei
956 2777 1043 2821 vivi

195 2836 252 2880 ad
273 2837 563 2895 sepulturam,
583 2840 692 2884 citra
712 2849 918 2885 mortem.

250 2918 318 2962 9⁰·
337 2904 421 2948 Per
434 2920 509 2948 om
526 2907 650 2948 hirta.
665 2906 754 2949 Per
769 2904 928 2948 faciem
941 2904 1045 2948 bar-

195 2965 342 3011 batam
366 2969 442 3012 :in
473 2969 594 3014 luctu
620 2970 740 3014 enim
771 2969 971 3027 capillum
1000 2978 1044 3014 et

195 3030 375 3077 barbam
395 3051 488 3079 non
510 3035 763 3080 tondebant.
782 3037 913 3080 Mna.

252 3113 320 3156 91.
341 3101 426 3143 Illa
450 3104 590 3145 dolore
613 3118 768 3146 amens.
802 3101 935 3145 Multi
960 3118 1043 3158 ge—

199 3177 344 3215 mens-5
366 3163 414 3207 in
434 3181 524 3209 uno
540 3172 708 3222 gravis,-
731 3167 778 3210 in
795 3165 1043 3211 Combiano

200 3235 245 3270 et
264 3227 400 3272 tribus
420 3230 507 3274 aliis
532 3234 673 3275 dolore
690 3237 794 3283 mei,
827 3230 944 3288 quod
965 3248 1044 3276 se-

201 3306 331 3347 quor:
344 3295 540 3350 proximo
551 3312 678 3340 versu
688 3311 768 3354 pro
778 3299 916 3340 media
923 3300 1044 3340 domo

201 3355 290 3402 duo
301 3364 385 3404 via.
399 3359 637 3420 Scripserat
652 3395 664 3419 ,
684 3371 790 3421 puto
804 3394 817 3419 ,
828 3361 1016 3408 Ovidius
1029 3395 1042 3418 ,

1122 2060 1254 2103 vidua
1283 2061 1424 2111 domo,
1456 2073 1560 2102 nam
1582 2061 1624 2103 τὶ
1641 2060 1780 2103 media
1799 2072 1975 2116 prorsus

1124 2125 1314 2168 otiosum
1338 2141 1388 2168 ae
1406 2123 1679 2182 superfluum
1703 2133 1795 2169 est:
1825 2133 1975 2168 narrat

1122 2206 1219 2249 quae
1231 2200 1327 2249 post
1337 2191 1577 2249 digressum
1587 2208 1715 2236 suum
1729 2191 1841 2236 sacta
1856 2201 1973 2236 sunt.

1122 2256 1347 2300 nams—
1355 2258 1552 2300 Tenebris
1559 2260 1719 2301 obotttlr
1729 2256 1975 2309 ,·exanima-

1122 2321 1205 2375 tio,
1223 2321 1288 2364 vel
1306 2321 1442 2364 animi
1458 2320 1644 2365 desectio
1655 2353 1667 2376 ,
1691 2321 1973 2378 significatur.

1122 2385 1305 2429 Plautus
1323 2385 1368 2428 in
1386 2384 1656 2430 Curculione
1678 2402 1688 2429 t
1709 2389 1885 2429 tenebre
1898 2389 1976 2429 ob-

1123 2454 1327 2502 oriuntur,
1344 2466 1483 2506 genua
1498 2453 1637 2495 media
1652 2454 1885 2495 succidunt.

1180 2517 1248 2574 95.
1274 2517 1531 2571 Deplorasse
1552 2518 1743 2560 Penates.
1774 2518 1976 2572 Complo-

1123 2594 1242 2622 rasse
1270 2579 1446 2636 plurimi
1475 2589 1675 2624 veterum
1699 2614 1711 2636 ,
1750 2581 1976 2638 quomodo

1123 2645 1255 2689 etiam
1270 2645 1323 2688 ad
1339 2645 1490 2706 Sylvas
1503 2646 1628 2690 Statii
1641 2647 1904 2691 Gronovius.
1914 2648 1974 2691 H.

1185 2727 1201 2753 1
1208 2726 1275 2754 oo.
1288 2711 1386 2755 Non
1391 2716 1569 2767 pen'tlrse
1582 2717 1674 2756 mci.
1688 2712 1900 2769 Quatuor
1908 2729 1976 2755 vo·

1122 2778 1271 2829 luisse,·
1289 2793 1401 2821 unus
1410 2777 1599 2823 Gallicus
1603 2784 1800 2835 posuisse
1812 2796 1824 2823 .·
1833 2780 1946 2824 bene
1959 2813 1973 2835 ,

1124 2843 1206 2886 nisi
1221 2846 1408 2887 valuetcse
1425 2845 1560 2888 malis.
1582 2846 1748 2890 mes.

1184 2923 1274 2953 101.
1293 2911 1441 2960 Vivat,
1468 2918 1513 2953 et
1526 2913 1758 2961 absentem.
1779 2915 1975 2967 qnoniam

1122 2976 1188 3016 sic
1193 2973 1300 3029 sala
1318 2977 1522 3025 tulerunt,
1558 2978 1694 3020 Vivat.
1716 2977 1818 3020 Non
1836 2975 1976 3033 placet

1123 3038 1327 3092 repetitio
1347 3048 1412 3083 τοῦ
1438 3042 1573 3083 Vicat.
1602 3041 1694 3085 Nec
1722 3042 1875 3096 juvant
1897 3050 1974 3084 ta-

1124 3117 1230 3145 men
1253 3102 1352 3146 libri
1371 3113 1566 3147 veteres:
1588 3121 1644 3147 an
1661 3106 1784 3148 Jutet
1795 3121 1875 3162 pro
1895 3104 1975 3148 ad·-

1123 3167 1237 3224 jutet
1248 3169 1473 3225 scripserat
1483 3169 1668 3213 Noster?
1687 3186 1741 3213 an
1758 3188 1779 3207 α
1794 3171 1854 3214 Βί
1868 3171 1975 3214 dent

1125 3233 1280 3277 auxilio
1316 3235 1511 3278 sublevet
1538 3253 1676 3293 usque
1702 3253 1804 3289 suo;
1835 3256 1856 3275 »
1879 3237 1973 3291 vel,

1124 3298 1336 3354 Disace’le
1350 3303 1523 3349 auzilh,
1538 3302 1606 3345 vel
1619 3305 1717 3345 dale
1725 3309 1773 3345 ut
1781 3303 1976 3345 auxilio?

1125 3363 1318 3420 Scaliger
1342 3367 1477 3412 Tutet.
1498 3366 1589 3414 Sed
1610 3383 1702 3413 non
1728 3366 1974 3426 persuadet.
