2280 3776
436 323 547 378 Ex
589 295 876 377 PoNTo
914 321 1073 375 Lm.
1118 321 1206 375 11.
1251 319 1528 375 EPIST.
1573 323 1696 375 111.

1837 324 1945 396 329

187 439 381 502 Judice
412 454 463 500 te
491 438 736 499 mercede
766 451 941 507 caret,
974 460 1073 519 per
1099 460 1263 518 seque
1292 437 1525 519 petenda
1551 451 1635 499 est
1897 457 1949 499 35

271 535 528 597 Externis
560 535 733 594 virtus
764 533 1073 593 incomitata
1104 533 1285 592 boniS.

193 634 379 716 Turpe
410 647 570 716 putas
598 629 775 706 abigi,
808 629 935 713 quia
965 630 1032 689 sit
1066 629 1433 700 miserandus,
1465 630 1725 704 amicum,

280 727 559 809 Quodque
589 725 662 786 sit
692 723 875 784 infelix
895 771 909 795 ‚
939 723 1179 784 desinere
1210 747 1326 783 esse
1358 739 1528 784 tuum.

197 824 397 884 Mitius
425 837 508 884 est
534 821 676 882 lasso
705 821 937 899 digitum
967 819 1278 903 subponere
1306 837 1490 881 mento
1510 868 1526 894 ‚

282 921 531 998 Mergere
563 942 721 1001 quam
756 917 981 1000 liquidis
1009 941 1102 978 ora
1129 918 1367 979 natantis
1394 920 1568 1002 aquis.
1913 936 1967 991 40

203 1019 408 1089 Cerne,
439 1015 571 1100 quid
602 1014 854 1076 AEacides
885 1030 1013 1098 post
1038 1030 1266 1076 mortem
1300 1030 1516 1099 praestet
1548 1016 1717 1076 amico
1744 1040 1756 1074 ε

283 1117 463 1175 Instar
488 1129 543 1175 et
567 1113 709 1174 hauc
738 1113 900 1172 vitam
927 1113 1346 1198 mortisnhabere
1376 1127 1524 1195 puta.

203 1211 514 1273 Pirithoum
544 1210 792 1271 Theseus
818 1210 1036 1293 Stygias
1062 1210 1339 1271 comitavit
1367 1210 1432 1271 ad
1465 1208 1638 1271 undas
1662 1233 1676 1268 ε

284 1308 336 1369 Α
363 1305 565 1389 Stygiis
597 1321 860 1389 quantum
891 1329 1009 1367 sors
1038 1330 1154 1366 mea
1185 1306 1351 1367 distat
1375 1306 1565 1390 aquis!

206 1401 403 1463 Adfuit
432 1401 624 1462 insano
651 1402 864 1483 juvenis
897 1400 1160 1463 Pbocaeus
1192 1403 1435 1463 Orestae:
1921 1415 1973 1472 45

289 1500 364 1560 Et
390 1522 506 1560 mea
534 1523 644 1559 non
674 1498 954 1560 minimum
988 1498 1147 1583 culpa
1175 1500 1376 1561 suroris
1402 1500 1584 1561 habet.

209 1595 299 1664 Tu
330 1618 548 1678 quoque
578 1619 900 1674 magnorum
932 1595 1119 1657 laudes
1149 1597 1375 1657 admitte
1404 1597 1675 1668 virorum;

295 1694 482 1776 thue
509 1693 668 1764 facis,
702 1692 855 1778 lapso
875 1741 889 1766 ‚
922 1698 1082 1776 quam
1115 1708 1300 1777 poteS‚
1333 1693 1467 1755 affer
1493 1716 1671 1777 opem.

216 1791 275 1851 Si
302 1791 442 1852 bene
473 1806 524 1852 te
553 1792 713 1862 novi;
750 1793 830 1865 si,
860 1793 1007 1875 quod
1041 1793 1194 1875 prius
1225 1816 1341 1853 esse
1368 1791 1619 1865 solebas,

298 1891 461 1950 Nunc
492 1914 713 1973 quoque
745 1914 831 1960 εδ,
864 1905 1025 1973 atque
1056 1890 1220 1950 animi
1253 1914 1362 1949 non
1392 1890 1630 1949 cecidere
1661 1889 1775 1960 tui;
1932 1904 1986 1946 50

220 1984 351 2069 Quo
382 1983 599 2044 fortuna
633 1985 806 2063 magis
837 1985 1020 2055 saevit,
1052 1984 1222 2063 magis
1251 1984 1366 2067 ipse
1396 1984 1607 2046 resistis
1627 2030 1642 2056 ‚

299 2081 488 2163 thue
516 2079 704 2153 decet,
736 2105 803 2141 ne
835 2095 886 2140 te
914 2081 1107 2141 vicerit
1133 2079 1224 2141 illa
1243 2127 1259 2152 ‚
1292 2105 1478 2142 caves:

276 2211 343 2258 35.
371 2214 524 2256 Iudice
547 2219 597 2257 le.
634 2214 690 2257 Te
710 2216 813 2257 duce
831 2221 872 2256 te
893 2213 1062 2258 Sarrav.

278 2276 343 2332 37.
377 2279 505 2332 Turpe
519 2284 648 2333 putas
664 2282 787 2322 abici.
806 2279 850 2322 A
853 2282 943 2334 bz'gi
957 2280 1063 2323 scri-

224 2340 421 2389 bendum
439 2341 505 2385 vel
523 2352 673 2386 contra
695 2343 830 2387 fidem
850 2344 1068 2387 membra-

227 2422 399 2450 narum.
422 2406 584 2451 Ηεηῑε.

282 2474 348 2527 4¹·
371 2474 499 2516 Ccme
513 2474 618 2529 quid
625 2475 837 2517 AEaas‘a'es.

230 2550 369 2591 Ingemit
394 2551 540 2583 AEncides
553 2575 564 2591 ,
589 2553 746 2594 pleneque
760 2552 882 2583 affusus
901 2563 1007 2584 amore
1023 2576 1033 2592 ,

271 2612 392 2644 omnia
405 2636 416 2651 ,
429 2613 475 2643 ait
488 2637 500 2653 ‚
516 2613 639 2644 solvam
654 2637 664 2652 ‚
680 2613 786 2644 dulcis
802 2613 923 2653 amice,
939 2614 1012 2645 tibi.

232 2675 344 2717 'reque
351 2675 454 2707 colam
464 2673 602 2713 inferiis,
610 2686 674 2706 non
681 2676 793 2707 mortis
805 2675 923 2707 honore
935 2676 1070 2707 carebis.

271 2736 439 2768 sidionem
456 2736 548 2767 factis
565 2736 661 2777 digna
681 2743 798 2778 tropina
815 2737 891 2768 tuis.

236 2801 326 2853 Adi
349 2803 534 2847 Homer.
559 2801 680 2846 Iliad.
702 2811 748 2846 Ψ.

293 2868 358 2921 42.
373 2869 516 2910 Instar
525 2876 568 2911 et
581 2870 691 2910 hanc
707 2872 848 2911 vitam.
868 2869 979 2912 Puta
993 2868 1075 2925 igi-

240 2941 339 2987 tur,
378 2942 421 2977 et
454 2950 595 2977 meam
636 2934 745 2978 hanc
776 2936 909 2979 vitum
944 2936 1079 2980 instar

240 3000 392 3043 mortis
417 3016 506 3044 esse
539 3017 550 3044 t
577 3001 659 3044 hoc
688 3011 776 3055 est,
805 3019 872 3046 me
905 3020 1078 3059 quoque

242 3080 322 3121 pro
355 3073 531 3108 mortuo
558 3065 667 3110 habe
698 3084 708 3110 ι
740 3077 783 3111 et
816 3077 865 3111 ut
894 3067 1080 3111 Achilles

242 3128 463 3182 Patroclo,
487 3129 543 3172 ita
566 3139 612 3173 tu
634 3131 740 3174 mihi
761 3132 956 3176 officium
980 3135 1083 3177 ami-

244 3193 353 3237 citiae
371 3202 537 3248 praesta.
559 3193 730 3238 Mrcrt..

317 3258 381 3311 43.
430 3259 669 3300 Pirithoum,
710 3259 855 3315 Hujus
886 3260 1088 3303 meminit

247 3322 402 3379 virgil.
436 3322 524 3376 vl,
548 3337 659 3366 vers.
681 3325 759 3383 392
787 3340 797 3367 z
824 3343 845 3362 «
867 3326 957 3369 Nec
983 3342 1086 3369 vero

250 3385 433 3433 Alciden
475 3403 545 3430 me
577 3404 672 3431 sum
704 3387 866 3434 laetatus
909 3401 1088 3435 euntem

252 3451 476 3510 Accepisse
507 3453 599 3498 lacu
620 3488 632 3512 ,
667 3472 746 3499 nee
769 3456 938 3501 Thesea
967 3456 1089 3501 Piri-

1146 2213 1390 2270 thoumque
1415 2231 1426 2262 ς
1461 2231 1483 2251 »
1519 2221 1562 2256 et
1591 2228 1700 2256 vers.
1734 2212 1812 2270 39¹7
1836 2227 1845 2253 :
1873 2229 1895 2250 a:
1927 2210 1988 2253 Hi

1148 2276 1374 2319 dominam
1410 2275 1525 2320 Ditis
1554 2275 1744 2319 thalamo
1774 2274 1991 2318 deducere

1150 2340 1305 2383 adorti.
1322 2360 1342 2377 »a

1208 2408 1273 2460 44.
1301 2406 1345 2448 A
1368 2406 1515 2463 Stygia
1539 2414 1737 2460 quantum
1764 2420 1873 2448 mors
1902 2419 1994 2446 mea

1152 2475 1286 2515 distat
1314 2489 1434 2527 aqua.
1465 2473 1619 2530 Stygiis
1648 2477 1770 2527 aquis
1800 2469 1992 2527 plerique

1154 2546 1332 2580 veteres.
1350 2535 1499 2580 Scribe
1520 2552 1531 2578 ε
1555 2554 1577 2573 «
1599 2536 1639 2579 A
1666 2536 1828 2594 Stygiis
1855 2551 1998 2592 quan-

1156 2610 1250 2644 tum
1265 2618 1356 2644 sors
1371 2617 1468 2644 mea
1485 2600 1615 2645 distat
1632 2602 1752 2658 aquis
1765 2634 1777 2656 ,
1800 2621 1821 2639 ν
1836 2601 1896 2644 nil
1908 2617 1999 2645 cer-

1157 2667 1253 2711 tius.
1269 2668 1322 2711 In
1337 2666 1552 2710 Tristibus
1568 2700 1580 2720 ‚
1604 2666 1676 2709 lib.
1694 2668 1751 2720 V,
1772 2667 1893 2722 Eleg.
1908 2680 1997 2720 ΧΠ,

1154 2750 1214 2778 vs.
1234 2734 1261 2776 6
1286 2749 1296 2776 2
1321 2750 1342 2771 α
1373 2733 1500 2776 Sorte
1522 2750 1604 2776 nec
1626 2733 1709 2776 ulla
1731 2748 1828 2776 men
1849 2732 2001 2776 durior

1157 2818 1246 2845 esse
1264 2809 1404 2858 potest
1421 2817 1432 2852 ;
1449 2819 1470 2838 υ
1486 2810 1614 2857 atque
1628 2801 1686 2844 ita
1700 2799 1799 2843 alibi
1815 2800 1970 2856 passim
1987 2817 1999 2852 ;

1158 2867 1305 2910 Valer.
1328 2867 1503 2909 Flaccus
1519 2900 1531 2920 ,
1559 2867 1629 2909 lib.
1659 2867 1703 2910 lt
1727 2883 1737 2909 :
1759 2884 1781 2903 «ι
1806 2866 1998 2919 Ductor,

1160 2933 1218 2975 ait
1237 2965 1248 2986 ,
1280 2931 1424 2988 quod,
1457 2934 1609 2989 virgo,
1641 2933 1718 2975 tibi
1750 2947 2003 2987 nomenque

1161 3014 1381 3055 genusque
1400 3033 1412 3054 ,
1444 2999 1558 3056 Quae
1575 3015 1668 3042 sors
1689 3000 1765 3042 ista
1783 3032 1794 3053 ,
1821 2998 1927 3041 doce
1945 3016 1957 3050 ;
1983 3015 2007 3036 ι·

1161 3063 1290 3106 simili
1316 3080 1464 3108 errore
1489 3081 1597 3108 mors
1620 3074 1664 3107 et
1689 3063 1774 3106 illic
1792 3079 1913 3106 nune
1937 3063 2009 3105 le-

1165 3130 1292 3185 gitur.
1317 3129 1482 3172 HEm’s.

1221 3198 1286 3249 45.
1309 3196 1485 3238 Juvem's
1501 3197 1700 3238 Phoceus
1722 3204 1801 3239 etc.
1823 3194 2008 3254 Pylades

1167 3260 1361 3315 Strophii
1375 3261 1609 3303 Phocensis
1629 3259 2010 3304 filius.—Pbocoe11s

1174 3329 1323 3369 Oresti.
1342 3326 1677 3369 Oresta-sarram
1689 3335 1733 3370 et
1745 3343 1859 3369 unus
1872 3326 2012 3369 vatic.

1167 3393 1294 3435 bene.
1318 3392 1482 3436 Hssms.

1225 3460 1290 3518 49.
1327 3461 1416 3514 Qui
1430 3464 1552 3514 prim
1575 3475 1667 3503 esse
1695 3463 1873 3503 solebas.
1905 3461 2018 3513 Quid
