2280 3776
445 298 876 356 TRISTIUM
917 297 1076 353 LIB.
1122 299 1235 355 IV.
1279 299 1520 355 ELEG.
1554 300 1679 353 111.

1849 299 1951 375 169

188 416 380 498 Quum
413 416 607 477 cecidit
635 417 920 498 Capaneus
952 415 1139 475 subito
1169 416 1485 477 temerarius
1515 417 1625 476 ictu
1644 462 1658 488 ‚

267 513 416 572 Num
445 511 581 590 legis
613 510 872 571 Evadnen
901 511 1184 572 erubuisse
1213 513 1374 573 viro?

185 608 331 681 Nec,
365 608 492 691 quia
518 630 608 667 rex
640 606 830 667 mundi
861 610 1199 689 compescuit
1227 609 1450 687 ignibus
1480 609 1665 687 ignee,
1901 620 1956 662 65

266 703 394 785 Ipse
423 702 561 774 tuis,
595 702 880 762 Phaethon
900 748 914 774 ‚
945 702 1268 763 inficiandus
1297 727 1412 764 eras
1438 728 1452 763 ε

187 800 300 859 Nec
328 798 535 860 Semele
567 798 776 860 Cadmo
806 799 944 859 sacta
981 814 1063 859 est
1095 798 1264 859 aliena
1292 799 1535 882 parenti,

270 895 439 975 Quod
467 895 724 979 precibus
750 895 915 978 periit
937 896 1229 956 ambitiosa
1263 896 1376 957 suis
1400 922 1414 956 :

187 991 302 1051 Nec
332 990 460 1063 tibi,
494 991 641 1074 quod
669 992 820 1052 saevis
852 1015 953 1069 ego
985 1016 1104 1053 sum
1135 992 1291 1052 Jovis
1319 991 1543 1071 ignibus
1572 991 1743 1060 ictuS‚

269 1086 586 1170 Purpureus
616 1086 770 1147 molli
798 1087 892 1148 fiat
920 1088 976 1147 in
1009 1113 1101 1149 ore
1131 1089 1337 1148 rubor:
1908 1112 1962 1158 70

187 1180 298 1242 Sed
327 1183 499 1260 magis
529 1183 585 1242 in
611 1183 788 1244 nostri
819 1207 1001 1244 curam
1029 1208 1298 1262 consurge
1331 1181 1555 1252 tuendi,

223 1266 229 1273 ⁸
266 1277 704 1362 Exemplumque
731 1279 866 1338 mihi
897 1280 1144 1360 conjugis
1171 1294 1290 1339 esto
1320 1279 1517 1348 bonae;

188 1373 587 1458 Materiamque
613 1373 722 1434 tuis
753 1374 963 1436 tristem
991 1375 1291 1436 virtutibus
1323 1373 1518 1457 imple:

270 1470 458 1532 Ardua
485 1457 583 1555 per
610 1495 852 1555 praeceps
882 1471 1055 1551 gloria
1083 1472 1243 1532 vadat
1275 1472 1394 1531 iter.

188 1569 430 1630 Hectora
461 1569 586 1651 quis
615 1582 828 1641 nosset,
860 1570 907 1630 si
935 1568 1061 1630 felix
1087 1571 1252 1651 Troja
1280 1569 1519 1629 fuisset?
1910 1583 1964 1645 75

269 1663 498 1725 Publica
524 1664 712 1724 virtuti
745 1687 843 1747 per
867 1664 1007 1725 mala
1034 1665 1175 1727 facta
1203 1666 1288 1727 via
1312 1681 1411 1727 est.

188 1759 297 1820 Ars
327 1773 451 1831 tua,
484 1759 668 1842 Tiphy
688 1806 701 1832 ‚
728 1759 896 1840 jacet,
928 1761 973 1820 si
1003 1785 1119 1821 non
1150 1763 1229 1828 sit}
1252 1763 1309 1821 in
1340 1785 1557 1845 aequore
1588 1761 1818 1822 fluctus:

269 1853 331 1914 Si
357 1853 571 1916 valeant
596 1854 871 1928 homines,
902 1879 991 1916 ars
1021 1871 1141 1929 tua,
1175 1857 1415 1929 Phoebe,
1442 1858 1599 1938 jacet.

186 1999 287 2044 nius
304 1999 392 2043 duo
407 2007 575 2044 veteres
587 2031 599 2054 ,
614 2001 710 2043 Nou
724 2001 948 2043 dolor-hinc
962 2002 1033 2043 de-

187 2070 277 2111 bet:
287 2065 434 2110 malim
449 2066 581 2110 etiam
592 2069 717 2110 rubor
728 2082 859 2123 quam
868 2069 1023 2122 pudor,

187 2131 288 2188 quia
302 2136 460 2188 pudeat
478 2130 703 2189 praecessit.
726 2130 892 2175 Hnms.

242 2197 310 2245 63.
326 2199 460 2253 Quum
470 2198 624 2241 cecidit
639 2198 871 2251 Capaneus.
894 2194 1033 2253 Capa-

188 2279 300 2320 neus
328 2261 410 2307 fuit
440 2279 556 2307 unus
587 2279 638 2306 ex
669 2271 835 2320 septem
860 2263 1033 2320 regibus

191 2329 266 2384 qui
278 2327 449 2372 Thebas
462 2327 750 2382 obsederunt,
766 2329 976 2385 superbus
989 2337 1034 2372 et

189 2392 393 2435 Deorum
413 2400 684 2435 contemtor:
707 2391 781 2448 qui
796 2407 1034 2447 provocans

188 2455 348 2500 scilicet
367 2454 530 2500 Jovem
549 2456 713 2511 ipsum,
738 2470 876 2510 eoque
897 2455 1035 2498 invito

190 2529 420 2576 capturum
451 2518 623 2564 Thebas
652 2535 696 2562 se
726 2517 956 2572 minitans,
989 2519 1035 2561 iu

190 2585 514 2643 obpugnatione
529 2584 732 2628 Thebani
750 2583 865 2626 muri
887 2599 910 2626 a
925 2584 1036 2627 Jove

189 2649 299 2693 ictus
318 2649 484 2693 cecidit.

245 2714 313 2770 64.
325 2717 420 2759 Non
431 2719 550 2771 Iegis.
566 2716 675 2758 Num
696 2713 912 2769 pr.Vatic.
924 2714 1039 2757 Rot-

190 2778 497 2836 tendorphian.
531 2787 575 2821 et
597 2777 685 2820 duo
705 2777 802 2829 alii3
828 2777 953 2820 bene.
978 2777 1036 2819 H.

193 2866 247 2875 —
266 2845 480 2887 Euadnen.
499 2842 694 2899 Capanei
711 2857 908 2884 uxorem.
930 2843 1038 2884 Eru—

193 2910 332 2950 buisse
343 2912 444 2950 vim.
462 2908 551 2951 Pro
562 2940 573 2961 ,
588 2915 766 2963 propter
780 2905 924 2948 virum
937 2937 947 2957 ‚
964 2913 1039 2947 aut

194 2971 275 3014 viri
303 2988 462 3016 casum.
497 2971 634 3028 Quasi
666 2971 799 3025 dicat,
828 2970 1038 3019 maritum

195 3035 328 3078 etiam
354 3036 399 3078 in
426 3034 611 3079 adversis
641 3034 800 3078 amavit
826 3034 1006 3077 Evadne
1025 3067 1036 3088 ,

197 3098 314 3155 quod
327 3099 372 3141 in
387 3099 482 3163 ejus
494 3116 650 3157 rogum
669 3099 895 3143 ardentem
912 3116 956 3142 se
970 3100 1038 3142 ni-

196 3163 287 3206 mio
305 3179 451 3206 amore
472 3164 762 3220 praecipitavit.

252 3228 318 3271 66.
333 3230 429 3282 Ipse
446 3233 535 3271 suis
555 3231 772 3272 Phaethon
787 3234 1039 3288 inficiandus

194 3299 296 3335 erat.
317 3293 418 3335 Tuis
430 3308 524 3335 eras
535 3293 750 3335 Junianus
764 3310 774 3344 ;
790 3297 924 3352 magis
939 3313 1040 3353 poe-

196 3358 292 3402 tice.
316 3359 483 3403 Hmns.

255 3426 317 3480 74.
336 3427 485 3468 Ardua
493 3417 576 3479 pet·>
580 3441 763 3481 pra-ceps
772 3430 908 3483 gloria
919 3431 1041 3472 vadit

1114 2009 1203 2047 iter.
1225 2002 1380 2047 Scribo
1401 2005 1552 2051 vadat.
1575 2018 1677 2046 cum
1698 2001 1896 2045 Juniano
1917 2011 1965 2046 et

1115 2068 1220 2119 alio;
1244 2068 1325 2111 nisi
1345 2070 1491 2111 tendat
1514 2068 1677 2120 mavis;
1707 2083 1811 2111 nam
1832 2071 1971 2111 tendit

1116 2141 1182 2177 est
1204 2133 1249 2176 in
1272 2133 1422 2176 tribus.
1442 2133 1609 2176 Hnms.

1174 2198 1237 2254 76.
1260 2199 1442 2241 Publica
1462 2201 1627 2240 w’dute's
1633 2213 1712 2252 per
1721 2200 1836 2239 mala
1837 2196 1968 2251 sacta

1114 2269 1187 2309 via
1199 2271 1277 2308 est.
1297 2262 1620 2308 Ve'rtatirectius
1632 2263 1745 2320 legas
1758 2279 1860 2306 cum
1874 2278 1965 2305 uno

1116 2328 1348 2371 Vaticano.
1367 2327 1438 2370 lib.
1453 2329 1473 2370 1
1489 2359 1501 2380 ‚
1523 2327 1645 2382 Eleg.
1666 2340 1722 2369 111
1736 2359 1748 2380 ,
1774 2327 1851 2370 83:
1867 2345 1888 2363 α
1905 2326 1967 2369 Et

1115 2391 1223 2434 mihi
1246 2390 1359 2434 facta
1379 2392 1445 2433 via
1466 2400 1543 2434 est.
1562 2410 1582 2428 »
1598 2392 1763 2435 Hssms.

1172 2472 1235 2511 77.
1257 2455 1346 2498 Ars
1367 2463 1465 2506 tua,
1502 2457 1656 2514 Tiphy,
1681 2456 1818 2510 jacet.
1840 2457 1970 2498 Latet

1121 2519 1370 2562 Patavinus.
1381 2519 1532 2562 Scribe
1546 2528 1671 2562 vacet
1679 2534 1694 2572 ‚·
1710 2527 1754 2562 et
1766 2518 1967 2575 sequenti

1120 2599 1269 2637 versu,
1291 2600 1364 2627 ars
1380 2591 1474 2634 lua,
1505 2587 1678 2635 Phebe,
1720 2592 1841 2633 vacet
1862 2599 1967 2626 cum

1120 2648 1441 2706 Gottorphiano
1458 2666 1470 2701 ;
1504 2649 1680 2706 plurimi
1713 2648 1782 2691 alii
1813 2655 1970 2700 vacat‚·

1119 2714 1249 2770 vulgo
1257 2714 1384 2768 jacet
1393 2728 1408 2765 ;
1438 2721 1580 2764 vacet,
1609 2714 1726 2756 iners
1757 2729 1806 2756 ac
1829 2713 1967 2756 otiosa

1118 2779 1194 2833 sit,
1214 2779 1384 2822 nullum
1404 2796 1533 2823 usum
1553 2780 1709 2822 habeat
1725 2813 1736 2834 ,
1759 2779 1866 2822 nihil
1887 2779 1968 2821 ha-

1118 2842 1219 2886 beat
1240 2843 1355 2899 quod
1371 2853 1492 2900 agat,
1513 2853 1588 2887 aut
1604 2844 1649 2897 ip
1669 2859 1757 2900 quo
1780 2859 1967 2898 occupe—

1120 2916 1216 2950 tur:
1232 2908 1291 2951 sic
1312 2908 1423 2951 Met.
1440 2909 1570 2963 VIII,
1590 2926 1630 2950 v.
1650 2911 1719 2958 13,
1737 2924 1890 2952 vacare
1902 2911 1973 2949 vi-

1118 2978 1251 3017 ctoria
1266 2973 1439 3028 dieitur,
1449 2990 1545 3030 quae
1559 2990 1648 3016 non
1669 2982 1733 3017 est
1743 2980 1966 3028 occupata,

1121 3048 1165 3081 et
1196 3039 1243 3081 in
1266 3037 1399 3081 dubio
1430 3039 1626 3083 haeretz«
1643 3041 1765 3082 lnter
1791 3047 1972 3080 utrum-

1119 3117 1202 3158 que
1225 3111 1344 3145 vacat
1366 3102 1507 3146 dubiis
1529 3103 1722 3145 Victoria
1736 3102 1916 3158 pennis3
1944 3118 1969 3137 »

1119 3169 1178 3211 ita
1200 3168 1320 3211 enim
1347 3185 1398 3211 ex
1422 3168 1610 3226 vestigiis
1627 3177 1828 3210 veterum
1848 3167 1972 3211 codi-

1120 3250 1221 3277 cum
1252 3233 1535 3276 scribendum
1565 3233 1738 3277 videtur
1759 3250 1770 3277 ε
1791 3235 1852 3277 sic
1874 3250 1976 3288 ager

1119 3316 1271 3342 vacare
1288 3298 1483 3358 dicitur,
1507 3299 1583 3355 qui
1609 3316 1700 3342 non
1736 3300 1972 3343 excolitur:

1118 3365 1176 3406 sic
1195 3380 1370 3406 vacuum
1391 3367 1559 3419 novale,
1587 3365 1717 3408 Pont.
1739 3364 1809 3406 lib.
1834 3365 1876 3416 1,
1903 3363 1970 3406 El.

1119 3443 1193 3472 xv:
1226 3444 1359 3485 quare
1390 3438 1551 3485 praeter
1582 3446 1679 3473 rem
1706 3430 1812 3474 illud
1837 3429 1969 3472 Trist.
