2268 3848
291 266 357 319 16
741 271 809 326 P.
872 270 1164 332 OVIDII
1211 275 1585 339 NASONIS

278 382 503 442 Mittere
531 406 616 444 me
651 385 866 469 Stygias
895 390 942 449 si
962 389 1072 471 jam
1101 391 1365 456 voluisset
1391 397 1459 458 ad
1489 398 1665 462 undas
1997 423 2053 468 65

359 483 570 556 Caesar,
606 482 663 542 in
690 485 796 544 hoc
825 501 1002 546 vestra
1031 511 1150 548 non
1181 492 1418 569 eguisset
1446 518 1567 577 ope.

275 576 379 636 Est
408 574 489 635 illi
521 578 702 637 nostri
729 603 843 638 non
867 580 1138 644 invidiosa
1168 608 1331 647 crum
1333 612 1378 648 1s

357 671 568 755 Copia:
599 674 861 757 quodque
886 676 1034 738 dedit
1053 705 1269 763 ,quum
1294 682 1477 757 volet,
1503 685 1624 768 ipse
1651 687 1804 748 feret.

274 771 390 831 Vos
421 771 616 841 mod0‚
652 796 793 853 quos
823 788 965 833 certe
992 726 1149 833 millo
1178 794 1318 858 puto
1349 780 1572 840 crimine
1590 780 1788 856 laeSOS‚

358 866 623 925 Contenti
652 865 888 968 nostris,
922 868 1028 940 Di,
1062 892 1282 951 precor,
1314 886 1424 931 este
1446 872 1622 934 malis.
2002 910 2056 955 7⁰

271 962 386 1022 Nec
418 976 630 1033 tamen,
661 977 725 1021 ut
756 963 939 1023 cuncti
965 963 1226 1024 miserum
1258 989 1469 1028 servare
1499 968 1680 1034 velitis
1701 1017 1717 1044 ,

347 1055 518 1134 Quod
546 1056 742 1138 periit⁷
770 1057 1021 1117 salvum
1003 1083 1114 1140 Jam
1146 1076 1314 1143 caput
1343 1086 1459 1123 esse
1489 1078 1690 1146 potest.

268 1153 350 1211 Ut
379 1176 525 1212 mare
555 1153 837 1226 considat,
872 1155 1159 1239 ventisque
1187 1157 1491 1219 ferentibus
1516 1174 1668 1235 utar,

350 1253 432 1310 Ut
457 1251 594 1310 mihi
622 1245 892 1333 parcatis}
921 1275 1054 1312 num
1085 1253 1269 1315 minus
1297 1255 1450 1316 exsul
1479 1258 1609 1317 ero?

266 1350 395 1409 Non
425 1373 557 1429 ego,
587 1349 800 1410 divitias
830 1349 1022 1410 avidus
1051 1350 1168 1413 sine
1195 1352 1300 1413 fine
1330 1354 1596 1436 parandi,
1991 1374 2047 1432 75

346 1448 545 1507 Latum
575 1445 854 1506 mutandis
883 1446 1158 1508 mercibus
1187 1473 1382 1532 aequor
1411 1475 1508 1510 aro
1534 1475 1549 1511 ε

264 1541 378 1603 Nec
406 1557 568 1626 peto,
602 1567 736 1625 quas
767 1542 1043 1625 quondam
1073 1545 1209 1627 petii
1239 1547 1550 1622 studiosuS‚
1582 1549 1863 1623 Athenas3

349 1639 577 1724 Oppida
603 1664 715 1699 non
748 1640 924 1713 Asiae,
956 1665 1070 1701 non
1099 1640 1220 1703 loca
1250 1644 1364 1704 visa
1391 1646 1580 1729 prius:

263 1739 396 1799 Non
426 1751 520 1809 ut,
548 1735 845 1796 Alexandri
875 1735 1073 1796 claram
1106 1737 1316 1800 delatus
1348 1741 1405 1800 in
1434 1739 1655 1813 urbem,

344 1831 583 1894 Delicias
612 1832 854 1907 videam,
883 1833 1009 1894 Nile
1036 1834 1250 1914 jocose,
1284 1851 1422 1897 tuas,
1989 1858 2045 1900 80

260 1973 335 2016 illo
360 1973 508 2030 jubeat
525 1973 646 2016 furta
666 1980 840 2029 reperta
857 1972 952 2016 loco
971 1989 982 2026 ;
1006 1989 1029 2010 »
1044 1980 1112 2016 at-

262 2055 346 2098 que
366 2039 427 2082 ita
447 2038 616 2094 passim.
637 2039 805 2082 HEINS.

313 2104 380 2160 67.
404 2105 570 2147 Cruoris
582 2107 717 2159 copia.
730 2103 889 2146 Mortis
904 2117 1014 2147 meae
1029 2119 1111 2160 po-

256 2178 387 2214 testas
399 2202 411 2224 ,
428 2185 526 2226 quae
540 2185 673 2226 penes
688 2168 907 2213 Caesarem
923 2178 1012 2225 est,
1027 2178 1107 2213 etc.

260 2235 459 2279 Cmrm.

309 2300 378 2344 68.
414 2300 613 2354 Quodque
641 2300 768 2341 dedit.
793 2298 946 2342 Vitam
974 2313 1107 2354 quarn

256 2366 365 2409 mihi
376 2366 587 2410 concessit
601 2366 836 2422 Augustus.
859 2368 989 2409 Feret.
1002 2364 1108 2408 Adi-

255 2440 348 2475 met
362 2464 374 2487 ,
400 2431 568 2488 eripiet.

308 2498 376 2555 69.
395 2499 506 2540 Puto
524 2499 696 2538 crr'rru‘ne
710 2499 813 2539 laesi.
831 2496 978 2538 Lasos
996 2510 1107 2538 con-

253 2562 426 2606 cinnius
442 2569 610 2618 septem
625 2568 817 2612 veteres3
840 2569 883 2603 et
904 2559 1105 2615 sequenti

239 2645 379 2672 ‘versu
391 2661 402 2683 ,
417 2643 497 2684 pro
500 2629 599 2683 jam
608 2643 757 2681 precor
775 2625 1045 2669 Combianus
1060 2634 1105 2669 et

252 2693 455 2738 Medonii
472 2691 622 2746 codex,
637 2707 713 2733 vos
725 2707 882 2746 precor.
904 2690 1045 2733 Servii
1059 2690 1104 2733 li-

249 2759 329 2802 ber
349 2759 434 2808 Di,
449 2773 608 2812 precor,
630 2755 764 2797 etiam
783 2755 911 2797 bene.
934 2755 1102 2797 HEINS.

308 2822 372 2879 73.
391 2823 450 2864 Ut
458 2837 572 2863 mare
579 2823 783 2863 subsidat.
800 2820 1006 2862 Considat
1014 2834 1103 2862 me-

248 2890 379 2934 liores
395 2903 549 2931 omnes
560 2921 570 2939 ‚
594 2895 638 2930 et
650 2902 751 2929 mox
766 2903 861 2928 num
875 2890 1011 2930 minus
1023 2902 1102 2941 pro

249 2970 333 2997 non
361 2967 527 3009 repone
543 2983 555 3006 ,
590 2951 646 2994 de
670 2966 757 3006 quo
780 2950 833 2992 ad
859 2950 1101 3006 Epistolam

252 3022 290 3065 C
297 3036 460 3064 anaces.
474 3018 699 3061 HEINS.—
708 3019 753 3061 V
746 3021 853 3059 entis
852 3015 1100 3070 serentibus.

247 3086 407 3129 Ventis
433 3081 632 3127 secundis
662 3090 707 3125 et
734 3081 1004 3138 portantibus
1027 3097 1099 3123 me

248 3152 297 3195 in
318 3150 547 3194 Ponticam
568 3148 809 3204 regionem.

307 3217 371 3272 74.
392 3215 452 3255 Et
466 3215 595 3265 mihi‚·
620 3213 691 3256 lib.
708 3229 822 3255 unus
837 3211 1036 3255 Vatican.
1055 3219 1100 3254 et

250 3281 438 3326 Aldinus
448 3312 461 3335 ,
478 3288 524 3322 ut
534 3282 660 3333 mihi5
674 3279 792 3335 quod
807 3280 991 3322 omnino
1004 3294 1100 3336 pro-

247 3348 402 3392 bamus
419 3363 430 3398 ;
451 3345 518 3387 his
540 3344 661 3386 enim
683 3353 727 3387 et
739 3344 950 3389 similibus
970 3361 1098 3401 repe-

247 3412 474 3462 titionibus
494 3410 724 3467 saepissime
745 3409 811 3455 uti
826 3418 955 3467 poeta
975 3410 1097 3455 solet.

1253 1974 1316 2029 76.
1340 1973 1444 2018 Aro.
1464 1974 1645 2032 Navigo.
1661 1974 1785 2032 Virg.
1802 1976 1865 2019 Et
1879 1984 2045 2019 vastum

1191 2045 1321 2083 maris
1338 2057 1476 2096 oequor
1492 2044 1708 2084 arandum.

1251 2107 1314 2162 78.
1340 2107 1507 2161 Oppida
1531 2122 1615 2148 non
1644 2106 1765 2149 Asia»
1778 2140 1788 2157 ,
1828 2123 1910 2149 non
1943 2108 2052 2149 mihi

1189 2174 1285 2213 visa
1302 2175 1436 2226 prius.
1464 2172 1561 2214 Note
1580 2174 1676 2214 loca
1694 2176 1790 2215 vim
1803 2177 1924 2227 prim
1943 2187 2047 2215 cum

1188 2236 1542 2292 castigatioribus.
1562 2236 1712 2280 Asiam
1733 2237 1853 2280 enim
1875 2235 2046 2280 viderat

1187 2316 1290 2344 cum
1305 2299 1501 2343 Maximo
1518 2317 1529 2353 ;
1546 2301 1680 2345 Pont.
1695 2300 1765 2344 lib.
1782 2302 1844 2355 ΙΙ,
1858 2301 1980 2358 Eleg.
1995 2316 2040 2356 x,

1187 2383 1246 2409 vs.
1267 2382 1315 2407 21
1335 2381 1346 2409 ε
1370 2383 1391 2403 «
1409 2365 1475 2408 Te
1490 2364 1598 2409 duce
1612 2399 1625 2421 ,
1651 2365 1903 2422 magnificas
1927 2365 2043 2409 Asiae

1188 2431 1484 2488 perspeximus
1515 2432 1657 2475 urbes.
1681 2450 1702 2469 »
1723 2428 1902 2486 Nofavit
1930 2431 2042 2476 hanc

1186 2513 1362 2553 quoque
1387 2496 1620 2539 lectionem
1639 2512 1691 2539 ex
1711 2512 1791 2539 suo
1818 2494 1964 2540 codice
1993 2496 2040 2539 in

1188 2561 1577 2605 observationibus
1605 2561 1877 2605 doctissimus
1911 2561 2039 2604 Gro-

1185 2627 1354 2670 novius.
1375 2627 1542 2670 HEINS.
1553 2651 1606 2658 —
1623 2628 1787 2682 Oppida
1806 2644 1888 2670 non
1904 2627 2036 2669 Asr'oe.

1184 2692 1355 2735 lVIeruit
1387 2690 1506 2735 enim
1533 2691 1612 2734 sub
1635 2691 1700 2734 M.
1724 2693 1957 2747 Varrone,
1994 2700 2038 2734 et

1184 2774 1286 2802 cum
1305 2774 1357 2801 eo
1377 2757 1423 2800 in
1446 2757 1596 2801 Asiam
1617 2757 1839 2814 profectus
1859 2768 1935 2802 est.

1243 2839 1305 2881 79.
1341 2824 1392 2864 In
1411 2826 1549 2865 urbem
1566 2825 1815 2866 Alexandri.
1838 2824 2037 2867 Alexan—

1184 2886 1324 2929 driam
1353 2886 1586 2944 intelligit,
1616 2903 1747 2943 quam
1778 2887 1824 2931 in
1844 2888 2036 2946 .AEgypto

1183 2950 1403 2994 conditam
1419 2950 1472 2993 de
1489 2966 1568 2994 suo
1588 2951 1770 2993 nomine
1793 2950 2034 3007 appellavit.

1183 3015 1486 3058 MER.—Eam
1501 3016 1616 3058 luxui
1632 3048 1644 3069 ,
1662 3015 1772 3058 ludis
1784 3024 1827 3058 et
1841 3015 1946 3071 jocis
1959 3048 1970 3069 ,
1988 3032 2035 3058 ac

1183 3080 1282 3123 vitae
1323 3079 1443 3122 molli
1479 3088 1523 3123 et
1555 3078 1806 3136 voluptariae
1841 3079 2035 3122 deditam

1179 3145 1311 3189 fuisse
1330 3179 1341 3200 ,
1372 3145 1536 3190 indicat
1557 3145 1746 3201 Quintil.
1778 3144 1849 3188 lib.
1876 3146 1897 3189 l
1915 3177 1927 3199 ,
1958 3145 2033 3188 ubi

1182 3211 1366 3253 nimiam
1391 3219 1627 3267 parentum
1648 3226 1752 3267 erga
1778 3211 1935 3254 liberos
1960 3210 2037 3252 in-

1182 3275 1454 3334 dulgentiam
1475 3285 1657 3320 accusat.
1676 3277 1732 3320 N.

1236 3344 1303 3386 80.
1323 3345 1438 3386 Tuas
1451 3346 1638 3387 delicias.
1655 3344 1775 3386 Tuos
1789 3343 1917 3400 jocos.
1931 3343 2030 3386 Nile

1169 3408 1332 3462 jocose.
1348 3407 1502 3455 Nilum
1515 3406 1614 3453 ideo
1614 3407 1815 3463 jocosum
1827 3406 2028 3463 appellat,
