2268 3848
502 324 947 404 TnlsTmM
988 349 1144 402 LIB.
1188 350 1236 402 1.
1280 347 1517 403 ELEG.
1563 349 1675 402 xl.
1889 349 1955 398 55

185 464 352 548 'Saepe
381 466 544 528 maris
572 478 699 549 pars
725 465 873 526 intus
901 478 1045 536 erat;
1079 478 1255 525 tamen
1285 465 1403 548 ipse
1429 463 1681 524 trementi

281 562 532 622 Carmina
561 561 821 623 ducebam
852 559 1265 645 qualiacumque
1291 584 1472 622 manu.

198 660 357 720 Nunc
388 682 605 742 quoque
636 659 876 719 contenti
907 657 1147 720 stridunt
1178 657 1462 742 Aquilone
1490 656 1776 729 rudentes,

277 758 450 840 Inque
476 756 699 817 modum
731 754 927 816 tumuli
958 778 1189 816 concava
1219 756 1397 834 surgit
1425 779 1563 838 aqua
1590 780 1602 815 :
1907 785 1958 812 ω»

197 856 322 938 Ipse
351 854 688 933 gubernator
706 899 720 926 ‚
756 852 955 914 tollens
982 852 1050 913 ad
1078 852 1252 913 sidera
1277 851 1482 936 palmas
1500 898 1516 925 ‚

276 952 538 1035 Exposcit
563 950 733 1022 votis,
768 950 1052 1011 immemor
1079 949 1238 1020 artis,
1273 973 1450 1033 opem.

196 1047 560 1129 Quocumque
588 1045 860 1131 adspicio,
890 1043 1027 1106 nihil
1054 1059 1161 1117 est,
1192 1044 1298 1106 nisi
1327 1044 1519 1104 mortis
1549 1042 1729 1122 imago
1753 1088 1770 1115 ‚

274 1143 457 1222 Quam
483 1142 651 1204 dubia
678 1143 841 1204 timeo
867 1157 1043 1203 mente
1060 1188 1075 1213 ‚
1110 1141 1413 1224 timensque
1442 1163 1637 1224 precor
1660 1163 1675 1199 ε

194 1236 458 1315 Adtigero
486 1252 707 1320 portum
726 1284 743 1309 ,
770 1252 937 1321 portu
969 1238 1215 1298 terrebor
1242 1237 1310 1298 ab
1342 1237 1500 1319 ipso;
1900 1255 1953 1293 25

274 1331 406 1395 Plus
434 1332 597 1394 habet
626 1333 821 1395 infesta
851 1347 989 1395 terra
1018 1332 1234 1395 timoris
1259 1355 1417 1417 aqua.

189 1427 328 1487 Nam
351 1426 513 1488 simul
543 1426 757 1488 insidiis
781 1428 1066 1488 hominum
1091 1426 1377 1511 pelagique
1405 1426 1630 1499 laboro,

269 1527 344 1585 Et
369 1525 574 1587 faciunt
601 1526 847 1605 geminos
877 1526 1022 1587 ensis
1051 1540 1103 1586 et
1131 1525 1274 1586 unda
1301 1539 1495 1588 metus.

191 1621 288 1684 Ille
317 1647 437 1685 meo
469 1647 658 1685 vereor
681 1646 750 1684 ne
781 1639 962 1708 speret
989 1624 1249 1702 sanguine
1277 1623 1545 1707 praedam3

275 1719 406 1778 Haec
436 1717 655 1779 titulum
685 1733 884 1779 nostrae
907 1719 1100 1780 mortis
1124 1718 1320 1779 habere
1350 1716 1496 1778 velit.
1902 1737 1956 1777 30

192 1814 432 1876 Barbara
454 1839 581 1898 pars
608 1814 735 1876 laeva
765 1830 874 1888 est,
904 1814 1071 1875 avidae
1100 1816 1376 1876 succincta
1404 1814 1638 1898 rapinae‚

190 1977 296 2013 state
309 2001 321 2024 ,
335 1970 472 2014 Theb.
491 1971 555 2015 lx
569 2003 581 2025 ,
599 1987 657 2013 vs.
673 1971 752 2025 460
766 1986 813 2027 sq
829 1986 838 2013 :
854 1987 873 2007 ι(
894 1984 1030 2026 quum

190 2034 383 2079 Pleiadas
395 2035 554 2090 haurit,
570 2036 660 2079 Aut
671 2036 842 2092 nigrum
855 2034 1031 2091 trepidis

188 2099 388 2158 impingit
408 2099 578 2146 Oriona
599 2102 751 2145 nautis.
773 2118 793 2138 »
816 2101 903 2143 Pro
927 2104 1031 2143 seris

186 2169 307 2220 aquit
319 2165 512 2223 plerique
526 2174 690 2210 veteres
702 2199 714 2220 ‚
728 2166 928 2209 meliores
942 2180 1029 2209 cer·

188 2236 230 2272 te
241 2259 253 2283 ,
271 2234 409 2274 ,ει-νίς,
419 2230 555 2275 scribi
571 2230 802 2288 aliquando
815 2230 1004 2288 placebat
1017 2245 1026 2273 :

190 2310 212 2330 κ
233 2293 326 2339 Aut
344 2295 520 2355 Hyadas
539 2295 690 2353 pluviis
712 2295 909 2339 hauserat
938 2295 1030 2337 Au·

188 2365 276 2402 ster
289 2359 434 2415 aquia
461 2378 482 2398 »ι
505 2359 592 2404 sive
616 2368 804 2403 auxerat.
826 2359 898 2403 Sic
919 2359 1026 2403 Arte

190 2422 413 2468 Amat-lib.
424 2425 1028 2482 111,174:«Nectepidusp1u-

191 2484 281 2529 vias
287 2489 472 2532 concitat
481 2489 640 2532 Auster
651 2505 795 2545 aqnas3
808 2506 828 2526 n
840 2487 1034 2542 hincpla.

190 2556 270 2595 μία
285 2554 458 2610 Hyades
479 2553 657 2597 Senecae
670 2553 854 2596 Medea:
876 2572 898 2591 «
915 2568 1032 2596 non-

191 2616 296 2659 dum
316 2617 479 2674 pluvias
502 2618 679 2676 Hyadas
706 2625 872 2676 poterat
891 2618 1027 2662 vitare

189 2681 302 2724 ratis.
324 2699 346 2719 ι»
357 2683 423 2725 lta
437 2683 624 2740 optimus
633 2683 795 2726 Medic.
810 2682 1029 2738 quomodo

189 2745 267 2788 viri
286 2746 400 2790 docti
417 2749 695 2804 conjecerant
710 2764 835 2791 :nam
850 2747 1040 2806 Hyades*

188 2812 260 2855 ἄπο·
271 2821 336 2858 τοῦ
350 2813 556 2858 ὕεινάἱεῐε
567 2814 682 2858 :vide
696 2815 903 2858 Nostrum
916 2814 1027 2858 Fast.

187 2875 258 2920 lib.
273 2877 331 2930 V,
345 2893 404 2922 vs,
423 2877 500 2922 166
517 2895 528 2930 ;
545 2878 618 2921 sed
636 2887 680 2922 et
693 2891 809 2921 ,τινα
819 2894 936 2934 aqua
949 2894 1028 2934 pro

186 2943 428 3000 procellosis
442 2960 452 2988 ι
464 2943 565 2988 hinc
573 2946 886 3001 m‘mbosaHyas
900 2943 936 2987 C
944 2945 1028 2986 lau·

188 3007 317 3052 diano
331 3041 344 3064 ,
364 3011 487 3067 Hyas
507 3014 698 3052 inserena
724 3009 835 3053 dicta
862 3010 1025 3054 Statio:

186 3073 246 3117 sic
266 3075 524 3131 praecedenti
551 3074 685 3133 elegia
710 3074 762 3118 de
783 3091 891 3118 nave
908 3109 919 3129 ,
951 3092 1028 3118 nec

186 3144 306 3183 sevis
319 3145 433 3184 veh-ta
437 3140 613 3195 fatescit
628 3147 749 3199 aquis
763 3155 778 3194 ‚·
794 3142 852 3186 sic
871 3151 915 3185 et
929 3145 1032 3185 saevi

186 3208 311 3256 venti,
326 3208 518 3255 turbines,
531 3210 728 3260 procella·
740 3222 853 3249 ,τινα
871 3222 918 3250 ac
929 3215 1027 3249 tem-

178 3274 367 3323 pestates
388 3269 501 3326 apud
526 3279 670 3326 poetas
694 3271 861 3328 passim.
889 3273 1026 3315 Puta—

185 3335 286 3377 bam
298 3333 525 3390 aliquando
534 3338 882 3391 paveratAustcr.
897 3337 1026 3380 Ruti-

185 3400 266 3443 lius
290 3400 369 3443 sub
391 3400 524 3444 finem
539 3434 550 3456 ,
575 3401 644 3446 lib,
668 3403 716 3457 1,
738 3402 791 3446 de
817 3402 996 3446 Oceano
1011 3436 1022 3456 ,

187 3464 258 3509 ubi
278 3473 322 3508 et
344 3465 552 3523 Hyadum
573 3467 761 3511 mentio:
783 3485 804 3504 «
822 3467 921 3510 Sive
943 3467 1024 3511 alio

1110 1968 1275 2013 refluus
1295 1977 1447 2013 nostro
1464 1968 1682 2013 colliditur
1711 1968 1815 2011 orbe
1833 2001 1843 2021 ,
1877 1968 1955 2012 Si·

1110 2050 1160 2077 ve
1183 2049 1358 2078 corusca
1374 2035 1460 2078 suis
1477 2033 1616 2077 sidera
1632 2033 1762 2090 pascit
1783 2034 1917 2090 aquis.
1938 2054 1955 2069 u

1110 2100 1491 2145 Hans—Tauri
1523 2109 1649 2157 caput
1673 2116 1952 2155 conspersum

1110 2176 1174 2211 est
1199 2167 1331 2211 stellis
1354 2167 1659 2224 frequentibus
1676 2198 1688 2219 ,
1717 2182 1821 2222 quas
1843 2166 1953 2209 stel-

1109 2232 1169 2276 las
1189 2231 1334 2276 Groeci
1356 2230 1534 2290 Hyadas
1552 2232 1739 2275 vocitare
1763 2247 1953 2274 consue-

1108 2306 1267 2340 verunt
1291 2313 1322 2340 a
1339 2298 1524 2352 pluendo
1553 2312 1566 2338 :
1599 2295 1696 2338 vide
1730 2295 1921 2339 Gellium
1943 2330 1955 2344 ,

1107 2361 1179 2404 lib.
1200 2362 1314 2405 XIII
1325 2392 1337 2413 ‚
1359 2376 1449 2416 cap.
1471 2377 1511 2419 9.
1529 2360 1657 2403 MBR.
1674 2382 1729 2392 —
1744 2363 1955 2404 Hauserat

1108 2433 1229 2484 aquis
1242 2443 1256 2480 ,·
1269 2443 1349 2484 pro
1366 2427 1641 2482 exhauserat,
1657 2437 1702 2472 et
1716 2430 1834 2485 quasi
1854 2445 1955 2473 eva—

1113 2502 1314 2536 cuaverat
1323 2491 1458 2549 aquis,
1474 2495 1726 2554 ὖπερὸυλικῶς.
1738 2494 1825 2536 Aut
1837 2504 1951 2538 certe

1115 2555 1195 2601 καθ’
1216 2560 1429 2612 ὑπαλλαγὴν
1444 2589 1456 2611 ,
1480 2565 1530 2600 ut
1553 2557 1606 2601 sit
1626 2557 1791 2602 dictum
1806 2591 1818 2611 ,
1844 2575 1923 2616 pro
1939 2592 1950 2610 ,

1111 2622 1288 2681 Hyades
1302 2623 1555 2676 hauserant,
1570 2623 1651 2667 hoc
1663 2634 1727 2668 est
1737 2658 1748 2677 ,
1765 2624 1951 2668 adtraxe-

1109 2697 1230 2742 rant,
1251 2698 1294 2732 et
1307 2690 1573 2734 concitarant
1586 2691 1796 2733 Austrum
1811 2699 1854 2733 et
1867 2691 1951 2747 plu-

1108 2752 1206 2796 vias.
1227 2753 1519 2799 M·1c.—Sen·s
1529 2763 1715 2797 auxerat.
1739 2756 1804 2799 Ita
1817 2757 1952 2798 nostri

1108 2816 1231 2861 codd.
1258 2817 1394 2875 Regg.
1424 2819 1464 2862 A
1496 2827 1540 2862 et
1563 2819 1626 2870 B;
1656 2818 1771 2875 quod
1802 2836 1926 2862 servo
1943 2837 1953 2862 z

1107 2887 1212 2925 seris
1227 2916 1236 2931 ‚
1261 2884 1458 2940 gravibus
1473 2916 1485 2937 ,
1502 2883 1627 2927 diris:
1641 2894 1840 2938 auxerat,
1855 2887 1952 2942 quia

1109 2947 1272 2990 Auster
1288 2981 1300 3002 ‚
1319 2958 1474 2992 ventus
1487 2949 1655 3005 pluvius
1672 2983 1683 3004 ,
1706 2951 1949 3006 pluviarum

1109 3011 1318 3071 Hyadum
1338 3013 1499 3057 imbres
1521 3024 1661 3071 auget.

1165 3093 1225 3135 1-9.
1252 3079 1447 3120 Contenti
1460 3082 1637 3121 strident
1656 3080 1863 3134 Aquilone
1880 3098 1950 3124 ru-

1106 3144 1259 3184 dentes.
1285 3143 1473 3185 Slridunt
1497 3143 1697 3186 meliores
1728 3146 1947 3205 ἀρχαᾱώῃ

1106 3206 1220 3250 Fast.
1236 3206 1322 3261 vl,
1339 3209 1416 3260 40:
1438 3225 1459 3244 «
1481 3206 1623 3250 Causa
1636 3208 1752 3264 quod
1768 3209 1947 3253 horren—

1106 3274 1160 3316 da
1186 3273 1365 3316 stridere
1394 3289 1496 3315 voce
1525 3274 1665 3317 solent
1690 3293 1699 3322 ;
1739 3293 1758 3312 υ
1780 3279 1958 3319 dis-leals

1106 3339 1236 3381 etiam
1255 3341 1446 3381 rudentes
1460 3339 1580 3381 estin
1601 3339 1779 3382 Barber.
1792 3349 1835 3383 et
1849 3357 1949 3383 mox

1107 3411 1191 3446 tres
1219 3403 1386 3447 codices
1406 3406 1564 3446 cumuli
1579 3419 1658 3459 pro
1679 3409 1836 3447 tumuli.
1860 3407 1918 3447 H.

1152 3469 1176 3509 3
1186 3485 1199 3510 ι
1209 3501 1218 3511 .
1234 3469 1426 3511 Barbara
1429 3485 1533 3524 pars
1545 3472 1647 3511 loeva
1657 3478 1730 3513 est,
1744 3469 1951 3525 Designat
