2280 3776
226 381 334 434 380

701 384 767 435 P.
818 383 1104 439 OVIDII
1153 384 1524 444 NASONIS

223 500 337 558 Nec
366 513 457 558 tua
490 499 535 558 si
565 499 694 559 fletu
727 501 1046 563 scindantur
1071 503 1236 563 verba
1254 552 1268 577 ‚
1293 506 1550 567 nocebit:

304 595 587 654 Interdum
616 594 863 677 lacrymae
893 599 1139 680 pondera
1166 602 1316 661 vocis
1341 602 1565 662 habent.

228 693 346 750 Lux
378 691 537 750 etiam
572 692 765 773 coeptis
792 693 957 754 facito
989 695 1135 755 bona
1164 696 1369 757 talibus
1397 698 1571 771 adsit,

309 790 569 871 Horaque
602 791 956 860 convenien8‚
990 791 1406 876 auspiciumque
1437 794 1637 854 favens.
1927 814 2001 854 16⁰.

228 885 332 944 Sed
362 885 516 967 prius
547 886 812 969 imposito
845 889 1045 948 sanctis
1077 889 1345 951 altaribus
1374 891 1521 969 igni,

303 983 453 1040 Tura
478 981 559 1041 fer
588 983 655 1042 ad
687 1009 910 1062 magnos
938 986 1169 1069 vinaque
1196 1011 1335 1070 pura
1367 988 1536 1047 Deos

222 1079 270 1138 E
304 1080 507 1161 quibus
534 1097 660 1140 ante
691 1106 878 1143 omnes
909 1084 1223 1162 Augustum
1253 1109 1460 1146 numen
1489 1085 1658 1146 adora
1679 1133 1694 1159 ‚

306 1179 739 1263 Progeniemque
769 1181 943 1264 piam,
975 1183 1405 1268 participemque
1431 1185 1557 1244 tori.

227 1272 351 1334 Sint
378 1275 584 1335 utinam
603 1277 774 1350 ‘mites
804 1278 971 1339 solito
1003 1280 1108 1340 tibi
1139 1305 1322 1354 more,
1358 1297 1589 1365 tuasque

1927 1301 2001 1341 165

306 1376 433 1436 Non
464 1376 615 1436 duris
642 1375 904 1460 lacrymas
932 1379 1176 1442 vultibus
1205 1381 1522 1464 adspiciam.

282 1535 298 1560 1
308 1520 369 1575 57.
388 1521 476 1562 Nec
488 1527 562 1562 tua
576 1523 738 1576 siflelu.
756 1521 902 1564 Etiam
914 1522 998 1566 hoc
1011 1523 1071 1566 di-

226 1585 390 1629 stichon
410 1586 476 1628 vix
490 1603 569 1642 pro
583 1588 776 1645 genuino
788 1588 1040 1633 habendum
1056 1623 1067 1643 ‚

226 1667 284 1694 ne
307 1651 367 1694 bis
385 1651 504 1695 idem
525 1652 636 1696 dicat
662 1670 670 1697 ε
700 1655 789 1710 jam
810 1655 930 1698 enim
958 1670 1070 1711 prae-

228 1729 426 1774 cesserat,
441 1724 528 1765 Nec
540 1724 739 1781 lacrymis
748 1726 950 1768 demenda
957 1742 1072 1768 mora

229 1793 299 1827 est.
337 1787 588 1830 Scindunlur
625 1805 703 1845 pro
735 1793 977 1834 scindentur
1000 1806 1072 1834 sex

229 1850 371 1906 scripti
393 1867 402 1893 ε
423 1852 638 1908 posterior
650 1871 796 1898 versus
817 1872 866 1898 ex
881 1856 1071 1912 Epistola

230 1915 458 1969 Briseidis,
478 1934 586 1960 vers.
610 1920 656 1973 4,
679 1920 908 1966 conflatus:
937 1940 958 1959 «
982 1922 1072 1965 Sed

229 1987 378 2021 tamen
395 1988 437 2022 et
451 1980 651 2039 lacrymae
664 1983 858 2039 pondera
873 1985 987 2028 vocis
1001 1985 1072 2028 ha·

228 2044 348 2087 bent.
365 2063 385 2082 »
404 2045 515 2087 H.—
526 2047 676 2090 Potuit
697 2055 843 2091 tamen
855 2048 946 2093 haec
961 2066 1073 2106 quo-

233 2126 317 2165 que
337 2111 547 2167 scripsisse
568 2112 729 2156 Noster
742 2147 754 2168 ,
777 2129 918 2169 neque
937 2115 996 2158 sic
1009 2115 1072 2158 bis

232 2175 349 2219 idem
363 2175 795 2238 dixisse.Lacrymare
809 2180 928 2222 enim
942 2181 1075 2237 possit

231 2241 382 2297 aliquis
394 2275 406 2296 ‚
423 2242 480 2285 ita
495 2251 642 2286 tamen
662 2252 711 2286 ut
726 2244 857 2286 verba
872 2261 928 2287 ne
942 2245 1074 2288 inter-

231 2313 407 2361 rumpat
421 2321 585 2363 :neque
601 2306 896 2350 omittendum
908 2311 1074 2365 ‚fletum

232 2386 324 2413 non
344 2387 517 2428 semper
534 2388 623 2416 esse
637 2389 739 2416 cum
749 2377 966 2432 lacrymis,
986 2390 1076 2418 ne·-

235 2453 319 2492 que
338 2452 442 2480 vero
462 2436 532 2481 hic
552 2446 627 2481 est.
644 2437 811 2482 Vocem
825 2454 986 2495 nempe
1002 2439 1075 2482 ali-

235 2517 366 2557 quam
386 2502 661 2561 lacrymantis
677 2502 721 2545 id
738 2503 920 2546 verbum
938 2503 1076 2560 signi-

235 2566 358 2617 ficat3
380 2566 498 2624 Virg.
514 2567 616 2610 AEn.
633 2568 702 2611 III
715 2600 727 2622 ,
750 2585 810 2612 vs.
824 2568 905 2623 344
921 2584 931 2611 :
952 2586 974 2606 «
990 2570 1076 2612 Ta-

233 2633 287 2676 lia
307 2628 520 2679 fundebat
543 2634 785 2693 lacrymans
802 2667 814 2689 ,
835 2635 1074 2693 longosque

1151 1525 1293 1568 ciebat
1314 1526 1538 1569 Incassum
1554 1524 1695 1569 fletus.
1712 1543 1734 1562 »
1758 1524 1931 1568 Phaedr.
1949 1526 1970 1569 Ῑ
1986 1557 1997 1579 ,

1148 1590 1237 1633 fab.
1258 1604 1305 1633 1x
1327 1606 1337 1633 :
1358 1607 1379 1628 «
1404 1590 1552 1634 Fletus
1583 1590 1717 1634 edens
1749 1607 1898 1646 graves
1925 1590 1999 1633 le·-

1149 1673 1241 1714 pus.
1258 1675 1278 1694 υ
1295 1657 1391 1700 Val.
1405 1657 1543 1700 Flacc.
1558 1657 1626 1710 Π,
1641 1673 1700 1699 vs.
1720 1674 1735 1699 1
1746 1673 1794 1712 72
1811 1673 1821 1700 :
1836 1674 1856 1693 «
1875 1654 2000 1699 Con-

1153 1722 1299 1766 densae
1325 1721 1453 1766 fletus
1485 1731 1660 1767 acuunt.
1682 1740 1704 1759 »
1740 1720 1898 1765 Cicero
1920 1737 1999 1777 pro

1155 1786 1335 1831 Plancio
1351 1804 1361 1831 :
1377 1806 1399 1826 «
1416 1788 1517 1831 Non
1533 1786 1668 1830 modo
1686 1785 1969 1845 lacrymulam
1985 1818 1999 1840 ‚

1153 1852 1229 1896 sed
1252 1852 1410 1896 multas
1429 1852 1639 1912 lacrymas
1659 1860 1704 1895 et
1721 1850 1875 1894 fletum
1898 1866 2000 1894 cum

1153 1917 1345 1974 singultu
1357 1917 1502 1960 videre
1514 1916 1703 1974 potuisti.
1719 1935 1740 1954 »
1756 1916 1916 1959 Noster
1929 1915 2001 1959 de-

1154 1981 1287 2037 nique
1308 1981 1420 2024 Met.
1445 1982 1516 2035 II,
1546 1983 1657 2035 340:
1687 1997 1709 2017 «
1738 1980 1831 2023 Nec
1855 1979 2014 2023 minus

1156 2044 1361 2088 Heliades
1396 2045 1525 2088 fletus
1547 2077 1559 2098 ,
1600 2053 1645 2088 et
1680 2043 1828 2087 inania
1866 2042 2001 2086 morti

1155 2109 1347 2152 Munera
1359 2142 1370 2163 ,
1394 2109 1501 2152 dant
1520 2109 1741 2169 lacrymas.
1758 2126 1781 2147 »

1214 2175 1303 2217 162.
1334 2176 1414 2218 Ad
1436 2190 1610 2230 magnos
1638 2176 1768 2218 Deos.
1796 2173 1867 2216 Ad
1895 2174 1998 2217 Au—

1156 2248 1330 2297 gustum
1354 2249 1400 2284 et
1421 2239 1602 2282 Liviam.

1214 2305 1303 2348 153.
1336 2306 1528 2361 Augusti
1541 2307 1698 2348 numen
1728 2307 1874 2348 adora.
1898 2306 2003 2348 Au-

1150 2380 1318 2428 gustum
1336 2388 1484 2416 numen
1508 2371 1736 2421 meliores;
1759 2380 1889 2415 recte.
1913 2372 1974 2414 H.

1216 2438 1307 2481 165.
1332 2439 1428 2482 Sint
1453 2442 1614 2482 utinam
1638 2442 1757 2486 mz'Iaes
1781 2441 1906 2481 solito
1925 2441 2009 2481 tibi

1156 2520 1278 2548 more.
1303 2503 1409 2547 Duo
1438 2507 1565 2548 solito
1594 2507 1709 2547 mibi.
1739 2504 1854 2547 Puto
1874 2507 2003 2547 solito

1154 2573 1245 2612 sibi
1263 2584 1405 2624 more5
1431 2578 1482 2612 ut
1510 2570 1557 2611 in
1586 2569 1724 2626 Epist.
1754 2568 1998 2628 Cydippes,

1155 2653 1214 2680 vs.
1235 2638 1287 2679 55
1300 2670 1312 2691 ,
1335 2637 1455 2680 More
1471 2639 1591 2680 bonis
1609 2639 1746 2681 solito.
1766 2636 1826 2679 H.
