2268 3848
269 265 336 335 14
727 266 794 320 P.
850 264 1141 322 OVIDII
1190 263 1562 323 NASONIS

262 385 343 445 At
369 383 461 467 pia
488 381 569 443 nil
598 380 750 443 aliud
779 405 941 465 quam
976 405 1061 442 me
1089 382 1240 444 dolet
1269 383 1463 445 exsule
1485 384 1712 466 conjux:

346 481 472 538 Hoc
500 501 674 538 unum
704 477 884 536 nostri
916 479 1129 560 scitque
1156 479 1432 563 gemitque
1457 479 1602 540 mali.

261 574 451 636 Nescit
477 574 537 632 in
566 573 837 632 immenso
858 572 1051 654 jactari
1086 598 1320 658 corpora
1343 590 1551 658 pont03
1967 631 1970 632 a

346 671 534 732 Nescit
560 671 649 748 agi
677 669 887 744 ventis3
918 671 1097 732 nescit
1123 673 1313 734 adesse
1341 695 1542 733 necem.
1992 688 2046 745 40

263 768 341 828 Di
365 767 504 827 bene
522 815 536 840 ‚
567 768 721 850 quod
749 791 863 827 non
891 791 1014 828 sum
1041 793 1255 838 mecum
1287 768 1652 830 conscendere
1677 791 1874 852 passus
1896 814 1911 841 ,

341 864 424 923 Ne
455 862 593 922 mihi
627 886 778 922 mors
804 862 1004 922 misero
1034 863 1123 923 bis
1147 864 1405 946 patienda
1429 863 1603 945 foret!

261 960 341 1022 At
369 984 518 1020 nunc
536 1007 550 1032 ‚
580 973 644 1019 ut
670 982 891 1042 peream
910 1006 925 1032 ‚
959 959 1222 1042 quoniam
1250 973 1396 1019 caret
1422 957 1518 1019 illa
1545 956 1782 1040 periclo,

343 1057 589 1118 Dimidia
616 1072 760 1118 certe
787 1072 942 1141 parte
976 1072 1257 1140 superstes
1294 1079 1407 1116 ero,

263 1154 371 1214 Hei
399 1154 535 1214 mihi
561 1155 573 1215 l
612 1179 776 1236 quam
810 1154 973 1215 celeri
1004 1154 1316 1214 micuerunt
1345 1150 1541 1213 nubila
1568 1150 1784 1212 flamma
1809 1152 1823 1210 l
1999 1168 2053 1224 45

345 1253 607 1332 Quantus
638 1251 707 1311 ab
739 1251 963 1311 aetherio
996 1265 1259 1334 personat
1290 1274 1387 1312 axe
1416 1249 1638 1328 fragor!

262 1353 378 1412 Nec
407 1349 580 1409 levius
611 1348 844 1410 laterum
874 1348 1074 1410 tabulae
1095 1349 1369 1410 feriuntur
1394 1348 1465 1408 ab
1495 1347 1693 1421 undiS,

348 1447 535 1526 Quam
566 1467 726 1523 grave
755 1443 973 1504 balistae
999 1445 1200 1505 moenia
1229 1446 1422 1528 pulsat
1450 1469 1606 1505 onus,

266 1545 385 1625 Qui
413 1544 564 1604 venit
589 1543 681 1603 hic
711 1542 941 1616 ssuctUS,
973 1542 1176 1604 fluctus
1209 1543 1579 1627 supereminet
1605 1565 1794 1603 omnes
1820 1566 1834 1615 ;
1890 1604 1893 1606 ,

346 1638 633 1700 Posterior
653 1662 805 1699 nono
837 1652 921 1699 est
940 1685 954 1710 ‚
987 1637 1391 1721 undecimoque
1421 1638 1592 1721 prior.
2004 1652 2058 1695 50

264 1741 380 1801 Nec
409 1739 580 1798 letum
611 1738 778 1797 timeo
808 1762 820 1797 z
854 1760 1026 1815 genus
1060 1752 1143 1798 est
1171 1735 1478 1797 miserabile
1507 1735 1621 1797 leti.

351 1834 573 1895 Demite
599 1834 978 1913 naufragium3
1007 1857 1161 1895 mors
1191 1833 1328 1895 mihi
1357 1857 1559 1894 munus
1587 1831 1705 1893 erit.

269 1966 500 2028 paludem;
525 1983 547 2003 »
568 1974 612 2009 et
628 1966 698 2010 ΙΙΙ
727 1964 833 2008 AEn.
855 1966 933 2020 242
955 1980 965 2008 ε
989 1983 1011 2002 «
1035 1964 1127 2008 Sed

271 2049 416 2091 neque
441 2033 532 2076 vim
551 2030 710 2088 plumis
732 2029 866 2073 ullam
883 2062 895 2086 ,
927 2046 1009 2074 nec
1027 2029 1125 2073 vul—

272 2117 382 2145 nera
405 2109 528 2156 tergo
549 2097 794 2154 Accipiunt.
812 2115 834 2135 »

327 2167 394 2210 38.
415 2166 586 2220 Scitque
603 2166 818 2219 gemitque.
837 2164 1009 2219 Flelque
1026 2161 1129 2205 Re-

275 2232 368 2290 gius
384 2230 507 2274 liber.
529 2229 698 2272 HEms.

329 2297 394 2356 39.
406 2297 759 2349 Jactaricorpora
770 2307 786 2346 ,¹
799 2291 951 2336 lib.III
963 2324 975 2346 ‚
993 2291 1060 2334 El.
1071 2305 1124 2346 Π,

281 2364 352 2404 15:
370 2378 391 2398 «
413 2359 538 2402 Dum
557 2367 706 2402 tamen
720 2389 732 2411 ,
749 2364 794 2399 et
812 2355 953 2399 ventis
973 2355 1131 2398 dubius

276 2425 470 2482 jactabar
486 2456 498 2479 ‚
519 2432 564 2466 et
585 2421 726 2466 undis.
744 2439 766 2459 ν

330 2491 380 2545 41
389 2521 398 2532 .
413 2490 452 2531 0
464 2491 576 2531 bene.
588 2489 654 2530 Di
661 2490 760 2529 bene
770 2494 868 2529 octo
880 2494 954 2529 aut
968 2500 1130 2528 novem

278 2573 331 2600 ex
342 2553 618 2604 melioribus;
638 2551 698 2594 ita
713 2551 876 2594 Statius
888 2584 900 2605 ,
925 2549 1133 2593 Claudia-

276 2639 360 2666 nus
375 2654 387 2676 ,
412 2617 634 2663 Ausonius
645 2651 656 2673 ‚
674 2626 719 2661 et
731 2616 800 2661 alii
816 2633 827 2660 ι
847 2617 1072 2673 quomodo
1087 2626 1132 2660 et

278 2690 345 2732 Di
357 2689 506 2730 melius
526 2693 570 2728 et
588 2686 655 2727 Di
665 2687 850 2726 meliora.
871 2683 1037 2726 Hnms.

334 2754 402 2807 43.
425 2751 492 2795 A!
510 2765 620 2794 nunc
647 2758 695 2792 ut
714 2765 895 2802 peream.
918 2747 1133 2803 Quamvis

280 2816 512 2875 naufragio
538 2814 649 2857 mihi
672 2814 759 2857 vita
783 2813 1027 2866 adimatur,
1062 2813 1133 2855 in-

282 2880 446 2928 columi
467 2895 566 2923 mea
589 2894 723 2921 uxore
741 2911 753 2933 ‚
785 2878 930 2921 vivere
953 2876 1134 2934 quidem

282 2949 392 2993 mihi
411 2946 605 2990 videbor.
630 2943 827 2988 CIOFAN.

336 3016 403 3068 45.
429 3014 565 3066 Quam
579 3013 708 3054 celeri
720 3013 957 3052 micuerunt.
981 3008 1135 3064 Quam

284 3078 483 3122 celeriter
495 3074 757 3128 coruscavit,
772 3074 891 3130 quod
906 3073 979 3128 fit,
996 3089 1135 3130 quum

286 3147 414 3190 ssatus
428 3153 501 3187 aut
514 3159 651 3200 vapor
666 3141 862 3200 longiore
879 3141 1037 3184 nititur
1048 3149 1136 3184 tra-

289 3220 375 3255 ctu.
398 3208 555 3264 Quum
579 3222 684 3250 vero
706 3207 752 3249 in
779 3206 898 3249 nube
918 3206 1107 3249 luctatur
1121 3236 1133 3259 ,

286 3275 482 3321 tonitrua
511 3273 705 3316 eduntur
724 3291 737 3327 ;
773 3288 912 3329 quum
944 3271 1138 3328 erumpit

289 3343 446 3387 ardens
462 3374 474 3396 ‚
495 3339 712 3383 fulminat.
741 3339 857 3382 Plin.
930 3352 933 3355 ’

344 3412 410 3464 48.
449 3409 589 3451 Grave
626 3420 731 3447 onus
763 3407 937 3449 balistoe.
975 3404 1138 3448 Gravia

1207 1965 1404 2023 pondera
1425 1974 1470 2009 et
1486 1981 1584 2009 saxa
1598 1997 1609 2019 ,
1629 1979 1725 2021 quae
1742 1962 1970 2006 vibrantur
1982 1961 2062 2004 ba-

1207 2033 1325 2077 listis.
1356 2033 1435 2077 Est
1464 2040 1612 2076 autem
1642 2035 1825 2081 balista,
1852 2039 2062 2073 tormen-

1209 2107 1305 2142 tum
1325 2132 1336 2154 ,
1370 2114 1459 2156 quo
1487 2114 1584 2143 saxa
1610 2098 1779 2154 majora
1801 2105 1844 2139 et
1867 2096 2064 2151 graviora

1209 2162 1586 2208 mittunturtvide
1599 2163 1774 2206 Vitruv.
1790 2161 1861 2204 lib.
1882 2162 1924 2204 X
1938 2194 1950 2215 ‚
1971 2175 2063 2217 cap.

1215 2231 1292 2282 16;
1317 2231 1476 2286 Veget.
1500 2228 1571 2272 lib.
1593 2228 1676 2283 IV,
1699 2243 1789 2284 cap.
1812 2244 1877 2269 22.

1264 2297 1331 2338 50.
1350 2295 1560 2337 Posterior
1578 2309 1688 2335 nono
1705 2299 1793 2342 est,
1822 2292 2065 2334 undecimo-

1207 2374 1286 2414 que
1295 2361 1424 2412 prior.
1450 2357 1657 2400 Fluctum
1680 2355 1881 2411 intelligit
1895 2387 1906 2407 ,
1930 2368 2064 2410 quem

1209 2434 1349 2482 poetae
1369 2426 1570 2468 decimum
1588 2424 1676 2466 sive
1698 2426 2066 2477 decumanumap-

1210 2489 1374 2547 pellant
1386 2522 1398 2544 ‚
1423 2489 1498 2547 qui
1509 2489 1722 2532 maximus
1735 2503 1824 2531 esse
1836 2487 1957 2530 solet.
1969 2485 2066 2528 Un-

1213 2553 1267 2597 de
1296 2556 1568 2597 decumanam
1588 2553 1720 2595 etiam
1738 2560 1904 2607 portam
1926 2550 1972 2592 in
1992 2564 2066 2592 ca-

1211 2621 1551 2664 strismaximam
1564 2652 1574 2674 ,
1587 2629 1632 2663 et
1647 2620 1699 2662 ab
1712 2619 1836 2662 hoste
1845 2629 2038 2660 aversam
2050 2648 2062 2669 ,

1214 2686 1398 2742 appellat
1421 2686 1566 2729 Livius
1586 2701 1596 2728 :
1618 2684 1716 2727 vide
1735 2692 1779 2727 et
1800 2682 2002 2726 Politian.
2018 2680 2065 2722 in

1215 2750 1455 2795 Miscellan.
1478 2750 1558 2793 Vl.

1271 2819 1336 2859 51.
1361 2818 1457 2861 Non
1482 2818 1607 2858 letum
1630 2818 1766 2858 timeo.
1792 2815 1882 2857 Nec
1906 2809 2065 2867 scripti.

1217 2879 1382 2925 ΗΕῘΝΒ.
1403 2904 1458 2912 -
1483 2882 1628 2923 Genus
1645 2888 1713 2923 est
1730 2879 1965 2922 miserabile
1981 2879 2067 2917 leti.

1217 2948 1360 2992 Grave
1385 2947 1505 2990 enim
1537 2947 1553 3001 (
1574 2955 1625 2990 ut
1652 2945 1780 2989 docet
1802 2944 2025 2986 Homerus
2045 2943 2063 2995 )

1215 3014 1359 3070 perire
1379 3013 1610 3070 naufragio
1627 3028 1637 3055 z
1657 3011 1757 3068 quia
1775 3008 1919 3052 anima
1939 3008 2067 3065 ignea

1217 3088 1310 3132 est,
1344 3088 1388 3121 et
1408 3078 1619 3134 exstingui
1651 3075 1825 3119 videtur
1854 3074 1900 3116 in
1926 3088 2034 3128 aqua
2052 3105 2064 3126 ,

1218 3145 1436 3189 elemento
1468 3145 1688 3189 contrario
1706 3162 1716 3196 ;
1749 3153 1845 3186 tum
1879 3141 1979 3198 quia
2008 3139 2068 3182 sic

1217 3211 1458 3254 morientes
1479 3209 1663 3267 piscibus
1693 3225 1788 3252 esca
1814 3207 1930 3251 fiunt
1947 3239 1959 3262 ,
1985 3219 2067 3247 nec

1218 3276 1390 3320 tumulo
1408 3274 1689 3318 mandantur.

1277 3345 1343 3385 52.
1363 3342 1480 3384 M'ors
1493 3343 1601 3383 mihi
1612 3356 1760 3383 munus
1771 3342 1876 3391 erin
1900 3335 2067 3379 Seneca

1219 3408 1266 3452 in
1285 3406 1438 3464 Agam.
1451 3407 1572 3450 Mors
1589 3408 1783 3450 mihien‘t
1797 3404 2011 3448 securitas.
