2280 3776
246 324 356 399 498
671 324 1013 381 PETRUS
1056 326 1594 384 BURMANNUS

244 446 525 503 Innocuos
559 442 689 525 quid
710 490 724 513 ,
755 442 951 514 stulte,
978 443 1163 524 jocos3
1195 468 1495 528 securaque
1522 446 1697 507 credis

328 539 579 600 Carmina
596 585 610 610 ,
642 562 743 599 nec
773 539 940 622 capiti
968 539 1276 623 perniciosa
1302 545 1444 602 tuo?

242 640 390 697 Laeta
423 635 741 696 verecundae
767 636 902 718 quid
928 660 1115 719 speras
1145 636 1257 698 otia
1289 637 1440 712 vitae,

325 732 580 792 Liberius
609 732 857 814 quamvis
880 733 1044 793 Musa
1070 733 1250 813 jocata
1275 732 1458 794 foret?

241 827 466 889 Falleris
486 874 500 900 ,
535 851 567 886 o
594 830 743 887 Naso
769 852 781 887 ε
809 829 987 911 turpis
1015 829 1120 888 sub
1151 829 1398 912 principe
1429 830 1539 890 vita

323 926 494 996 Tuta;
526 923 620 985 sed
650 924 961 1003 ingenium,
997 924 1184 1003 lingua
1205 972 1219 996 ,
1250 925 1519 1010 stilusque
1546 942 1763 988 nocent.

241 1021 456 1103 Arripit
484 1021 540 1081 in
570 1022 802 1093 crimen,
837 1022 1110 1105 quidquid
1140 1022 1281 1094 vult,
1317 1047 1458 1107 saepe
1489 1039 1774 1107 tyrannm,

322 1120 395 1176 Et
423 1117 655 1199 speciem
681 1117 815 1197 justi
841 1117 1072 1178 vindicis
1101 1118 1228 1180 inde
1258 1119 1416 1201 petit.

239 1215 353 1275 Nec
378 1215 528 1275 bona
552 1215 736 1295 jurato
771 1215 874 1274 sub
899 1213 1081 1296 judice
1112 1215 1376 1297 quaeritur
1404 1239 1647 1299 unquam

325 1314 527 1383 Causa,
557 1335 658 1371 nec
686 1311 978 1371 arbit-rium
1001 1310 1133 1371 mite
1161 1327 1382 1372 senatus
1406 1313 1560 1391 agita.

238 1409 430 1468 Nutrit
452 1407 703 1468 adulator
730 1409 989 1469 commoti
1016 1408 1284 1492 principis
1312 1409 1420 1469 iras
1440 1456 1455 1482 ,

319 1505 518 1564 Incitat
547 1519 601 1563 et
629 1527 764 1563 saeva
794 1518 989 1586 pectus
1017 1504 1239 1587 agitque
1266 1504 1398 1564 face.

237 1601 446 1682 Adjicit
475 1601 668 1660 insano
695 1601 899 1661 furiosa
927 1601 1194 1662 calumnia
1222 1602 1394 1674 vireS,

316 1701 594 1782 Poenaque
626 1699 715 1758 vix
746 1714 884 1758 noto
917 1698 1140 1758 crimine
1170 1713 1315 1759 certa
1343 1698 1508 1758 sedet.

236 1795 522 1855 Invehitur
550 1794 685 1854 diris
716 1818 846 1853 mox
876 1794 1052 1856 tristis
1081 1792 1310 1876 epistola
1339 1793 1548 1866 verbis»,

317 1892 458 1971 Quae
488 1890 680 1973 patriis
707 1890 968 1951 miserum
996 1890 1148 1968 cogit
1173 1890 1326 1950 abire
1354 1889 1512 1951 focis,

239 1992 370 2050 Haec
398 1987 597 2049 studiis
625 2010 852 2060 merces,
885 1988 1055 2047 teneri
1086 2002 1391 2070 praeceptor
1420 1987 1671 2058 AmoriS,

315 2087 421 2146 Est
441 2083 566 2144 data
584 2129 598 2155 ,
628 2105 727 2143 nec
754 2083 940 2165 potuit
967 2084 1132 2142 Musa
1162 2097 1340 2143 vetare
1357 2129 1371 2155 ,
1400 2083 1528 2143 tuis.

234 2187 490 2253 Ferreus,
525 2181 749 2258 ingenio
780 2179 875 2263 qui
907 2194 958 2240 te
985 2177 1300 2260 juveniliter
1327 2203 1491 2239 usum
1512 2226 1528 2252 ,

314 2282 382 2339 In
410 2277 687 2360 Scythiam
718 2290 900 2337 censet
920 2275 1289 2358 promeruisse
1315 2275 1517 2353 sugam.

234 2377 432 2437 Mitius
459 2374 710 2436 exsilium
741 2372 836 2433 sed
863 2397 931 2433 ne
960 2372 1303 2456 propiusque
1338 2372 1582 2444 daretur,

313 2473 570 2554 Principe
598 2470 796 2542 lenit0,
828 2468 987 2552 culpa
1009 2516 1024 2540 ,
1053 2483 1215 2552 poeta
1234 2516 1248 2541 ,
1283 2457 1377 2529 tua
1407 2483 1506 2528 est.

233 2572 495 2654 Turpiter
521 2570 729 2652 abjecta
756 2567 997 2628 blandiri
1025 2582 1204 2627 mente
1236 2581 1470 2650 tyranno
1492 2615 1507 2640 ,

314 2673 390 2730 Et
418 2668 703 2728 dominum
734 2666 946 2749 placida
975 2665 1191 2726 flectere
1221 2688 1352 2724 voce
1382 2664 1587 2735 ferum3

234 2771 493 2828 Errorem
512 2812 526 2837 ,
559 2763 880 2846 culpamque
900 2809 914 2834 ,
947 2776 1000 2822 et
1030 2785 1141 2821 non
1171 2759 1405 2819 admissa
1434 2759 1593 2819 fateri

315 2862 582 2932 Crimina,
616 2885 715 2920 nec
746 2858 903 2918 firmo
931 2874 1150 2940 pectore
1179 2858 1288 2918 fata
1319 2856 1462 2940 pati3

232 2959 541 3020 Dedecorat
567 2971 740 3016 vatem
759 3003 773 3026 ,
806 2956 1036 3037 patriam
1071 2955 1166 3037 qui
1195 2954 1436 3014 sortibus
1466 2974 1605 3023 esse,

315 3054 431 3113 Sub
459 3051 706 3135 liquido,
735 3050 925 3110 docuit
945 3097 959 3121 ,
993 3072 1099 3131 qua
1130 3063 1278 3130 patet
1306 3071 1435 3117 axe,
1465 3046 1659 3106 solum.

232 3155 438 3212 Versus
460 3151 528 3209 ab
556 3149 810 3227 ingenuis
841 3147 1070 3207 famulas
1103 3145 1361 3205 deformis
1390 3145 1458 3205 ad
1488 3158 1661 3217 arteS,

310 3246 505 3325 Infami
532 3245 768 3304 maculas
799 3245 937 3304 saeba
970 3243 1155 3326 priora
1183 3256 1332 3300 nota.

230 3347 341 3404 Nec
369 3358 480 3403 tam
509 3342 718 3401 Pierius
750 3341 1003 3423 Scythico
1039 3340 1142 3399 sub
1173 3340 1345 3398 sidere
1373 3338 1577 3411 servor,

311 3438 580 3500 Carminis
609 3453 703 3497 aut
730 3438 869 3498 abiit
897 3437 1122 3518 spiritus
1151 3435 1242 3496 ille
1272 3434 1424 3496 sacri.

1947 467 2022 511 135

1910 919 1913 921 ι
1946 961 2021 1006 190

1943 1430 2018 1488 195

1933 2392 2013 2432 205

1931 2886 2010 2914 210

1925 3355 2003 3397 215
