2280 3776
464 296 581 350 EX
619 292 923 349 PONTO
962 294 1129 348 LIB.
1174 293 1283 349 IV.
1330 292 1617 348 EPIST.
1661 295 1812 349 VII.

340 412 644 474 Poeniceam
679 410 872 472 Getico
901 410 1164 489 sanguine
1189 409 1318 470 feeit
1347 431 1561 493 aquam.
1972 444 2024 472 20

260 507 389 567 Non
420 521 581 586 neget
608 506 911 588 AEgypsoS‚
947 522 1091 587 quae,
1124 518 1176 563 te
1206 505 1504 576 subeunte,
1537 519 1752 589 recepta

343 603 526 664 Sensit
552 603 608 662 in
639 601 860 681 ingenio
888 599 968 661 nil
998 600 1122 683 opis
1152 622 1267 662 esse
1298 600 1422 661 loci.

261 701 402 759 Nam
429 698 687 771 dubium,
718 697 906 782 positu
933 696 1127 759 melius
1154 696 1375 760 defensa
1400 723 1658 772 manuve,

347 796 497 858 Urbs
525 811 638 857 erat
665 797 724 856 in
751 819 963 857 summo
992 794 1241 857 nubibus
1270 818 1423 878 aequa
1448 796 1598 877 jugo.

262 891 520 953 Sithonio
552 892 667 971 regi
694 893 842 953 serus
870 893 1230 976 interceperat
1256 890 1406 954 illam
1983 910 2035 949 25

345 987 569 1063 HostiS‚
603 1002 656 1048 et
683 1002 898 1072 ereptas
924 988 1101 1048 victor
1127 986 1364 1048 habebat
1393 1011 1546 1071 opes.

260 1086 449 1147 Donec
478 1085 731 1147 fluminea
763 1087 985 1148 devecta
1012 1084 1272 1147 Vitellius
1297 1085 1446 1147 unda

339 1181 569 1253 Intulit,
596 1182 848 1265 exposito
871 1180 1074 1254 milite,
1104 1181 1258 1261 signa
1290 1182 1463 1244 Getis.

258 1279 335 1338 At
363 1278 497 1351 tibi,
529 1279 821 1362 progenies
850 1279 946 1340 alti
975 1279 1274 1341 fortissima
1301 1280 1512 1352 Dauni,

341 1374 508 1435 Venit
534 1375 592 1435 in
619 1375 877 1438 adversos
905 1375 1142 1460 impetus
1171 1376 1247 1437 ire
1278 1377 1441 1437 viros.
1979 1394 2033 1435 30

261 1472 372 1533 Nec
400 1496 587 1552 mora;
620 1474 953 1557 conspicuus
983 1474 1144 1554 longe
1174 1471 1518 1553 fulgentibus
1547 1473 1741 1544 armis,

340 1567 526 1628 Fortia
552 1592 620 1629 ne
644 1569 863 1651 possint
886 1568 1027 1631 facta
1055 1568 1218 1631 latere
1234 1614 1249 1642 ‚
1274 1592 1428 1633 caves
1453 1592 1466 1628 ε

263 1664 590 1748 Ingentique
619 1666 791 1744 gradu
822 1680 1016 1727 contra
1047 1667 1357 1749 ferrumque
1385 1665 1710 1748 locumque,

342 1761 590 1844 Saxaque
619 1761 855 1823 brumali
883 1762 1146 1841 grandine
1175 1761 1366 1845 plura,
1397 1762 1571 1823 subis.

262 1859 374 1919 Nec
407 1874 458 1920 te
485 1860 648 1921 missa
679 1884 844 1943 super
873 1847 1178 1941 jaculorum
1206 1861 1369 1922 turba
1402 1875 1676 1929 moratur,
1979 1878 2032 1919 35

300 2018 304 2021 ,
340 1956 453 2017 Nec
486 1980 606 2039 quae
632 1957 852 2039 vipereo
887 1956 993 2018 tela
1022 1980 1219 2019 cruore
1243 1956 1479 2018 madent.

259 2070 520 2147 pis-hostem
551 2085 660 2130 vidit
690 2086 1023 2143 insequentem,
1058 2092 1103 2130 et

254 2151 562 2196 trucidantem.

316 2211 613 2261 ao-I'am'ceam
627 2221 829 2274 sanguine
838 2219 1002 2262 Getico.
1014 2218 1102 2261 Ru-

261 2280 386 2323 bram
401 2279 543 2324 hostili
563 2290 608 2325 et
621 2280 777 2326 Getico
795 2298 965 2326 cruore.

317 2361 382 2390 ιι.
402 2349 496 2392 an
511 2355 633 2402 neget
651 2350 871 2406 AEgypsos.
890 2346 1003 2390 Vide
1027 2363 1104 2391 no-

264 2419 328 2455 tas
347 2411 417 2456 lib.
440 2412 484 2467 I,
511 2411 631 2469 Eleg.
653 2424 740 2455 vm
758 2445 770 2467 ,
798 2416 860 2455 v's.
885 2412 945 2455 13.
970 2413 1029 2456 H.
1050 2436 1106 2444 -

262 2475 477 2536 AEgyps'os
515 2475 725 2533 oppidum
761 2476 1103 2520 munitissimum

261 2538 347 2583 ‚suit
368 2540 413 2583 in
435 2540 611 2600 Scythia
625 2573 637 2596 ‚
659 2541 705 2584 in
719 2556 893 2584 summo
912 2541 1029 2585 collis
1042 2557 1104 2584 ar-

265 2602 353 2647 dui.
371 2604 533 2649 Sensus
552 2606 703 2663 planus
716 2613 780 2650 est
796 2622 847 2649 ex
860 2607 909 2650 iis
925 2621 1021 2662 (χιιι),
1036 2622 1104 2649 se-

266 2678 474 2725 quuntur.
491 2670 605 2714 Nam
621 2686 645 2713 a
658 2669 780 2714 Getis
791 2671 1076 2729 interceptam
1089 2705 1102 2727 ,

265 2749 314 2777 ac
333 2734 425 2791 regi
446 2734 642 2779 Thraciae
666 2734 913 2792 ademptam
929 2768 941 2791 ,
973 2751 1106 2781 recu-

264 2809 459 2856 peratam
484 2814 586 2844 mox
604 2799 770 2844 Vitellii
796 2815 927 2858 opera
953 2808 996 2844 et
1027 2817 1105 2844 au-

266 2865 365 2908 xilio
380 2865 484 2910 dicit
506 2882 516 2910 z
534 2866 579 2909 in
602 2883 685 2923 qua
707 2867 1036 2923 recuperatione
1057 2882 1106 2910 ac

265 2937 425 2988 pugna,
439 2931 659 2976 Vestalem
672 2947 843 2989 quoque
855 2932 1103 2988 praeclaram

267 3010 444 3052 operam
464 3012 637 3041 navasse
662 2998 819 3041 innuit.
840 2997 1012 3040 Mthr..

323 3060 387 3102 23.
421 3061 612 3106 Manum.
648 3062 721 3105 An
761 3062 1104 3120 propugnatori-

266 3127 368 3178 bus;
397 3124 516 3184 quasi
535 3127 670 3184 dicat,
694 3137 914 3172 et·natura
934 3129 1038 3183 loci,
1061 3136 1106 3171 et

266 3190 525 3234 validissimo
546 3192 743 3247 praesidio
754 3193 916 3249 pariter
935 3194 1036 3236 urbs
1055 3207 1106 3236 ea

269 3253 448 3298 devicta.
469 3255 640 3298 MthL.

324 3321 387 3361 25.
410 3320 597 3362 Sithonio
626 3324 724 3375 regi.
750 3320 862 3377 Regi
882 3319 1103 3364 Thraciae:

269 3393 332 3429 est
350 3385 470 3428 enim
490 3385 688 3430 Sithonia
704 3402 801 3442 pars
817 3385 1026 3430 Thraciae.

325 3450 388 3492 26.
409 3452 586 3506 Emptas
597 3466 705 3506 opes.
727 3449 907 3494 Divitias
931 3451 1105 3509 AEgypsi

1183 2085 1329 2143 oppidi
1342 2085 1562 2143 ademptas
1575 2083 1800 2142 oppidanis
1815 2085 2031 2140 ejectis.—

1184 2153 1247 2194 Et
1261 2155 1404 2195 w‘ctot.
1422 2151 1480 2194 Et
1498 2150 1631 2194 hostis
1645 2150 1758 2194 Geta
1772 2182 1783 2202 ‚
1811 2151 1883 2206 qui
1903 2151 2032 2207 oppi-

1184 2216 1290 2260 dum
1312 2214 1418 2258 illud
1435 2224 1766 2272 expugnaverat.
1791 2215 1962 2259 Mtcn.

1240 2298 1303 2334 27·
1319 2283 1540 2325 fluminea
1550 2285 1676 2325 unda.
1688 2281 1823 2325 Unda
1840 2282 1938 2325 lstri
1954 2282 2032 2324 fln-

1185 2347 1328 2391 minis.
1348 2371 1402 2381 ·-
1431 2350 1636 2391 Wtelle'us.
1658 2348 1788 2390 Forte
1810 2347 1865 2391 A.
1889 2348 2033 2391 Vitel-

1183 2412 1265 2456 lius
1280 2446 1291 2467 ,
1325 2420 1504 2468 patruus
1525 2411 1707 2455 Caesaris
1728 2411 1922 2466 Vitellii,
1956 2414 2030 2470 qui

1185 2476 1461 2521 consulatum
1482 2477 1609 2534 gessit
1629 2477 1708 2520 sub
1729 2477 1910 2521 Tiberio
1926 2512 1937 2532 ,
1961 2495 2030 2521 an.

1185 2540 1245 2583 U.
1268 2539 1320 2584 C.
1348 2552 1604 2591 nccxxclv;
1635 2539 1717 2583 nisi
1738 2540 1793 2584 ad
1815 2542 1862 2584 L.
1885 2541 2027 2585 Vitel-

1182 2607 1291 2651 lium
1309 2616 1475 2665 patrem
1496 2607 1662 2651 referre
1681 2607 1829 2652 mavis.
1842 2633 1896 2641 -—
1908 2611 2031 2652 Intu-

1183 2675 1248 2715 lit.
1281 2672 1402 2715 Bella
1431 2672 1577 2716 intulit
1599 2705 1611 2727 ‚
1653 2681 1699 2716 et
1733 2688 1834 2716 cum
1866 2673 2027 2717 vexillis

1186 2737 1397 2781 Romanis
1430 2753 1484 2781 eo
1518 2745 1698 2781 venerat
1730 2747 2000 2795 pugnaturus
2016 2758 2029 2783 .-

1185 2819 1290 2846 nam
1302 2803 1451 2846 vexilla
1466 2811 1511 2846 et
1525 2812 1729 2858 armatos,
1743 2803 1936 2847 secundo
1950 2803 2030 2847 flu·

1186 2867 1305 2911 mine
1319 2900 1332 2922 ‚
1345 2884 1398 2911 ex
1409 2867 1606 2911 finitimis
1625 2868 1726 2912 locis
1745 2869 2004 2926 deportavit.

1235 2949 1302 2992 29.
1308 2933 1534 2989 Progenies
1545 2933 1867 2988 allifhrtc'ssima
1873 2936 2030 2978 Donni.

1188 2997 1395 3054 Ignotum
1419 2997 1503 3041 hoc
1523 2996 1700 3041 nornen.
1721 3001 1879 3042 Domni
1900 2999 2029 3042 Polit.

1187 3071 1232 3106 et
1252 3072 1350 3107 octo
1366 3063 1459 3115 alii·;
1474 3080 1546 3107 sex
1559 3066 1701 3117 Dom}
1718 3073 1804 3107 tres
1816 3067 2030 3120 Dampn1'‚·

1189 3129 1373 3171 totidem
1397 3131 1559 3171 Dauni.
1590 3129 1740 3172 Scribe
1762 3131 1916 3171 Dauni
1928 3146 2030 3173 cum

1188 3209 1279 3237 uno
1298 3193 1516 3237 vossiano
1531 3227 1542 3247 ,
1564 3203 1613 3236 ut
1633 3194 1686 3237 ad
1702 3194 1845 3237 Turni
1861 3204 2027 3250 patrem

1190 3257 1457 3302 Rutulorum
1476 3274 1625 3315 regem
1646 3258 1854 3315 respiciat.
1876 3260 1934 3302 H.

1243 3326 1308 3378 34.
1329 3325 1534 3380 Saxaque.
1550 3324 1610 3367 Et
1625 3334 1777 3368 contra
1794 3341 1890 3367 saxa
1905 3358 1915 3377 ,
1936 3341 2031 3380 quae

1189 3405 1212 3431 e
1231 3387 1440 3444 superiori
1458 3388 1551 3432 loco
1570 3388 1794 3432 cadebant.
1815 3412 1868 3420 —
1887 3391 2030 3431 Plura.

1190 3452 1514 3495 Numerosiora.
1537 3475 1590 3485 —
1612 3453 1746 3495 Subt's.
1771 3450 2020 3494 Adscendis.
