2280 3776
490 334 602 389 Ex
640 331 942 388 PONTO
982 330 1141 384 LIB.
1185 330 1234 382 Ι.
1277 327 1564 384 EPIST.
1605 329 1679 383 V.

1860 331 1959 382 281

294 450 408 510 Nec
437 449 583 509 venit
611 448 676 508 ad
708 448 873 508 duros
904 449 1067 507 Musa
1095 459 1282 506 vocata
1315 445 1494 506 Getas.

216 546 296 604 Ut
323 559 499 605 tamen
528 544 644 628 ipse
673 543 823 603 vides
841 591 855 617 ,
884 541 1065 603 luctor
1093 542 1355 602 deducere
1381 565 1593 603 versum
1616 564 1629 614 ;

296 642 403 702 Sed
429 665 543 702 non
571 640 631 701 fit
659 641 772 701 sato
804 640 1027 701 mollior
1052 638 1143 699 ille
1170 663 1308 699 meo.

216 737 403 818 Quum
431 738 639 818 relege,
670 737 949 821 scripsisse
978 736 1181 820 pudet;
1217 736 1344 819 quia
1374 735 1608 818 plurima
1635 757 1827 808 cerno,
1926 752 1974 793 15

294 835 389 896 Me
417 856 636 917 quoque
666 834 761 917 qui
789 833 891 893 seci
914 833 1125 915 judice,
1159 832 1323 911 digna
1350 831 1463 892 lini.

211 934 326 992 Nec
355 947 532 993 tamen
563 932 793 993 emendo
826 957 838 992 :
868 929 1029 992 labor
1058 931 1147 991 hic
1176 954 1337 1015 quam
1365 931 1602 992 scribere
1629 930 1828 1012 major,

293 1030 565 1113 Mensque
594 1030 708 1115 pati
738 1031 933 1091 durum
963 1030 1199 1092 sustinet
1228 1053 1366 1109 aegra
1396 1028 1551 1090 nihil.

213 1124 432 1186 Scilicet
456 1126 711 1210 incipiam
742 1124 871 1187 lima
898 1125 1204 1188 mordacius
1235 1126 1344 1197 uti,

293 1223 368 1281 Et
395 1221 499 1282 sub
524 1221 791 1304 ,judicium
822 1221 1037 1301 singula
1064 1223 1225 1284 verba
1254 1222 1483 1282 vocem?
1923 1251 1976 1280 20

211 1320 462 1403 Torquet
495 1320 638 1381 enim
667 1320 886 1381 fortuna
911 1344 1133 1404 pamm,
1164 1320 1270 1380 nisi
1300 1318 1462 1381 Nilus
1486 1319 1544 1379 in
1572 1320 1821 1381 Hebrum

294 1414 591 1476 Confluat?
618 1430 674 1476 et
701 1415 923 1476 frondes
949 1415 1188 1499 Alpibus
1215 1416 1379 1478 addat
1403 1416 1619 1477 Athos?

211 1509 547 1571 Parcendum
584 1525 666 1571 est
693 1511 873 1571 animo
899 1511 1207 1573 miserabile
1236 1510 1437 1573 vulnus
1462 1511 1687 1571 habenti
1714 1534 1727 1569 ε

295 1608 616 1669 Subducant
642 1608 793 1670 oneri
823 1608 963 1671 colla
991 1624 1218 1692 perusta
1242 1610 1428 1670 boves.

212 1705 315 1775 At,
343 1720 509 1787 puto,
536 1704 746 1767 fructus
773 1706 958 1780 adest,
986 1706 1285 1789 justissima
1314 1731 1475 1768 causa
1503 1704 1785 1777 laborum;
1922 1721 1975 1763 25

293 1804 368 1863 Et
391 1818 504 1864 sata
535 1827 658 1864 cum
686 1803 862 1865 multo
896 1805 1106 1866 foenore
1133 1804 1314 1867 reddit
1338 1829 1479 1883 ager.

267 1986 282 2011 1
291 1987 329 2012 2.
344 1970 431 2013 Nec
443 1976 558 2012 venit
566 1973 611 2012 in
626 1971 762 2013 duros.
776 1970 857 2013 Ad
865 1972 989 2014 duros
1002 1970 1047 2016 in

207 2032 523 2077 vetustioribus.
547 2033 606 2076 Η.
620 2057 673 2066 -
687 2036 736 2077 ln
759 2041 923 2079 nostros
943 2034 1049 2091 qui-

208 2097 308 2142 dam
326 2097 423 2141 libri
444 2097 622 2143 Barthii.

265 2162 326 2206 ι3.
346 2164 511 2205 Luctor.
528 2164 664 2217 Cogor
675 2162 858 2205 Putean.

266 2227 328 2280 14.
348 2227 523 2270 Mollior
534 2230 635 2282 ipse.
655 2227 735 2268 Ille
756 2225 969 2268 meliores.
987 2224 1046 2267 H.

205 2291 475 2346 —Rseosata
501 2290 605 2334 Mea
628 2290 878 2334 infelicitate
898 2305 907 2332 :
928 2289 1047 2346 quasi

207 2353 348 2409 dicat,
379 2370 553 2399 versum
579 2355 690 2399 facio
720 2354 909 2398 fortunae
938 2370 1048 2397 meae

205 2417 323 2462 haud
342 2418 593 2464 dissimilem
609 2451 621 2474 ,
642 2418 726 2462 hoc.
745 2427 810 2462 est
823 2451 835 2473 ,
857 2418 1018 2462 durum
1034 2435 1047 2472 ;

208 2499 313 2526 nam
335 2500 402 2528 res
424 2500 533 2528 meae
553 2484 673 2527 durae
690 2492 802 2527 sunt.

286 2553 347 2594 15.
367 2552 516 2605 ‘Quum
544 2554 691 2607 relego.
731 2553 942 2608 Quumque
962 2555 1053 2606 lego

208 2614 310 2659 MS.
334 2615 516 2659 Blmsm.

265 2679 328 2722 16.
347 2682 493 2736 Digna
510 2683 602 2724 lini.
625 2679 772 2738 Digna
791 2680 938 2724 deleri.

265 2758 327 2802 19.
347 2745 517 2787 Scilicet
531 2749 742 2800 iacepiam.
766 2745 918 2789 Debeo
932 2778 942 2798 ‚
970 2744 1048 2787 in-

207 2809 302 2864 quit
323 2841 336 2864 ,
358 2809 604 2852 mordacius
624 2810 687 2853 uti
711 2810 813 2852 lima
834 2810 879 2852 in
900 2809 1045 2853 corri-

211 2873 353 2929 gendo
384 2875 575 2917 carmine
594 2906 606 2928 ,
634 2883 677 2918 et
709 2875 903 2918 laborare
938 2872 1051 2918 circa

208 2939 551 2996 unumquodque
573 2939 768 2983 verbum.

265 3017 329 3044 20.
342 3003 402 3045 Ut
411 3004 711 3058 subjudetiam.
729 3006 794 3048 Et
811 3013 965 3048 vetust.
986 3005 1048 3047 H.

263 3085 286 3110 2
296 3085 310 3110 ι
319 3101 328 3110 .
340 3069 442 3112 Nisi
448 3071 585 3125 Lycus
597 3074 640 3113 in
654 3074 833 3115 Hebrum
846 3074 1048 3128 Confluat.

210 3132 342 3176 Prior
354 3132 399 3174 in
411 3134 550 3190 Lycus
562 3136 720 3193 syllaba
737 3138 891 3191 passim
910 3137 1049 3179 corri-

207 3199 325 3256 pitur
351 3212 361 3239 t
391 3201 522 3242 etiam
551 3201 663 3256 apud
698 3210 896 3244 nostrum
920 3203 1049 3245 Pont.

208 3265 293 3316 IV,
310 3263 431 3321 Eleg.
452 3279 478 3307 x
491 3297 503 3319 ,
524 3281 582 3309 vs.
604 3267 667 3322 47.
688 3264 952 3310 Combianus
968 3284 1048 3324 pro

209 3328 378 3372 diversa
400 3330 579 3373 lectione
594 3331 741 3374 Litus.
763 3333 816 3375 ln
837 3333 1047 3378 Patavino

210 3397 334 3438 Nilus
351 3429 361 3445 ,
384 3396 499 3452 quod
515 3397 746 3453 amplector
768 3414 779 3441 :
799 3397 952 3453 similia
970 3400 1048 3443 ha-

208 3459 284 3503 bes
303 3461 454 3505 Amor.
484 3461 551 3505 lib.
579 3462 650 3517 11,
676 3462 793 3519 Eleg.
813 3478 911 3510 xvu
932 3497 944 3519 ‚
969 3466 1046 3510 31:

1133 1989 1154 2007 κ
1173 1969 1261 2013 Sed
1292 1986 1435 2027 neque
1467 1968 1623 2011 diversi
1652 1967 1744 2024 ripa
1771 1966 1976 2009 labuntur

1131 2034 1284 2078 eadem
1301 2033 1501 2092 Frigidus
1512 2033 1698 2077 Eurotas
1711 2066 1723 2086 ‚
1746 2030 1977 2088 populifer·

1132 2117 1183 2144 ve
1201 2099 1344 2144 Padus
1358 2133 1371 2154 ‚
1388 2118 1408 2136 ›-
1427 2115 1523 2156 quae
1540 2098 1678 2155 adagii
1700 2098 1838 2141 vicem
1863 2096 1978 2139 obti-

1128 2173 1263 2215 nent3
1287 2166 1484 2220 Proper-t.
1504 2163 1571 2205 lib.
1590 2164 1606 2206 l
1626 2196 1636 2215 ,
1661 2161 1779 2217 Eleg.
1804 2175 1868 2203 xu
1887 2194 1898 2214 ,
1921 2162 1971 2203 3:

1133 2248 1155 2267 «
1175 2230 1288 2272 Tam
1306 2227 1443 2271 multa
1458 2228 1527 2270 illa
1541 2242 1641 2269 meo
1654 2226 1787 2269 divisa
1800 2234 1862 2268 est
1878 2225 1977 2267 mil·

1130 2293 1184 2337 lia
1207 2293 1317 2337 lecto
1332 2326 1344 2345 ‚
1379 2292 1559 2348 Quanta
1580 2291 1780 2350 Hypanis
1801 2291 1976 2334 Veneto

1131 2357 1306 2400 dissidet
1331 2356 1551 2407 Eridan03
1572 2374 1593 2393 »
1614 2356 1673 2398 sic
1692 2355 1828 2399 scribe
1844 2388 1856 2408 ,
1881 2370 1971 2397 non

1136 2422 1358 2474 Quantum.
1369 2420 1590 2462 H.—N1·s1·
1600 2422 1721 2463 Nilus
1735 2424 1779 2461 in
1795 2421 1975 2461 Hebrum

1136 2488 1335 2543 Confluat.
1348 2485 1441 2529 Nisi
1457 2501 1612 2541 aquam
1626 2500 1747 2542 aquae
1758 2518 1770 2538 ,
1787 2484 1870 2528 hoc
1883 2493 1971 2540 est,

1131 2566 1280 2593 curam
1301 2566 1415 2593 curae
1434 2550 1577 2594 addas.

1152 2664 1153 2667 Ἴ
1187 2634 1252 2659 aa.
1261 2617 1674 2672 ElsrondesAlpibus
1688 2618 1972 2659 addatAtlms.

1132 2682 1192 2726 Et
1221 2682 1400 2725 frondes
1435 2683 1568 2725 etiam
1599 2682 1761 2725 addant
1791 2697 1975 2725 nemora

1131 2747 1396 2790 nemoribus.

1187 2810 1253 2852 23.
1279 2811 1537 2853 Parcendum
1559 2819 1626 2857 es!
1645 2815 1798 2854 animo.
1829 2811 1973 2867 Igno-

1129 2874 1339 2918 scendum
1357 2884 1420 2918 est
1435 2877 1573 2919 menti
1587 2892 1696 2920 meae
1713 2876 1895 2920 adflictae
1909 2908 1921 2930 ,
1938 2874 1975 2919 si

1131 2956 1222 2982 non
1242 2939 1354 2982 facio
1374 2941 1538 2997 optima
1556 2942 1763 2985 carmina.

1185 3007 1249 3058 24.
1266 3006 1507 3049 subducunt
1516 3011 1642 3050 oneri.
1655 3006 1804 3050 Scribe
1818 3008 1975 3049 subdu-

1128 3079 1230 3113 cant
1257 3071 1323 3113 vel
1352 3080 1503 3115 contra
1528 3072 1673 3116 libros.
1693 3073 1753 3115 H.
1773 3095 1830 3105 —
1852 3074 1975 3115 Colla

1122 3144 1306 3191 perusta.
1332 3135 1456 3179 Colla
1483 3138 1628 3181 labore
1653 3148 1907 3189 consumta;
1929 3147 1974 3182 et

1128 3204 1188 3246 ita
1209 3203 1363 3247 adtrita
1380 3236 1391 3257 ,
1417 3213 1466 3247 ut
1491 3214 1663 3259 perusta
1686 3204 1928 3248 videantur.

1183 3272 1250 3311 25.
1268 3271 1518 3312 Justissima
1530 3286 1663 3314 causa
1675 3273 1872 3314 laborum.
1889 3272 1975 3313 La-

1127 3336 1238 3376 boris
1253 3333 1442 3390 quidam.
1458 3334 1572 3391 Lege
1590 3351 1601 3378 z
1618 3353 1640 3372 κ
1658 3336 1734 3390 At,
1749 3344 1870 3391 puto,
1883 3336 1974 3378 fru-

1127 3408 1219 3444 ctus
1241 3399 1360 3443 adest
1378 3399 1607 3455 justissima
1628 3415 1754 3444 causa
1778 3400 1927 3443 labori.
1951 3418 1974 3437 »ν

1180 3468 1246 3511 26.
1256 3469 1316 3510 Et
1324 3475 1422 3511 sala
1434 3485 1526 3512 cum
1541 3469 1839 3523 mullosoenon‘.
1851 3467 1973 3511 Sicut
