2280 3776
223 310 321 361 180

678 310 743 361 P.
801 308 1087 364 OVIDII
1130 306 1502 365 NASONIS

207 425 476 505 Tempore
504 439 656 505 paret
685 446 860 504 equus
888 423 1047 483 lentis
1075 425 1353 486 animosus
1382 425 1646 499 habeniS,

287 519 362 577 Et
387 518 600 601 placido
635 518 803 577 duros
831 518 1034 600 accipit
1060 543 1149 580 ore
1178 521 1376 604 lupos:

205 617 476 698 Tempore
503 616 799 674 Poenorum
826 617 1189 698 compescitur
1213 618 1294 678 ira
1320 617 1539 678 leonum
1556 663 1571 690 ‚
1943 634 1969 676 5

287 699 409 771 Nec¹
428 710 613 771 feritas
643 710 848 783 animo,
881 734 1000 792 quae
1027 711 1132 771 suit
1159 728 1315 784 ante,
1344 727 1560 781 manet:

206 809 453 889 Quaeque
481 807 566 868 sui
592 807 814 866 monitis
844 807 1191 890 obtemperat
1219 810 1355 869 Inda
1380 806 1627 888 magistri

286 901 476 962 Bellua
494 948 509 974 ,
543 902 824 962 servitium
854 916 1096 984 tempore
1124 903 1264 963 victa
1291 904 1443 964 subit
1466 929 1481 964 ε

207 1002 449 1082 Tempus
465 1045 480 1071 ‚
510 1014 573 1058 ut
599 998 831 1059 extentis
856 1013 1060 1059 tumeat
1085 998 1214 1059 facit
1241 1023 1343 1059 uva
1370 999 1594 1061 racemis
1612 1046 1627 1071 ‚

290 1080 508 1179 Vixque
535 1119 747 1156 merum
775 1094 991 1178 capiant
1021 1118 1187 1173 grana
1204 1141 1218 1167 ,
1253 1094 1400 1178 quod
1427 1095 1577 1156 intus
1605 1094 1845 1155 babent:
1924 1125 1972 1152 lo

203 1193 447 1274 Tempus
475 1205 530 1251 et
558 1191 615 1250 in
648 1214 805 1250 canas
828 1213 1012 1250 semen
1038 1190 1295 1273 producit
1321 1191 1515 1252 aristas
1532 1237 1549 1265 ‚

283 1287 359 1344 Et
386 1309 455 1345 ne
485 1285 596 1345 sint
626 1286 771 1346 tristi
800 1309 965 1368 poma
992 1308 1183 1368 sapore
1214 1284 1372 1344 facit:

204 1383 327 1442 Hoc
358 1395 544 1441 tenuat
576 1381 792 1440 dentem
822 1395 992 1441 terras
1020 1381 1332 1442 renovantis
1361 1381 1524 1442 aratri
1544 1427 1560 1453 ,

283 1477 407 1535 Hoc
431 1475 632 1554 rigidas
661 1476 841 1537 silices
858 1524 873 1550 ‚
904 1477 1014 1537 hoc
1043 1476 1324 1563 adamanta
1352 1477 1511 1539 terit:

198 1614 256 1657 tia
269 1613 346 1656 alia
359 1629 382 1655 a
397 1613 618 1670 superiore
633 1621 696 1656 est
714 1623 778 1657 :et
797 1630 934 1671 quum
952 1614 1044 1659 haec

197 1678 421 1735 querelam
454 1679 637 1722 miseriae
669 1695 756 1722 suae
791 1680 1039 1734 continuat,

198 1744 270 1786 illa
291 1752 437 1786 autem
458 1743 804 1800 impetitionem3
828 1744 920 1788 haec
939 1760 1043 1802 pro-

198 1809 358 1852 miscue
383 1808 436 1850 ad
453 1824 605 1852 omnes
619 1809 794 1862 amicos,
812 1809 898 1851 sive
911 1809 1045 1852 lecto-

201 1889 291 1926 res,
312 1871 382 1915 illa
404 1871 456 1914 ad
469 1873 609 1915 solum
623 1889 725 1914 eum
740 1873 861 1927 cujus
876 1889 1043 1917 nomen

201 1953 254 1979 ex
281 1936 613 1979 circumstantiis
647 1936 869 1991 describit,
902 1938 1040 1993 perti-

201 2017 307 2045 nere
327 1999 514 2043 videtur.
535 2001 707 2042 an.

255 2066 293 2107 3.
317 2061 472 2107 lentzlr.
493 2063 782 2107 Flexibilibus.

252 2134 291 2185 4.
304 2133 444 2173 Duros
460 2133 593 2185 lupos.
609 2129 734 2173 Dura
748 2130 893 2174 sraena.
906 2132 1042 2187 Lupa-

195 2206 242 2241 ta
262 2206 408 2239 autem
431 2195 642 2252 intelligit.
674 2195 891 2239 Estenim
909 2199 1042 2250 lupa—

198 2269 303 2311 tum,
327 2261 515 2304 sraenum
531 2276 746 2316 asperum,
763 2277 849 2317 quo
862 2262 963 2317 equi
974 2260 1044 2304 fe-

199 2326 385 2368 rociores
402 2333 675 2368 coercentur:
686 2325 744 2368 sic
757 2325 920 2368 dictum
933 2358 945 2379 ,
963 2341 1042 2367 au-

200 2398 318 2432 ctore
353 2389 506 2431 Servio
526 2422 537 2442 ,
569 2391 595 2430 a
623 2388 779 2444 lupinis
810 2388 1011 2431 dentibus
1028 2420 1040 2443 ,

204 2454 278 2509 qui
299 2453 530 2509 inaequales
550 2462 663 2496 sunt.

254 2522 290 2561 5.
315 2521 607 2573 Compesct'tur.
635 2520 902 2571 Compellitur
926 2517 1042 2560 Mo—

202 2583 298 2627 reti.
318 2584 519 2626 Soevorum
539 2585 700 2624 leonum
720 2582 852 2624 Bern.

255 2666 291 2704 7.
312 2649 422 2690 Inda
440 2650 589 2690 bellua.
618 2646 880 2702 Elephantes
897 2679 909 2699 ,
942 2646 1042 2701 quia

202 2713 408 2768 paulatim
434 2713 646 2769 magistris
673 2728 822 2767 parere
857 2728 1043 2756 consue-

203 2787 361 2820 verunt
377 2793 503 2820 :nam
521 2793 670 2834 regem
691 2776 948 2831 adorabant,
966 2793 1043 2833 ge-

202 2857 288 2883 nua
320 2842 629 2884 submittebant
644 2873 656 2894 ‚
689 2857 868 2884 coronas
901 2841 1043 2897 porri-

200 2906 359 2962 gebant
374 2938 385 2960 ‚
405 2904 582 2949 funibus
595 2906 807 2948 subibant.
829 2906 959 2947 MER.

253 2987 291 3028 9.
306 2973 518 3014 Bac-emis.
539 2971 717 3014 Racemi
745 2972 916 3027 proprie
940 2978 1042 3013 sunt

203 3051 294 3079 uvae
306 3038 498 3080 minores
507 3069 519 3092 ,
531 3037 675 3095 granis
686 3038 950 3088 exilioribus;
966 3035 1049 3091 qui

202 3101 456 3156 plerumque
491 3105 515 3143 a
545 3101 930 3144 vindemiatoribus
961 3101 1040 3144 sub

203 3166 406 3220 pampino
429 3167 609 3209 latentes
632 3166 911 3221 fallentesque
936 3164 1037 3207 reli-

201 3228 279 3282 cti,
302 3238 396 3283 post
410 3229 679 3285 colliguntur.

260 3309 321 3335 11.
350 3295 524 3347 Tempus
537 3301 634 3338 etin
654 3312 800 3338 canas.
821 3295 1040 3351 Tempore

201 3357 332 3400 etiam
370 3356 589 3400 frumenta
619 3370 878 3414 nascuntur,
914 3370 957 3403 et
987 3359 1041 3402 ad

206 3419 503 3465 maturitatem
530 3422 802 3477 perveniunt.
831 3424 882 3466 In
909 3438 1042 3468 canas

1121 1631 1259 1659 semen
1286 1617 1480 1670 perducit
1511 1619 1679 1657 aristas.
1711 1614 1800 1657 Pro
1830 1630 1967 1658 semen

1122 1695 1238 1723 unus
1249 1679 1389 1722 Vatic.
1399 1695 1559 1734 semper
1567 1693 1582 1732 ‚·
1596 1677 1759 1721 Buslid.
1779 1683 1967 1734 spectem.

1123 1743 1238 1800 Lege
1253 1747 1432 1798 spicam,
1456 1742 1523 1785 vel
1536 1751 1712 1798 segetem
1725 1775 1737 1793 ‚
1765 1751 1839 1785 aut
1857 1760 1967 1786 mes-

1121 1821 1235 1860 sem‚·
1269 1822 1348 1863 pro
1359 1809 1555 1862 perducit
1572 1823 1638 1863 pr.
1656 1806 1796 1850 Vatic.
1818 1816 1862 1850 et
1897 1805 1965 1848 alii

1122 1872 1299 1927 plurimi
1322 1874 1537 1927 producet.
1559 1872 1727 1915 HEINS.

1180 1952 1242 1979 12.
1264 1937 1330 1979 Ne
1346 1940 1437 1978 sint
1451 1939 1566 1978 tristi
1575 1952 1706 1990 poma
1724 1952 1870 1991 sapore
1884 1937 1965 1991 sa-

1121 2003 1190 2044 ct't.
1206 2002 1335 2043 Cave!
1344 1998 1565 2056 eleganter
1581 1999 1816 2043 Leidensis.
1831 2002 1891 2043 H.

1181 2066 1242 2108 13.
1265 2067 1443 2108 Dentem
1471 2075 1620 2109 terram
1629 2070 1835 2123 findentis·
1865 2083 1967 2108 ara-

1121 2132 1187 2173 tri.
1211 2127 1345 2172 Multi
1365 2132 1728 2186 termsfiudentzlr,
1755 2130 1823 2173 vel
1847 2134 1964 2172 sciu-

1120 2199 1280 2248 dentis;
1295 2195 1521 2238 Barberin.
1534 2205 1578 2240 et
1590 2205 1676 2253 opt.
1690 2196 1851 2239 Medic.
1864 2211 1967 2239 cum

1122 2259 1292 2303 duobus
1313 2258 1403 2303 aliis
1430 2268 1475 2303 et
1503 2260 1650 2317 priscis
1677 2259 1936 2303 editionibus
1951 2293 1965 2314 ,

1122 2332 1255 2368 terras
1268 2329 1534 2377 renovantis5
1549 2334 1593 2368 et
1611 2325 1748 2381 placet
1763 2340 1773 2367 ε
1791 2341 1966 2368 renova-

1122 2404 1167 2431 re
1189 2396 1338 2430 terram
1352 2403 1431 2444 pro
1443 2404 1563 2431 arare
1574 2389 1727 2445 passim
1743 2397 1909 2432 veteres
1921 2398 1966 2433 et

1123 2454 1283 2502 Noster
1300 2468 1432 2509 saepe;
1451 2462 1502 2497 ut
1514 2453 1624 2496 Met.
1645 2455 1684 2508 1,
1710 2470 1786 2498 110
1802 2468 1811 2495 :
1833 2472 1854 2491 «
1872 2455 1964 2498 Nec

1120 2524 1354 2561 renovatus
1372 2533 1473 2574 ager
1488 2517 1671 2575 gravidis
1683 2519 1862 2562 canebat
1877 2519 1963 2561 ari-

1121 2582 1195 2625 stis
1212 2599 1222 2633 ;
1241 2600 1262 2618 »
1275 2582 1388 2625 infra
1406 2582 1473 2625 El.
1489 2595 1574 2635 ΧΠ,
1590 2584 1641 2625 23
1654 2598 1664 2626 ε
1678 2601 1699 2621 α
1710 2583 1880 2627 Fertilis
1893 2583 1962 2626 ad-

1119 2646 1245 2690 siduo
1254 2646 1387 2689 sinon
1399 2655 1636 2690 renovetur
1649 2656 1807 2698 aratro,
1819 2646 1889 2690 Ni!
1900 2647 1960 2688 ni—

1121 2712 1269 2755 sicum
1281 2711 1415 2767 spinis
1429 2727 1605 2768 gramen
1621 2710 1793 2754 habebit
1808 2726 1919 2766 ager.
1936 2729 1957 2750 υ

1129 2778 1281 2818 Terras
1292 2779 1496 2830 patisntzzr
1514 2791 1578 2831 pr.
1602 2775 1740 2817 Vatic.
1758 2774 1831 2816 An
1846 2774 1957 2818 forte

1119 2839 1396 2882 scribendum
1434 2853 1444 2880 ε
1474 2856 1497 2875 «
1526 2838 1747 2880 Adtenuat
1781 2838 1958 2882 dentem

1122 2915 1293 2960 tempus
1311 2903 1512 2960 patientis
1523 2905 1652 2947 aratri
1669 2937 1680 2958 ,
1700 2922 1722 2942 ν
1738 2913 1786 2948 ut
1808 2906 1959 2949 Amor.

1123 2971 1191 3013 lib.
1204 2972 1246 3025 Ι,
1260 2971 1324 3013 ΕΙ.
1339 2970 1415 3012 ult.
1430 2971 1478 3013 31
1498 2985 1508 3012 :
1531 2988 1553 3007 «
1578 2971 1695 3027 Ergo
1709 2986 1843 3027 quum
1861 2972 1959 3014 sili-

1119 3051 1188 3077 ces
1199 3067 1210 3089 ,
1233 3050 1368 3090 quum
1384 3034 1491 3078 dens
1508 3035 1706 3091 patientis
1725 3035 1854 3079 aratri
1872 3036 1960 3079 De-

1118 3109 1300 3155 pereant
1321 3115 1422 3142 aevo.
1439 3118 1460 3137 »
1481 3100 1646 3143 H'Ems.

1178 3167 1240 3218 14.
1261 3167 1440 3219 Bigidos
1452 3168 1606 3208 silices.
1621 3168 1803 3221 Bzgnuas
1812 3167 1958 3209 melio·
1983 3171 1986 3175 '

1119 3245 1187 3272 res
1209 3245 1365 3286 magno
1386 3246 1596 3285 numero;
1620 3231 1678 3274 sic
1696 3240 1739 3274 et
1760 3231 1871 3275 alibi.
1894 3233 1954 3274 H.

1118 3296 1233 3336 -ln
1255 3311 1300 3337 re
1312 3304 1400 3337 tam
1414 3295 1564 3350 dubia,
1587 3296 1640 3339 ad
1656 3304 1847 3339 veterem
1863 3296 1957 3339 edi—

1119 3366 1266 3400 torum
1282 3357 1515 3402 lectionem
1534 3359 1667 3413 redii,
1689 3360 1787 3416 quia
1802 3360 1844 3402 id
1862 3376 1955 3402 ser—

1119 3423 1311 3467 vandum
1324 3425 1567 3480 arbitrarer,
1582 3424 1700 3469 unde
1713 3425 1872 3482 gratior
1884 3440 1950 3467 au-
