2280 3776
458 293 570 347 EX
612 291 912 347 PONTO
951 292 1117 347 LIB.
1161 292 1276 347 IV.
1318 291 1599 348 EPIST.
1645 296 1838 350 XIII.

1931 296 2038 366 46«-

338 407 534 489 Qualis
565 410 709 470 enim
739 431 956 491 cunque
982 423 1091 479 est,
1123 431 1240 467 non
1268 406 1401 468 latet
1440 431 1558 470 esse
1585 430 1777 470 meam.

256 508 384 590 Ipse
413 531 636 590 quoque
667 521 730 567 ut
759 506 958 566 chartae
987 504 1211 566 titulum
1243 505 1310 566 de
1340 506 1522 567 fronte
1548 507 1776 570 revellas
1796 557 1808 580 ‚

343 604 514 684 Quod
542 606 614 664 sit
643 626 813 687 opus,
842 602 1039 676 videor,
1062 601 1240 662 dicere
1268 625 1432 684 posse
1452 650 1467 674 ‚
1499 618 1672 665 tuum.

259 700 586 782 Quamlibet
615 701 674 761 in
706 700 894 763 multis
924 700 1140 784 positus
1167 723 1399 761 noscere
1425 700 1655 773 libellis,

345 799 556 881 Perque
585 797 900 860 observatas
928 797 1203 858 inveniere
1231 811 1412 858 notas.
1999 837 2042 864 .υ

262 893 521 954 Produnt
547 901 827 955 auctorem
857 894 1029 965 vires,
1060 917 1195 976 quas
1230 894 1467 955 Hercule
1491 895 1686 975 dignas

340 992 637 1063 Novimus,
671 1007 837 1075 atque
865 990 943 1051 illi
961 1039 975 1063 ‚
1005 1015 1172 1075 quem
1202 990 1351 1052 cauis
1369 1039 1384 1062 ‚
1416 1016 1532 1054 esse
1559 1017 1738 1077 pares.

259 1090 336 1148 Et
358 1112 476 1149 mea
507 1089 669 1148 Musa
700 1102 914 1170 potest,
945 1087 1176 1171 proprio
1210 1086 1478 1169 deprensa
1506 1088 1713 1162 colore,

341 1184 584 1264 Insignis
609 1184 758 1245 vitiis
787 1183 1021 1246 forsitan
1051 1207 1168 1244 esse
1199 1182 1333 1244 suis.

256 1283 396 1342 Tam
425 1280 566 1341 mala
596 1281 889 1342 Thersiten
918 1279 1254 1365 prohibebat
1278 1279 1455 1340 forma
1485 1280 1682 1350 latere,
2001 1303 2049 1344 15

343 1379 526 1459 Quam
556 1377 787 1462 pulchra
815 1378 1017 1438 Nireus
1044 1376 1471 1460 conspiciendus
1496 1394 1626 1440 erat.

261 1479 377 1539 Nec
407 1492 460 1538 te
489 1476 700 1550 mirari,
734 1476 778 1537 si
812 1476 924 1537 sint
952 1474 1179 1546 vitiosa,
1208 1473 1427 1535 decebit

347 1571 630 1644 Carmina,
661 1594 780 1654 quae
806 1559 1000 1631 faciam
1029 1593 1182 1653 paene
1213 1585 1379 1652 poeta
1412 1571 1595 1630 Getes.

265 1667 357 1728 Ah
382 1667 587 1751 pudet!
620 1681 675 1727 et
706 1667 903 1727 Getico
933 1666 1127 1749 scripsi
1159 1690 1410 1727 sermone
1439 1665 1688 1727 libellum
1709 1715 1724 1740 ,

348 1764 679 1849 Structaque
708 1779 839 1826 sunt
864 1764 1072 1825 nostris
1099 1764 1334 1825 barbara
1363 1764 1528 1825 verba
1553 1764 1749 1828 modis.
2001 1802 2054 1830 20

265 1865 341 1923 Et
364 1860 575 1946 placui,
608 1876 820 1942 gratare
844 1861 979 1922 mihi
995 1908 1010 1932 ‚
1047 1861 1300 1944 coepique
1326 1877 1522 1945 poetaer

345 1961 500 2021 Inter
525 1959 860 2022 inhumanos
886 1981 1092 2034 nomen
1122 1958 1326 2019 habere
1363 1959 1546 2021 Getas.

263 2059 552 2120 Materiam
583 2059 823 2143 quaeris?
851 2057 1040 2119 laudes
1067 2057 1133 2118 de
1165 2058 1376 2119 Caesare
1403 2058 1515 2118 dixi
1540 2083 1555 2121 τ

262 2198 364 2242 Juv.
380 2197 515 2252 Vnt,
526 2213 586 2241 vs.
599 2198 650 2241 53
665 2212 676 2241 ι
690 2212 714 2234 «ι
729 2195 818 2241 Sed
835 2204 982 2240 vatem
1000 2211 1120 2253 egre-

273 2264 423 2322 gium,
446 2264 521 2308 cui
549 2278 642 2307 non
664 2263 719 2307 sit
737 2263 907 2320 publica
925 2277 1049 2306 vena.
1070 2281 1092 2299 »

321 2333 360 2376 8.
393 2331 520 2385 Quod
543 2333 605 2373 sit
630 2343 734 2384 opus
747 2361 758 2379 ‚
787 2330 941 2371 videor.
962 2326 1119 2370 Malim

273 2397 394 2451 Qnt'd
415 2399 477 2438 sit
498 2409 602 2451 opus
620 2396 774 2438 videar.
803 2393 865 2435 H.
887 2415 943 2425 —·
967 2395 1124 2436 Vt’deor·

263 2476 392 2515 posse
418 2462 569 2504 dez-ere.
598 2458 769 2501 Videor
797 2472 920 2514 posse
945 2457 1118 2500 intelli-

269 2542 370 2583 gere
385 2559 397 2580 ,
422 2526 497 2583 qui
518 2524 681 2583 stylum
704 2531 832 2566 tuum
849 2531 894 2565 et
911 2522 1119 2565 carminis

264 2600 532 2636 structuram
549 2603 775 2646 cognosco.

329 2674 390 2701 n.
420 2658 609 2700 Produnt
624 2663 832 2698 auctorem
854 2658 976 2696 vires.
1003 2651 1116 2695 Car-

267 2723 400 2767 minis
421 2723 485 2767 tui
505 2721 743 2766 sublimitas
771 2719 1023 2764 manifestat
1043 2718 1111 2762 fa-

266 2789 347 2834 cile
367 2797 495 2832 tuum
514 2786 731 2831 scribendi
753 2801 902 2844 genus.
916 2807 975 2818 —
999 2786 1118 2839 Quas

269 2855 450 2898 mnua-
473 2856 627 2908 dignas
647 2854 860 2895 Novimus.
891 2850 1018 2906 Quas
1043 2864 1118 2893 co-

269 2920 501 2976 gnovimus
521 2935 611 2962 esse
638 2917 790 2975 dignas
810 2933 863 2960 eo
888 2917 1008 2970 vii-o,
1037 2931 1119 2959 cu·-

268 2985 338 3041 ius
355 2983 569 3028 laudes-et
586 2991 703 3041 gesta
723 2982 939 3026 describis.

327 3065 390 3092 ur.
415 3051 511 3104 Ipse
522 3064 663 3104 pates.
684 3051 796 3091 Esse
809 3064 937 3103 pates
958 3047 1117 3091 rectius

268 3112 354 3155 atii.
376 3112 547 3156 Hmts.

329 3179 391 3222 13.
410 3180 473 3221 Et
490 3192 586 3220 mea
603 3178 736 3219 Musa
748 3186 899 3232 potest.
922 3177 1046 3221 Sicut
1067 3187 1117 3221 tu

268 3242 541 3298 cognosceris
563 3241 765 3285 carminis
784 3241 1085 3298 magnitudine
1102 3260 1116 3293 ς

270 3307 330 3350 ita
355 3314 399 3350 et
418 3322 499 3363 ego
520 3321 695 3362 possum
718 3307 917 3362 cognosci
941 3307 1121 3364 propria

271 3371 482 3428 qualitate
505 3370 709 3414 carminis
724 3402 735 3424 ,
769 3371 943 3413 obnoxii
970 3370 1118 3415 multis

273 3435 408 3489 vitiis3
429 3435 496 3478 vel
513 3436 600 3478 mei
622 3435 760 3479 luctus
781 3435 953 3480 iudicio.

1263 2195 1324 2238 16.
1353 2200 1490 2250 Quam
1506 2199 1685 2252 pulchra
1707 2200 1871 2243 Nireus.
1894 2201 2053 2246 Nireus

1205 2259 1420 2318 Charopis
1450 2261 1562 2304 filius
1591 2262 1677 2306 suit
1702 2272 1746 2306 et
1770 2265 1969 2322 Aghies,
2001 2285 2053 2311 ex

1202 2325 1342 2383 Syme
1370 2326 1508 2370 insula
1535 2326 1588 2370 ad
1614 2327 1779 2371 bellum
1804 2330 2052 2387 Troianum

1201 2393 1434 2453 profectus.
1456 2393 1608 2450 Quem
1626 2396 1828 2439 omnium
1849 2398 2052 2454 pulcher-

1200 2458 1364 2501 rimum
1379 2458 1512 2502 fuisse
1527 2459 1675 2504 scribit
1694 2461 1921 2506 Homerus
1939 2497 1951 2518 ,
1979 2465 2050 2507 lib.

1198 2523 1242 2566 II
1265 2523 1434 2566 Iliados.

1254 2604 1315 2645 ¹7·
1336 2589 1505 2631 Sisunt
1526 2593 1697 2633 vitiosa.
1717 2592 1769 2633 Si
1790 2597 1881 2635 sint
1904 2593 2047 2650 pleri-

1195 2668 1294 2708 que.
1324 2653 1492 2697 Hssms.
1895 2664 1897 2666 ’

1255 2717 1316 2759 18.
1333 2719 1434 2771 Qun
1440 2717 1613 2772 faciam
1626 2735 1747 2774 pene
1757 2729 1889 2775 pocla
1906 2723 2052 2766 Getes.

1198 2779 1316 2837 Quas
1329 2795 1410 2844 ego
1425 2783 1546 2838 quasi
1560 2792 1688 2840 poeta
1707 2785 1915 2829 barbarus
1928 2805 2049 2832 com-

1196 2861 1313 2902 pono
1328 2863 1338 2889 :
1353 2862 1459 2890 nam
1471 2847 1619 2905 lingua
1633 2847 1788 2893 Getica
1805 2867 1925 2895 nunc
1937 2855 2048 2910 coepi

1196 2911 1391 2954 carmina
1410 2927 1691 2969 componere.

1257 2994 1318 3036 ¹9·
1362 2981 1512 3022 Getico
1537 2995 1725 3023 sermone
1756 2990 1837 3025 etc.
1876 2983 2046 3041 Lingua

1198 3045 1415 3105 Scythica.

1253 3129 1319 3154 20.
1339 3113 1447 3154 &nt
1459 3119 1632 3155 structa.
1659 3113 1775 3157 Sunt
1794 3117 2046 3171 composita.

1198 3179 1433 3220 —Nostris
1462 3179 1610 3220 modzzr.
1649 3178 1855 3223 Numeris
1891 3182 2046 3238 quibus

1198 3241 1365 3285 utimur
1403 3241 1449 3284 in
1491 3242 1756 3286 carminibus
1792 3244 1968 3290 Latinis.
1993 3270 2046 3278 —
2094 3245 2101 3258 “

1198 3310 1394 3350 Barbara
1416 3311 1554 3350 verba.
1575 3310 1723 3352 Verba
1745 3309 1910 3354 Getica.

1254 3390 1320 3414 21.
1358 3375 1522 3415 Placm'.
1560 3375 1733 3417 Placuit
1769 3385 1813 3418 et
1846 3380 1970 3429 coepit
1995 3376 2043 3417 P.

1198 3437 1315 3479 Dan.
1335 3437 1410 3480 sed
1432 3438 1578 3481 minus
1598 3439 1725 3481 bene.
1748 3470 1752 3472 -
