2280 3776
557 285 1737 347 TRISTIURILIB.V.ELEG.V2

1936 315 2034 350 221

348 398 538 485 Nupta
566 402 673 463 fuit
698 402 898 464 misero
929 425 1124 487 nempe
1156 404 1305 487 quod
1332 428 1441 465 una
1467 406 1599 466 viro.

271 497 443 560 Effice
460 547 474 574 ‚
502 514 565 560 ut
594 499 784 562 lliacas
811 514 997 578 tangat
1026 501 1178 584 prior
1205 501 1342 562 alter
1368 525 1589 575 arenas;

354 593 646 655 Laodamia
677 592 816 654 nihil
845 618 941 655 cur
966 594 1230 656 reseratur
1260 596 1379 657 erit.

277 693 352 752 Et
379 706 501 765 tua,
534 690 684 775 quod
710 691 951 766 mallem,
981 694 1156 778 pietas
1189 694 1376 773 ignota
1403 708 1673 766 maneret,

355 789 681 875 Implessent
707 792 854 852 venti
885 792 931 853 si
959 816 1076 854 mea
1101 791 1216 854 vela
1248 794 1349 854 sui.
1989 815 2044 856 σο

279 891 355 951 Di
383 905 562 952 tamen
580 938 594 965 ‚
626 905 680 951 et
708 891 888 951 Caesar
915 891 1019 951 Dis
1045 913 1321 952 accessure
1340 938 1355 965 ,
1388 890 1484 951 sed
1511 890 1640 952 olim
1660 938 1675 965 ,

362 988 658 1072 AEquarint
686 987 871 1071 Pylios
902 1013 1071 1072 quum
1105 1005 1198 1050 tua
1224 989 1335 1050 fata
1363 987 1511 1061 dies;

279 1083 409 1146 Non
436 1082 604 1156 mihi,
637 1083 732 1166 qui
763 1106 982 1166 poenam
1010 1083 1186 1144 fateor
1213 1083 1476 1144 meruisse
1494 1129 1509 1155 ‚
1540 1083 1636 1144 sed
1663 1083 1743 1143 illi

362 1178 601 1251 Parcite,
632 1199 777 1261 quae,
809 1176 964 1244 nullo
986 1178 1152 1258 digna
1181 1178 1402 1251 dolore,
1432 1178 1608 1239 dolet!

279 1320 438 1366 mulier
450 1319 607 1379 insigni
623 1319 709 1364 fide
724 1353 736 1376 ‚
763 1320 957 1379 Migrare
973 1330 1127 1378 sponte

281 1385 418 1430 voluit
438 1401 575 1430 annos
595 1383 641 1429 in
661 1400 760 1430 suos
780 1384 948 1430 Carum
982 1386 1127 1430 mari-

285 1460 396 1496 tum.
411 1450 566 1496 »Hinc
593 1451 792 1509 Propert.
814 1451 886 1495 lib.
909 1452 979 1507 11,
1007 1451 1129 1511 Eleg.

287 1530 345 1571 v,
379 1532 421 1558 v.
440 1517 488 1560 15
508 1533 518 1561 2
552 1533 574 1555 α
599 1515 719 1560 Felix
741 1516 921 1562 Admeti
945 1518 1127 1574 conjux,

286 1589 330 1624 et
343 1579 476 1625 lectus
494 1580 677 1640 Ulyssis,
695 1580 753 1625 Et
768 1597 1050 1639 quaecumque
1070 1582 1135 1625 vi-

286 1643 325 1687 ri
344 1643 509 1688 femina
527 1644 662 1690 limen
677 1654 804 1690 amat.
820 1664 842 1684 w
861 1648 946 1691 Cur
963 1651 1132 1702 cognita

286 1711 408 1752 nobis
431 1709 624 1767 plerique
650 1718 817 1754 veteres
835 1727 846 1754 :
865 1709 974 1754 nihil
994 1719 1131 1755 muto.

334 1772 399 1816 56.
407 1775 564 1818 Mkero
571 1778 673 1819 viro.
681 1773 851 1819 Infelici
864 1775 1022 1820 marito
1036 1773 1134 1819 Ad-

290 1846 421 1883 meto.

1253 1325 1316 1378 57.
1336 1322 1468 1365 Alter.
1490 1321 1640 1378 Quam
1661 1321 1945 1366 Protesilaus:
1961 1326 2052 1380 qui,

1213 1402 1349 1444 quum
1369 1386 1535 1444 primus
1555 1404 1578 1430 e
1595 1387 1691 1430 navi
1714 1386 1757 1429 in
1780 1386 1877 1431 litus
1898 1388 2057 1444 Troja-

1213 1466 1321 1495 num
1345 1450 1661 1506 descendisset,
1684 1450 1848 1507 primus
1862 1451 1915 1496 de
1932 1452 2057 1498 Gre-

1213 1515 1270 1560 cis
1303 1525 1365 1560 est
1391 1515 1673 1568 intersectum
1711 1516 1888 1573 quicum
1923 1526 2057 1575 nupta

1215 1590 1309 1626 erat
1320 1581 1567 1626 Laodamia.

1268 1652 1332 1706 59.
1365 1648 1426 1691 Et
1446 1655 1521 1690 tua
1534 1679 1546 1699 ‚
1566 1649 1680 1703 quod
1699 1650 1858 1692 malles.
1887 1650 2059 1692 Mallem

1217 1712 1338 1769 prior
1349 1711 1551 1756 Politiani
1565 1721 1607 1756 et
1617 1712 1806 1770 optimus
1817 1713 2057 1767 Mediceus,

1214 1792 1315 1820 cum
1359 1778 1570 1833 excerptis
1613 1777 1771 1821 Vossii.
1818 1779 2063 1831 Implessent

1216 1842 1347 1885 etiam
1361 1841 1463 1886 duo.
1484 1842 1649 1887 Hnms.

1795 1992 2050 2001 —————-—

888 2092 1284 2163 ELEGIA
1334 2093 1462 2163 VI.

847 2381 1512 2436 ARGUMENTUM.

328 2515 546 2573 Queritur
564 2531 610 2559 se
631 2515 684 2559 ab
712 2515 853 2560 amico
883 2515 1060 2559 destitui
1092 2532 1102 2559 ε
1127 2516 1416 2573 hortaturque
1451 2515 1574 2559 illurn
1593 2548 1605 2571 ,
1637 2525 1687 2560 ut
1721 2525 1969 2563 constanter
1997 2521 2042 2562 in

707 2586 894 2632 amicitia
915 2587 1136 2644 persistat,
1157 2603 1289 2645 quam
1306 2588 1449 2644 primo
1469 2588 1675 2633 coluerat.

301 2735 417 2823 TU
449 2785 672 2845 quoque
689 2807 704 2832 ‚
736 2775 1052 2821 nostrarum
1079 2759 1360 2843 quondam
1387 2760 1586 2821 fiducia
1617 2785 1799 2823 rerum
1818 2810 1832 2836 ,

381 2859 498 2938 Qui
525 2858 662 2919 mihi
691 2858 1008 2937 confugium
1027 2905 1041 2928 ‚
1073 2857 1169 2941 qui
1197 2857 1334 2917 mihi
1360 2872 1555 2940 portus
1585 2881 1733 2931 eras;

279 2954 390 3015 'Tu
415 2954 585 3015 modo
617 2955 858 3038 suscepti
886 2978 1102 3015 causam
1128 2953 1548 3014 dimittisamici
1564 3002 1579 3028 ‚

358 3098 398 3142 3.
436 3098 500 3140 Tu
515 3114 670 3154 quoque
687 3103 881 3155 suscepti.
903 3098 1017 3142 Illud
1035 3116 1146 3155 quo-

303 3179 382 3220 que
393 3179 445 3205 ex
459 3162 603 3219 primo
616 3178 745 3206 versu
757 3164 993 3219 repetitum
1014 3172 1121 3220 puto
1135 3179 1146 3206 ε

305 3241 410 3270 nam
425 3227 608 3270 Putean.
623 3226 783 3280 Vossii,
802 3236 846 3269 et
859 3235 956 3270 octo
969 3227 1064 3282 alii,
1086 3229 1150 3270 Tu

306 3293 427 3333 modo
452 3296 653 3345 suscepti,
693 3289 807 3346 quod
844 3290 1011 3346 praetuli
1029 3307 1040 3334 :
1057 3301 1150 3345 ete-

310 3355 403 3398 nim
422 3355 492 3398 hic
511 3356 672 3399 amicus
693 3355 867 3399 videtur
889 3356 1008 3413 prius
1027 3373 1155 3400 exsu-

308 3418 360 3463 lis
382 3435 553 3464 causam
580 3420 810 3475 suscepisse
827 3453 839 3475 ,
871 3420 1031 3467 deinde
1063 3422 1155 3466 ite-

1234 3113 1334 3140 rum
1364 3097 1517 3141 leviter
1546 3096 1810 3146 deseruisse;
1839 3103 1888 3137 ut
1911 3111 1962 3138 ex
1990 3104 2080 3140 tota

1234 3162 1369 3219 elegia
1390 3171 1536 3219 patet,
1566 3171 1611 3205 et
1631 3179 1682 3204 ex
1700 3159 1898 3216 sequenti
1919 3177 2046 3204 versu
2064 3195 2077 3217 ,

1234 3236 1320 3271 tam
1337 3232 1550 3283 citopomlf
1562 3243 1665 3270 onus
1677 3229 1702 3271 ?
1718 3227 1806 3269 Pro
1817 3243 1958 3269 cumn
1971 3243 2080 3282 quo-

1235 3309 1319 3348 que
1333 3307 1505 3335 causam
1524 3290 1691 3347 recepi,
1712 3306 1813 3334 cum
1833 3290 2079 3333 Combiano

1234 3357 1344 3399 libro
1371 3389 1382 3411 ,
1431 3356 1530 3412 quia
1567 3355 1721 3398 melius
1752 3354 1986 3410 respondet
2026 3363 2081 3414 τῷ

1236 3424 1429 3475 suscepti.
1453 3423 1595 3464 Causa
1620 3429 1664 3462 et
1686 3434 1787 3462 cura
1811 3417 1964 3462 millies
1983 3435 2009 3461 a
2028 3420 2080 3461 li—
