2280 3776
488 300 932 357 Tnls'rmM
981 303 1151 357 Lm.
1209 286 1359 357 111]
1393 303 1635 359 Eme.
1684 306 1755 359 v.

1894 325 1992 379 117

232 415 312 475 Ut
337 414 538 491 cecidi,
566 417 857 501 cunctique
881 415 1028 479 metu
1061 417 1250 497 fugere
1275 419 1471 491 ruina,
1973 437 1995 477 5

310 514 591 598 Versaque
621 515 870 575 amicitiae
900 529 1048 594 terga
1075 515 1267 576 dedere
1297 540 1462 589 meae3

230 610 414 671 Ausus
443 622 500 670 es
522 610 650 689 igne
677 611 834 672 Jovis
864 635 1182 694 percussum
1213 627 1433 693 tangere
1458 638 1687 699 corpus»,

312 707 388 766 Et
413 705 704 790 deploratae
726 706 891 769 limen
917 707 1065 769 adire
1094 708 1304 771 domus,

233 802 408 887 quue
437 827 622 866 reeens
649 819 900 889 praestas,
929 829 1030 867 nee
1059 804 1228 885 longo
1253 807 1507 886 cognitus
1539 832 1674 882 usu,

313 902 484 982 Quod
510 917 752 965 veterum
780 903 977 966 misero
1007 904 1095 965 vix
1125 904 1237 966 duo
1264 919 1436 966 tresve
1464 906 1616 966 mihi.
1956 936 2004 963 ιι»

233 996 370 1058 Vidi
395 1019 496 1076 ego
528 998 793 1059 confusos
823 996 1040 1071 vu'ltuS‚
1072 999 1326 1082 visosque
1349 999 1559 1072 notavi;

314 1093 510 1176 Osque
534 1093 759 1155 madens
787 1094 948 1167 fletu,
977 1093 1345 1178 pallidiusque
1375 1119 1496 1155 meo
1523 1120 1536 1154 ε

230 1189 306 1252 Et
335 1187 596 1272 lacrymas
624 1214 851 1251 cernens
879 1191 937 1250 in
967 1190 1176 1270 singula
1207 1191 1372 1252 verba
1398 1192 1680 1265 cadentes,

314 1283 428 1345 Ore
454 1307 575 1345 meo
602 1283 895 1369 lacrymas,
925 1285 1152 1347 auribus
1179 1284 1268 1346 illa
1295 1286 1449 1348 bibi:

231 1379 574 1464 Brachiaque
604 1381 787 1466 accepi
813 1396 1010 1445 moesto
1039 1382 1332 1466 pendentia
1365 1382 1535 1456 collo,
1954 1399 2002 1443 15

315 1479 390 1538 Et
416 1478 723 1559 singultatis
752 1479 935 1542 oscula
965 1481 1125 1541 mista
1152 1480 1320 1541 sonis.

239 1573 371 1633 Sum
403 1597 654 1657 quoque,
685 1575 894 1649 Chare,
928 1577 1038 1637 tuis
1070 1576 1326 1637 defensus
1359 1575 1570 1638 viribus
1595 1577 1826 1638 absens:

321 1671 439 1731 Scis
473 1672 744 1745 Charum‚
776 1674 890 1735 veri
916 1673 1158 1735 nominis
1189 1697 1304 1734 esse
1334 1672 1476 1734 loco.

239 1764 529 1850 Multaque
558 1782 815 1852 praeterea
845 1768 1115 1831 manifesti
1145 1770 1299 1850 signa
1326 1769 1528 1831 favoris

318 1865 653 1928 Pectoribus
682 1881 839 1927 teneo
864 1891 976 1927 non
1007 1868 1221 1928 abitura
1251 1867 1405 1929 meisi
1953 1898 2006 1926 20

236 1962 313 2024 Di
340 1962 445 2025 tibi
474 1987 639 2047 posse
666 1978 792 2025 tuos
823 1964 1070 2026 tribuant
1097 1958 1383 2025 defendere
1412 1987 1655 2047 semper,

321 2059 482 2139 Quos
511 2058 570 2119 in
593 2059 816 2139 mate-ria
844 2060 1193 2144 prosperiore
1218 2060 1403 2141 ju'ves!

230 2155 301 2216 'Si
331 2167 509 2219 tamen
536 2156 771 2230 interea,
806 2157 941 2241 quid
970 2159 1024 2218 in
1055 2157 1144 2218 his
1171 2157 1548 2241 ego—'perditus
1578 2156 1720 2229 oriS‚

322 2253 493 2332 Quod
523 2266 576 2314 te
606 2253 863 2314 credibile
894 2268 977 2315 est
1005 2277 1273 2336 quaerere,
1305 2254 1533 2336 quaeriS‚
1565 2255 1761 2332 agam?

245 2347 357 2430 Spe·
381 2349 570 2410 trahor
596 2350 788 2429 exigua
805 2396 820 2422 ,
836 2433 839 2435 -
856 2374 1017 2433 quam
1046 2365 1106 2410 tu
1138 2350 1284 2409 mihix
1302 2349 1514 2410 demere
1537 2349 1683 2422 noli,
1958 2368 2010 2411 25

325 2445 530 2505 Tristia
556 2444 716 2506 leniri
743 2445 969 2504 numina
996 2467 1157 2527 posse
1179 2445 1306 2504 Dei.

300 2589 338 2630 5‘.
362 2588 586 2644 Cunctt'que
604 2602 736 2630 meam
742 2585 893 2642 sugere
911 2590 1085 2630 ruinam.

248 2652 528 2707 Metusugere
544 2651 693 2708 primae
713 2650 939 2704 editiones,
959 2651 1089 2708 prim.

247 2716 390 2760 Vatic.
411 2715 567 2772 aliique
586 2716 710 2759 multi
723 2733 741 2767 ς,
757 2715 873 2772 quod
900 2714 1086 2759 Ciofano

249 2782 485 2827 adridebat.
498 2782 647 2826 Scribe
662 2790 770 2827 metu
768 2782 920 2838 fugere
931 2787 1058 2826 ruine
1066 2816 1077 2833 ‚

247 2855 297 2890 ut
317 2847 504 2904 optimus
525 2846 748 2891 Palatinus
763 2856 806 2891 et
823 2846 1086 2903 Naugeriani

248 2909 416 2956 codices
437 2919 686 2968 agnoscunt.
710 2912 876 2956 Hssms.

298 2992 320 3031 ,ι
333 2991 367 3018 1.
399 2978 604 3032 Vis-osque,
619 2979 773 3019 notavi.
796 2975 871 3018 An
889 2978 1025 3018 videm
1041 2983 1086 3018 et

247 3048 396 3083 notare
413 3054 503 3083 non
528 3048 593 3084 est
612 3055 754 3083 unum
778 3039 982 3096 idemque
1005 3039 1086 3083 hoc

246 3102 372 3147 loco?
395 3112 566 3148 veteres
581 3103 670 3147 fere
689 3119 842 3148 omnes
855 3136 867 3159 ‚
893 3108 1087 3161 virusque

247 3183 347 3212 cum
371 3167 497 3224 prim.
521 3168 647 3212 Pom.
667 3173 831 3225 vimque
854 3173 1004 3212 notavi.
1024 3169 1084 3212 H.

246 3259 301 3269 -—
321 3234 474 3278 Codex
499 3243 647 3278 noster
665 3235 702 3278 A
721 3235 794 3278 dat
809 3268 821 3290 ,
853 3234 1051 3290 confusus
1070 3250 1084 3276 .-

248 3301 377 3344 ambo
400 3308 545 3344 autem
563 3332 574 3354 ,
598 3304 790 3357 wlrosque
806 3305 956 3343 notavi.

309 3380 326 3408 1
335 3369 370 3408 5.
391 3367 655 3421 Brachioque
671 3368 825 3420 excepi.
841 3366 884 3407 A
885 3370 1003 3420 ccept'
1009 3381 1086 3409 ve-

249 3436 363 3475 teres
381 3446 391 3481 ς
413 3438 456 3475 et
473 3430 639 3473 rectius.

1210 2587 1272 2630 18.
1283 2587 1376 2630 Scis
1391 2588 1578 2637 Cbamm,
1590 2592 1683 2631 veri
1689 2593 1878 2631 nominis.
1894 2588 2013 2646 Quia

1169 2653 1348 2695 Chartam
1368 2651 1492 2695 illum
1517 2651 1828 2709 adpellaverat3
1862 2663 2012 2697 osten-

1166 2716 1230 2760 dit
1241 2717 1286 2759 in
1298 2717 1392 2773 ejus
1403 2717 1443 2760 vi
1454 2718 1574 2761 verbi
1587 2733 1741 2761 verum
1756 2719 1919 2761 amoris
1936 2735 2014 2763 no-

1164 2796 1268 2824 men
1291 2781 1505 2839 designari
1523 2798 1534 2825 ε
1558 2783 1671 2845 χάρις
1693 2782 1814 2825 enim
1830 2787 2011 2838 gratimn

1164 2844 1398 2902 siguificat,
1422 2854 1466 2889 et
1480 2863 1672 2892 amorem,
1694 2848 1762 2890 M.
1779 2870 1832 2880 -
1854 2847 2015 2890 Sensus

1164 2918 1251 2953 est:
1272 2909 1470 2969 intelligis
1493 2921 1535 2955 te
1570 2912 1746 2956 interea
1766 2911 1898 2956 Clnari
1931 2928 2014 2954 no-

1164 2974 1309 3029 mine,
1342 2975 1436 3019 loco
1459 2977 1622 3033 proprii
1653 2977 1843 3019 nominis
1867 2975 2015 3032 adpel-

1165 3040 1267 3095 lari,
1289 3041 1465 3098 quando
1484 3043 1709 3099 proprium
1741 3051 1865 3085 tuum
1897 3042 2012 3098 quod

1164 3114 1245 3159 est,
1258 3105 1435 3161 periculi
1448 3123 1573 3151 causa
1586 3124 1748 3164 ponere
1762 3116 1908 3164 aperte
1919 3123 2013 3150 non

1164 3171 1275 3216 licet.
1299 3171 1434 3227 Quod
1446 3180 1722 3229 proptereaa
1741 3181 1866 3227 poeta
1889 3171 2015 3214 addi-

1166 3243 1259 3278 tum
1295 3234 1493 3290 videtur,
1526 3251 1593 3277 ne
1606 3234 1708 3291 quid
1737 3236 1823 3290 ipse
1858 3235 1903 3277 in
1924 3251 2013 3278 no·-

1165 3299 1286 3342 mine
1306 3315 1468 3342 errasse
1490 3298 1726 3341 videretur.
1746 3299 1874 3341 Mmz.

1220 3367 1282 3407 26.
1311 3368 1444 3408 Posse
1464 3367 1562 3408 Dei.
1581 3364 1737 3407 Malim
1770 3367 1895 3418 Deo,·
1915 3380 2018 3408 uam

1168 3430 1287 3474 alter
1302 3429 1429 3473 Polit.
1445 3432 1554 3474 duci.
1569 3429 1735 3474 Htms.
