2280 3776
551 303 1005 361 Tnls‘rmM
1050 304 1325 360 L113.v.
1378 302 1621 358 ELEG.
1670 303 1742 357 v.
1925 323 2030 378 217

876 576 1143 646 ELEG
1169 577 1271 646 IA
1316 578 1396 647 V.

802 880 1462 937 ARGUMENTUM.

274 1010 474 1070 Seipsum
495 1012 696 1059 hortatur
712 1014 762 1058 ad
778 1015 1087 1060 celebrandum
1106 1016 1248 1060 uxoris
1269 1015 1458 1059 natalem
1477 1049 1488 1070 ,
1509 1031 1587 1073 pro
1601 1030 1685 1071 qua
1699 1015 1811 1058 bene
1826 1024 2044 1073 precatur,

326 1082 530 1140 diemque
554 1084 727 1140 laudat,
761 1086 833 1143 qui
856 1102 951 1129 eam
976 1085 1301 1142 elegantissimis
1321 1085 1511 1128 moribus
1533 1086 1574 1127 in
1598 1086 1735 1128 lucem
1770 1084 1947 1141 protulit
1969 1101 1979 1127 ι
2001 1092 2046 1127 et

324 1152 518 1208 quamvis
537 1152 666 1210 digna
687 1163 798 1198 esset
819 1154 999 1198 feliciori
1020 1155 1197 1198 fortuna
1213 1187 1225 1208 ,
1258 1170 1353 1197 eam
1379 1163 1523 1197 tamen
1557 1154 1754 1196 hortatur
1770 1186 1781 1207 ,
1817 1162 1865 1196 ut
1896 1154 2046 1196 omnia

324 1235 445 1276 aequo
473 1221 619 1264 animo
643 1221 756 1265 ferat
776 1239 786 1273 ;
809 1223 841 1265 si
865 1222 1040 1278 quidem
1063 1223 1156 1279 ejus
1174 1222 1336 1276 virtus,
1359 1239 1446 1266 non
1471 1223 1552 1266 nisi
1574 1223 1618 1265 in
1643 1222 1827 1266 adversis
1860 1223 2046 1279 perspici

322 1291 465 1348 possit.
489 1290 682 1335 Demum
706 1292 823 1335 Deos
845 1300 1044 1348 precatur
1062 1325 1074 1347 ‚
1107 1302 1180 1346 ut,
1203 1293 1235 1336 si
1256 1292 1396 1336 nolint
1421 1293 1500 1336 sibi
1524 1309 1720 1350 parcere,
1751 1292 1903 1337 saltem
1925 1292 2045 1336 uxori

321 1357 549 1403 innocenti
568 1360 804 1417 ignoscant.

273 1487 584 1576 ANNUUS
613 1513 900 1574 adsuetum
932 1513 1165 1575 dominae
1194 1513 1390 1574 natalis
1421 1514 1689 1575 honorem

353 1611 543 1690 Exigit
566 1636 578 1672 ε
603 1610 676 1673 ite
705 1634 898 1673 manus
924 1612 993 1671 ad
1023 1611 1111 1694 pia
1137 1634 1286 1671 sacra
1312 1633 1458 1671 meae.

275 1707 364 1769 Sic
393 1708 698 1791 quondam,
729 1709 927 1770 festum
954 1707 1205 1769 Laertius
1235 1707 1408 1786 egerit
1431 1706 1593 1766 heros

352 1807 561 1866 Forsan
591 1806 646 1864 in
678 1819 918 1866 extremo
948 1805 1200 1886 conjugis
1230 1803 1363 1863 orbe
1391 1802 1551 1863 diem.

271 1900 488 1979 Lingua
514 1900 700 1960 favens
729 1901 900 1973 adsit,
932 1899 1225 1980 longorum
1254 1899 1424 1960 oblita
1454 1898 1754 1970 malorum3
2022 1914 2047 1955 5

355 1999 519 2079 Quae,
548 2014 713 2082 putu,
742 1998 1004 2059 dedidicit
1028 1998 1137 2080 jam
1164 1998 1312 2059 bona
1337 1997 1502 2058 verba
1529 1995 1714 2079 loqui:

271 2097 519 2180 Quaeque
543 2094 707 2171 semel
737 2110 859 2156 toto
888 2096 1054 2158 vestis
1082 2096 1219 2156 mihi
1246 2097 1485 2157 sumitur
1512 2118 1686 2167 annu,

334 2193 613 2254 Sumatur
638 2193 766 2254 fatis
795 2192 1030 2256 discolor
1056 2193 1180 2255 alba
1206 2194 1342 2255 meis
1364 2219 1376 2253 :

270 2290 490 2373 Araque
519 2291 797 2370 gramineo
829 2291 1018 2352 viridis
1047 2291 1113 2351 de
1141 2291 1343 2374 cespite
1373 2289 1492 2361 fiat;

354 2388 428 2446 Et
453 2385 596 2447 velet
621 2387 1003 2469 tepidosnexa
1032 2410 1231 2446 corona
1255 2387 1429 2446 focos.
1997 2414 2045 2441 ιο

271 2482 361 2542 Da
387 2481 523 2542 mihi
553 2497 699 2555 tura,
727 2507 893 2565 puer,
923 2484 1158 2566 pingues
1187 2482 1439 2544 facientia
1465 2480 1705 2541 flammas
1722 2527 1736 2552 ‚

356 2577 635 2662 Quodque
663 2579 758 2662 pio
787 2580 970 2640 fusum
1002 2579 1199 2640 stridat
1225 2580 1284 2639 in
1312 2580 1437 2658 igne
1462 2603 1686 2640 merum.

275 2674 503 2759 Optime
531 2674 728 2736 natalis
747 2723 761 2749 ‚
794 2675 1038 2758 quamvis
1065 2675 1261 2759 procul
1288 2676 1548 2737 absumus
1565 2724 1579 2749 ‚
1611 2691 1746 2759 opto

357 2773 638 2834 Candidus
666 2775 775 2834 huc
802 2775 983 2835 venias
1000 2821 1015 2848 ‚
1048 2774 1438 2858 dissimilisque
1461 2799 1617 2836 meo:

318 2914 358 2956 3.
372 2917 565 2960 Laertius
573 2925 714 2973 egerat
723 2917 1022 2961 heros.Malim
1033 2934 1119 2974 ege·
1201 2898 1427 2962 ornabant.
1449 2918 1646 2962 Feminae
1665 2933 1770 2962 vero
1790 2917 1960 2960 Junoni
1977 2933 2044 2960 sa-

275 2983 342 3022 rit.
360 2979 536 3039 Ulysses
558 2983 723 3026 Laertis
747 2983 873 3027 filius.
1202 2985 1468 3030 crificabant.

330 3045 369 3098 4.
383 3045 507 3088 Diem
508 3045 671 3100 festum
691 3049 894 3105 conjugzk.
919 3047 1121 3092 Natalem
1262 3068 1278 3093 1
1291 3068 1324 3093 1.
1342 3053 1419 3094 Da
1432 3053 1654 3102 mihitura,
1668 3065 1783 3106 puer.
1802 3050 1940 3102 Tura,
1956 3046 2049 3090 alii·

277 3110 422 3154 uxoris
442 3111 694 3169 Penelopes.
1203 3134 1287 3174 que
1307 3118 1437 3161 etiam
1456 3117 1612 3161 odores
1626 3151 1638 3171 ,
1664 3116 1822 3161 eodem
1845 3115 1915 3159 die
1937 3123 2046 3158 ute-

332 3179 371 3221 5.
384 3180 624 3223 Nostrorum
639 3184 769 3223 oblita
784 3185 998 3226 malorum.
1010 3184 1118 3225 Lon·
1202 3182 1373 3226 bantur.
1391 3182 1550 3225 Tibull.
1574 3183 1644 3225 lib.
1667 3182 1712 3225 II
1729 3214 1739 3235 ‚
1764 3180 1884 3238 Eleg.
1905 3194 1964 3234 11,
1986 3197 2045 3223 vs.

276 3262 417 3302 goram
437 3245 725 3290 Buslidianus.
746 3248 911 3292 HEINS.
1205 3250 1229 3291 3
1241 3265 1290 3304 sq
1304 3260 1315 3291 ⁸.
1331 3266 1351 3285 «
1369 3249 1573 3292 Urantur
1592 3248 1661 3306 pia
1674 3256 1771 3291 tura
1785 3247 1907 3301 focis,
1924 3263 2050 3290 uran-

334 3329 375 3371 9.
403 3313 570 3367 Araque
584 3316 794 3367 gramineo
814 3316 960 3357 vz’r1‘d12e
982 3317 1034 3358 de
1048 3330 1118 3358 ce-
1204 3322 1277 3357 tur
1298 3313 1454 3356 odores
1467 3347 1479 3367 ‚
1504 3313 1631 3370 Quos
1654 3323 1780 3357 tener
1800 3329 1824 3355 e
1841 3321 1955 3355 terra
1974 3311 2045 3354 di—

282 3379 478 3433 spitefiat.
488 3376 632 3420 Genio
640 3378 828 3421 natalem
839 3378 1120 3435 celebrantes,
1205 3379 1291 3422 vite
1309 3379 1446 3422 mittit
1467 3379 1619 3422 Arabs.
1642 3396 1663 3416 υ

286 3456 403 3484 aram
423 3442 669 3500 erigebant,
690 3459 821 3499 quam
835 3442 981 3489 floreis
1000 3444 1124 3490 sertis
1264 3436 1327 3500 14ss
1351 3447 1578 3489 Candidus.
1600 3444 1731 3488 Felix,
1756 3444 1885 3487 Mun.
