2280 3776
485 324 596 379 EX
636 323 945 380 PONTO
983 324 1152 378 LIB.
1197 325 1283 379 11.
1326 323 1608 380 EPIST.
1653 327 1727 380 Χ.
1892 330 2000 385 363

799 596 1312 671 EPISTOLA
1359 602 1442 670 X.

941 879 1295 942 MACRO.

814 1168 1331 1221 ARGUMENTU
1347 1170 1414 1218 M.

235 1292 308 1337 Ad
324 1291 526 1338 Macrum
545 1299 719 1349 poetam
739 1291 928 1336 scribens
945 1325 956 1347 ‚
987 1291 1133 1336 multis
1154 1291 1322 1335 indiciis
1342 1292 1559 1345 ostendit,
1589 1292 1747 1338 debere
1777 1310 1877 1338 eum
1909 1313 1999 1341 enee

288 1375 534 1405 memorem
557 1359 622 1404 sui
638 1392 649 1414 ‚
670 1367 715 1403 et
734 1359 923 1416 pristine
950 1358 1147 1403 amicitie
1168 1374 1177 1402 t
1202 1358 1325 1415 cujus
1345 1359 1512 1403 fructus
1532 1368 1576 1403 et
1609 1360 1767 1403 amoris
1795 1361 1913 1419 signa
1929 1397 1940 1415 ,
1972 1364 2006 1406 si

291 1429 352 1474 illi
371 1430 416 1473 in
440 1437 636 1473 mentem
661 1429 863 1475 venerint
881 1462 892 1483 ,
919 1429 1021 1474 dicit
1041 1446 1085 1474 se
1107 1429 1330 1474 absentem
1355 1428 1556 1474 futurum
1576 1430 1635 1474 iui
1657 1440 1862 1487 tanquam
1884 1449 2003 1489 prae-

233 1512 237 1532 ¹
290 1509 460 1544 sentem
481 1515 654 1558 semper
673 1508 774 1545 ante
796 1499 943 1545 oculos
963 1514 973 1543 :
994 1498 1110 1558 quod
1138 1508 1186 1544 ut
1204 1499 1291 1558 ipse
1316 1515 1487 1557 quoque
1505 1499 1666 1548 efficiat
1686 1500 1880 1557 impense
1906 1518 2005 1559 pre·

290 1577 413 1612 catur
429 1577 569 1626 poeta.

238 1673 543 1771 Echn
572 1698 644 1760 ab
669 1698 944 1782 impressae
974 1698 1266 1777 cognoscis
1296 1698 1529 1777 imagine
1560 1722 1783 1776 gemmae

319 1797 450 1856 Haec
475 1794 578 1856 tibi
603 1797 876 1856 Nasonem
906 1795 1140 1855 scribere
1169 1795 1359 1867 verba,
1393 1797 1616 1856 Macer?

235 1887 606 1972 Auctorisque
637 1890 721 1950 sui
753 1890 800 1950 si
829 1913 945 1950 non
972 1904 1057 1950 est
1084 1888 1321 1951 annulus
1351 1889 1543 1962 index,

320 1985 627 2066 Cognitane
655 2001 737 2048 est
765 2002 956 2047 nostra
983 1986 1141 2046 litera
1170 1985 1309 2047 sacta
1338 1987 1547 2049 manu?

232 2083 324 2145 An
354 2083 455 2149 tihi
481 2084 735 2146 notitiam
764 2109 916 2147 mora
945 2085 1209 2168 temporis
1238 2084 1403 2167 eripit
1435 2085 1679 2147 horum?

314 2183 430 2244 Nec
455 2195 718 2269 repetunt
741 2182 888 2243 oculi
916 2182 1069 2262 signa
1100 2195 1312 2241 vetusta
1342 2181 1465 2241 tui?

236 2280 324 2343 Sis
346 2278 476 2342 licet
502 2278 710 2345 oblitus
737 2280 941 2363 pariter
970 2301 1302 2360 gemmaeque
1327 2302 1662 2361 manusque,

314 2373 594 2442 Exciderit
619 2388 833 2435 tantum
857 2397 927 2433 ne
957 2374 1061 2432 tibi
1091 2395 1217 2431 cura
1245 2373 1368 2432 mei.

237 2462 419 2550 Quam
447 2485 508 2533 tu
537 2469 623 2532 vel
653 2469 809 2548 longi
835 2469 1005 2534 debes
1034 2466 1378 2529 convictibus
1409 2468 1532 2541 aevi,

317 2567 423 2628 Vel
447 2593 566 2634 mea
594 2569 744 2654 quod
776 2569 976 2652 conjux
1002 2591 1115 2627 non
1142 2566 1316 2628 aliena
1346 2566 1482 2637 tibi3
1968 2601 2016 2627 ιο

233 2665 341 2730 Vel
365 2666 590 2739 studiis,
625 2667 830 2750 quibus
868 2690 954 2739 eS‚
986 2689 1148 2748 quam
1177 2689 1306 2737 nos»,
1340 2663 1639 2747 sapientius
1670 2690 1834 2738 usus;

316 2765 504 2848 thue
536 2764 717 2838 decet,
747 2763 900 2825 nulla
925 2763 1101 2824 factus
1131 2787 1188 2823 es
1214 2765 1350 2822 Arte
1375 2786 1597 2823 nocens.

235 2861 325 2925 Tu
351 2862 502 2926 cauis
530 2877 732 2925 aeterno
761 2860 1025 2945 quicquid
1048 2861 1293 2922 restabat
1322 2862 1566 2922 Homero
1588 2908 1604 2932 ‚

295 3013 329 3040 ι.
348 2998 537 3054 Imagme
567 3015 682 3043 ceroe.
707 3000 887 3042 Gemmae
908 2998 1083 3056 Fragm.
1166 2996 1397 3042 reducunt.
1428 3020 1484 3028 —
1511 2998 1641 3052 &gua
1670 3006 1848 3042 uetusta.
1881 3000 2014 3045 Anti-

234 3061 553 3120 Boxhormiiet
571 3064 775 3108 Francos.
792 3063 989 3122 quamvis
1009 3081 1083 3107 ve·
1167 3076 1297 3118 quam
1318 3060 1556 3116 imaginem
1574 3062 1724 3106 annuli
1746 3063 1848 3106 mei.

235 3143 288 3171 ro
305 3126 522 3184 vulgatam
550 3127 730 3175 defendi
759 3145 881 3186 posse
914 3130 1047 3173 sciam
1068 3162 1081 3184 ,
1225 3143 1285 3171 11.
1306 3127 1387 3168 Vel
1392 3129 1558 3169 studiis.
1573 3126 1866 3181 Subaudi,vel
1884 3144 2016 3184 quam

236 3192 397 3238 rectius
424 3200 576 3238 tamen
605 3209 706 3239 meo
731 3194 892 3249 judicio
910 3210 1082 3252 gemma
1164 3206 1314 3234 curam
1332 3189 1421 3232 mei
1438 3189 1569 3234 debes
1589 3192 1896 3236 communibus
1917 3201 2016 3236 stu—

237 3257 395 3301 dicitur
424 3256 645 3314 imprimi,
685 3274 817 3315 quam
855 3275 955 3303 cera
971 3291 982 3313 ‚
1013 3260 1083 3303 cui
1166 3255 1271 3300 diis:
1290 3254 1370 3314 (ut
1380 3255 1594 3311 diximus)
1611 3257 1811 3303 homines
1826 3258 2013 3303 invicem

239 3336 413 3377 gemma
428 3321 643 3378 imprimit
659 3322 924 3380 imaginem;
946 3330 990 3366 et
1003 3322 1086 3367 hoc
1167 3325 1396 3369 conciliare
1415 3327 1554 3371 solent
1578 3343 1626 3371 ac
1646 3328 1822 3373 debent.

240 3386 527 3432 confirmatur
546 3404 647 3432 mox
662 3421 675 3444 ,
697 3404 805 3433 vers.
830 3406 869 3445 7.
895 3389 948 3432 Β.
1224 3392 1285 3435 13.
1317 3393 1532 3448 Quidquid
1544 3397 1742 3439 restabat.
1785 3394 2013 3451 Quidquid

295 3452 335 3494 6.
360 3455 448 3497 Nec
471 3460 668 3509 repetunt.
697 3455 790 3499 Nec
825 3456 1085 3500 memoriam
1164 3466 1262 3514 post
1282 3473 1334 3502 ea
1365 3474 1462 3515 quae
1490 3459 1580 3516 ipse
1609 3461 1879 3517 composuit,
1902 3478 2012 3518 per-
