2268 3848
280 257 350 327 48
735 259 802 313 P.
860 210 1160 314 ov1D1³1
1203 256 1582 315 NASONIS

359 373 485 434 Sive
512 396 652 457 opus
682 389 763 436 est
791 399 941 435 remo
959 424 972 449 ,
1004 375 1207 454 remige
1239 376 1417 460 carpit
1446 377 1566 436 iter.

277 471 394 531 Nec
426 471 654 532 comites
685 470 897 531 volucri
930 487 1185 533 contenta
1215 488 1296 533 est
1325 474 1540 534 vincere
1571 496 1767 546 cursu3
2042 486 2067 530 5

354 570 619 651 ¹Occupat:
652 591 895 647 egressas
926 568 1230 651 quamlibet
1259 585 1382 630 ante
1408 584 1569 629 rateS.

276 664 351 723 Et
381 663 593 746 patitur
619 663 820 723 fluctus
841 710 855 736 ,
885 663 1101 746 fertque
1130 664 1440 724 adsilientia
1471 665 1638 743 longe

360 760 639 842 AEquora,
671 783 774 819 nec
803 760 956 829 saevis
985 759 1092 820 icta
1125 759 1330 819 fatiscit
1358 761 1534 843 aquiS.

274 856 377 918 Illa
395 905 409 930 ,
445 858 811 918 Corinthiacis
839 857 1085 939 primum
1114 857 1251 916 mihi
1282 857 1503 937 cognita
1530 858 1822 932 Cenchris,

355 957 492 1016 Fida
522 971 704 1017 manet
734 955 961 1039 trepidae
989 954 1213 1038 duxque
1248 980 1543 1040 comesque
1570 957 1738 1036 fugae3
2016 988 2062 1016 ιο

276 1055 494 1139 Perque
529 1070 615 1116 tot
642 1069 898 1128 eventus,
915 1051 985 1115 'et
1011 1053 1221 1137 iniquis
1246 1055 1457 1116 concita
1487 1056 1664 1116 ventis

357 1155 605 1238 AEquora
624 1201 638 1224 ‚
669 1152 912 1238 palladio
943 1152 1169 1213 numine
1200 1166 1318 1212 tuta
1347 1142 1470 1212 fuit.

276 1252 442 1312 Nunc
479 1274 701 1334 quoque
735 1264 852 1310 tuta
874 1297 887 1322 ,
917 1272 1137 1333 precor,
1164 1248 1303 1308 vasti
1334 1263 1480 1309 secet
1507 1248 1648 1308 ostia
1677 1248 1878 1321 Ponti,

361 1348 630 1430 Quasque
656 1346 823 1429 petit,
862 1345 1035 1405 Getici
1066 1344 1248 1405 litoris
1274 1345 1443 1406 intret
1468 1370 1655 1429 aquas.

279 1444 422 1524 Quae
451 1440 615 1502 simul
649 1440 844 1502 AEoliae
873 1465 1021 1501 mare
1048 1465 1134 1501 me
1173 1440 1399 1500 deduxit
1427 1441 1482 1500 in
1512 1439 1726 1512 Helles,
2021 1457 2067 1496 15

364 1543 439 1601 Et
467 1539 696 1617 longum
730 1537 880 1599 tenui
908 1537 1083 1598 limite
1110 1537 1239 1598 fecit
1267 1537 1397 1610 iter3

275 1706 424 1753 habet,
457 1717 548 1745 non
581 1701 634 1745 ad
667 1701 948 1756 Minervam,
972 1701 1049 1745 sed
1079 1701 1131 1744 ad

276 1786 441 1814 nomen
459 1769 607 1824 navis,
626 1767 914 1812 referendum
930 1767 1130 1812 videtur:

278 1845 328 1878 ut
352 1835 643 1892 intelligamus
657 1834 793 1890 ipsam
810 1849 969 1876 navem
983 1849 1005 1875 a
1019 1833 1132 1889 picta

278 1899 397 1955 galea
412 1932 423 1953 ,
454 1906 685 1961 κομυθαίολον
703 1931 714 1952 ,
743 1907 817 1941 aut
840 1898 968 1941 simili
990 1897 1132 1954 aliquo

278 1964 539 2020 cognomine
566 1963 822 2020 appellatam
842 1963 988 2006 fuisse.

333 2032 371 2074 8.
394 2032 483 2074 Nec
500 2035 624 2073 ,τα-νὼ·
644 2035 759 2073 victa
773 2033 982 2072 madescit
997 2035 1131 2086 aquis.

278 2098 374 2139 Icta
383 2096 564 2151 fatiscit
589 2094 676 2137 duo
704 2104 875 2138 veteres
897 2112 907 2146 ;
944 2095 1060 2151 quod
1089 2103 1133 2137 et

278 2162 324 2203 in
350 2160 595 2203 Erfurtano
619 2160 919 2217 Zinzerlingus
939 2160 1133 2203 invene-

279 2235 372 2277 rat;
397 2226 521 2268 multi
545 2225 614 2268 alii
636 2229 725 2268 icta
745 2228 972 2268 madescit:
987 2225 1132 2268 minus

278 2293 391 2335 bene
407 2308 417 2343 ;
435 2290 635 2333 Valerius
658 2290 834 2333 Flaccus
857 2289 909 2333 de
932 2289 1133 2347 Halcyo-

277 2373 389 2399 num
405 2355 510 2398 nido
525 2355 596 2398 lib.
618 2357 638 2399 l
657 2369 666 2396 :
684 2373 704 2392 «
723 2357 814 2399 Icta
832 2354 991 2397 fatiscit
1011 2354 1132 2410 aquis

280 2422 421 2465 donec
434 2422 605 2473 domus,
623 2421 859 2477 haustaque
874 2419 1010 2462 fluctu
1023 2429 1130 2462 esto·

281 2488 433 2530 dubito
459 2494 605 2530 tamen
633 2503 688 2529 an
718 2502 808 2529 non
832 2494 876 2529 et
895 2486 980 2529 illic.
1007 2487 1133 2528 Victa

278 2554 332 2595 sit
360 2551 608 2609 legendum.
645 2550 780 2594 Certe
815 2549 929 2606 apud
967 2549 1131 2591 Maro-

279 2634 408 2672 nem,
434 2617 536 2661 AEn.
563 2619 609 2670 l,
640 2633 717 2659 120
741 2632 750 2660 ε
776 2634 797 2653 «
820 2617 924 2658 Jam
943 2613 1130 2657 validam

279 2682 434 2725 Ilionei
456 2697 642 2735 navem,
675 2682 765 2736 jam
795 2680 919 2723 fortis
953 2680 1131 2722 Achata:

281 2749 402 2792 Vicit
419 2747 572 2806 hyems
597 2764 606 2798 ;
635 2765 657 2785 »
688 2745 912 2799 Tibullus,
941 2745 1050 2787 libro
1078 2746 1123 2799 l,

282 2815 405 2872 Eleg.
432 2827 480 2855 vt
500 2830 509 2856 :
531 2832 552 2851 «
580 2815 681 2856 Heu
714 2813 910 2856 canimus
939 2811 1131 2855 frustra:

279 2895 362 2922 nec
383 2877 523 2921 verbis
537 2878 646 2921 victa
663 2877 821 2921 fatiscit
835 2877 1001 2920 Janua!
1020 2894 1040 2913 »ι
1059 2876 1132 2920 Sic

280 2945 450 2989 codices
476 2944 565 2986 duo
589 2945 774 2997 vetusti,
800 2960 890 2987 non
912 2949 1127 2999 patescit,-

280 3011 404 3068 Virg.
437 3011 541 3052 AEn.
567 3011 614 3063 I,
645 3026 718 3051 122
741 3027 750 3054 :
777 3028 797 3046 «
824 3010 926 3052 laxis
945 3010 1133 3052 laterum

280 3076 558 3132 compagibus
572 3091 726 3118 omnes
744 3074 975 3130 Accipiunt
989 3073 1132 3117 inimi-

282 3159 382 3185 cum
395 3143 581 3185 imbrem
595 3175 607 3195 ,
626 3142 834 3197 rimisque
855 3141 1088 3193 fatiscunt3
1107 3159 1129 3178 »

281 3208 400 3250 idem
416 3240 427 3260 ,
451 3207 627 3250 AEneid.
656 3208 721 3250 IX
738 3240 749 3261 ,
770 3224 829 3251 vs.
849 3210 930 3267 809
950 3222 960 3250 :
981 3225 1001 3244 «
1023 3206 1131 3251 saxis

279 3274 415 3318 solida
436 3290 519 3316 aera
538 3274 756 3317 fatiscunt.
771 3293 792 3312 »
810 3275 976 3317 HEINS.

321 3355 361 3398 9.
383 3342 566 3382 Primum
584 3341 868 3394 mt'ht‘cogm'ta
879 3343 1012 3382 terris.
1029 3342 1131 3383 Cen·

280 3411 418 3454 cleris:
447 3420 550 3449 nam
575 3406 903 3461 Peloponnesus
920 3407 937 3459 (
953 3415 1129 3449 auctore

1210 1699 1329 1744 Plin.
1342 1699 1414 1743 lib.
1435 1700 1517 1753 IV,
1532 1714 1623 1755 cap.
1642 1698 1695 1753 4)
1714 1697 1827 1755 jacet
1848 1696 1964 1740 inter
1980 1694 2069 1738 duo

1216 1766 1352 1809 maria
1369 1799 1381 1820 ,
1407 1765 1597 1822 AEgeum
1618 1773 1662 1808 et
1682 1763 1882 1816 Ionium,
1906 1763 2068 1820 platani

1213 1832 1323 1875 folio
1354 1831 1504 1875 similis
1531 1839 1712 1888 propter
1738 1828 1966 1886 angulosos
1986 1845 2068 1870 re-

1214 1913 1368 1941 cessus.
1403 1898 1612 1954 Angustia
1637 1928 1649 1950 ,
1688 1895 1808 1938 unde
1840 1893 2036 1951 procedit
2054 1925 2066 1947 ,

1214 1962 1398 2006 isthmos
1411 1961 1663 2020 appellatur.
1683 1963 1734 2005 ln
1749 1977 1803 2004 eo
1816 1960 1910 2003 loco
1923 1976 2067 2003 erum-

1214 2037 1326 2085 punt
1341 2045 1363 2070 e
1380 2027 1551 2071 diverso
1566 2061 1577 2083 ,
1600 2042 1696 2083 quae
1709 2025 1820 2069 dicta
1836 2034 1954 2078 sunt,
1974 2040 2071 2066 ma-

1215 2093 1278 2136 ria
1300 2109 1309 2135 :
1329 2091 1638 2136 Corinthiacus
1655 2091 1779 2144 hinc,
1800 2089 1918 2132 illinc
1934 2089 2069 2132 Saro-
2128 2108 2130 2110 ·

1213 2160 1338 2203 nicus
1351 2160 1592 2217 appellatur
1604 2159 1735 2202 sinus.
1750 2157 1932 2200 Lecheae
1949 2156 2066 2208 hinc,

1206 2224 1462 2282 ‚Cenchreae
1480 2223 1599 2268 illinc
1615 2257 1627 2278 ,
1654 2223 1954 2280 angustiarum
1976 2230 2067 2263 ter-

1214 2292 1323 2334 mini
1340 2291 1472 2348 longo
1487 2300 1531 2334 et
1544 2290 1719 2347 ancipiti
1733 2290 1912 2332 navium
1929 2287 2067 2331 ambi-

1214 2365 1274 2399 tu.
1296 2356 1384 2399 Sed
1408 2365 1556 2399 tamen
1579 2364 1623 2398 et
1651 2359 1769 2398 terns
1808 2370 1899 2396 non
1927 2368 2066 2409 usque

1214 2421 1324 2464 adeo
1350 2420 1631 2464 incommode
1653 2420 1843 2477 legetur,
1872 2435 1952 2476 pro
1982 2422 2067 2461 oris

1212 2487 1373 2531 scilieet
1385 2496 1626 2544 acceptum.
1645 2487 1694 2529 In
1712 2488 1908 2528 Cenchris
1917 2493 2065 2532 autem
2107 2534 2110 2537 Ι

1213 2552 1345 2596 etiam
1380 2552 1519 2607 figura
1552 2551 1756 2610 synizesis
1795 2549 2066 2602 admittenda

1214 2628 1281 2662 est
1302 2635 1311 2662 :
1331 2629 1377 2662 ut
1402 2621 1621 2662 Cenchreis
1643 2618 1930 2678 trissyllabum
1947 2649 1958 2669 ,
1983 2632 2066 2672 pro

1214 2683 1443 2741 dissyllabo
1459 2683 1503 2725 in
1521 2683 1744 2726 scansione
1762 2682 1920 2724 veniat.
1935 2682 2063 2723 MER.

1274 2765 1289 2791 1
1299 2766 1335 2792 α.
1355 2752 1554 2792 Palladio
1570 2753 1732 2793 nomine
1746 2748 1948 2803 tutasuit.
1964 2749 2063 2791 Im·-

1214 2830 1288 2857 mo
1301 2813 1423 2869 fitgit
1437 2830 1538 2857 cum
1562 2813 1826 2856 melioribus.
1844 2814 2009 2857 Hnms.

1274 2881 1335 2922 13.
1364 2882 1488 2922 Ostia
1507 2880 1638 2922 Ponti
1656 2886 1777 2923 secet.
1811 2880 1935 2921 Ostia
1963 2887 2065 2921 sunt

1215 2946 1355 2990 aditus
1376 2946 1611 2989 fluminum
1634 2947 1677 2988 in
1701 2963 1833 2989 mare.
1859 2948 2003 2989 PONT-

1275 3018 1335 3057 15.
1370 3016 1418 3055 In
1445 3028 1573 3057 mare.
1605 3014 1657 3056 In
1690 3013 2026 3068 Hellespontum
2052 3029 2061 3055 z

1213 3094 1315 3121 nam
1343 3094 1462 3120 mare
1489 3078 1567 3120 alia
1591 3078 1680 3120 aliis
1699 3078 1959 3133 cognomina
1983 3094 2063 3119 ac-

1213 3145 1326 3201 cepit
1342 3160 1352 3187 ;
1366 3145 1438 3187 ubi
1454 3144 1574 3187 enim
1588 3146 1780 3200 primurn
1796 3160 1840 3186 se
1857 3152 2062 3196 coarctat,

1214 3212 1528 3264 Hellespontum
1555 3225 1786 3259 vocamus;
1816 3209 1888 3251 ubi
1917 3225 1961 3251 se
1989 3225 2064 3250 ex-

1213 3274 1393 3332 pandit,
1416 3277 1637 3328 Propontis
1667 3273 1826 3316 dicitur
1847 3291 1856 3323 ς
1886 3273 1958 3315 ubi
1981 3273 2064 3315 ite-

1212 3357 1313 3384 rum
1334 3357 1378 3383 se
1396 3341 1569 3397 pressit,
1601 3342 1806 3382 Thracius
1821 3341 2035 3394 Bosporus
2045 3353 2061 3392 ,·

1213 3406 1288 3448 ubi
1303 3407 1463 3448 iterum
1476 3422 1519 3448 se
1536 3405 1748 3459 effundit,
1767 3405 2063 3447 PontusEuxt‘-
