2280 3776
293 299 391 352 152

748 300 812 354 P.
859 298 1156 355 OVIDII
1206 297 1576 354 NASONIS

286 413 568 475 Cantantis
599 413 832 496 pariter,
861 414 1063 495 pariter
1094 415 1217 475 data
1242 439 1412 498 pensa
1442 413 1706 475 trahentis

367 510 596 570 Fallitur
623 508 828 569 ancillae
858 509 1233 593 decipiturque
1261 510 1438 571 lab‘or.

285 607 481 666 Fertur
511 619 562 664 et
590 603 824 663 abducta
852 605 1176 686 Lyrnesside
1207 606 1380 667 tristis
1407 602 1652 666 Achilles
1997 619 2046 662 ιδ

366 701 648 762 Haemonia
677 724 831 762 curas
858 715 1165 762 attenuasse
1196 702 1330 785 lyra.

287 801 477 879 Quum
503 799 740 859 traheret
766 798 925 859 silvas
958 800 1218 881 Orpheus
1247 816 1300 860 et
1328 800 1464 861 dura
1493 800 1733 860 canendo

367 893 532 964 Saxa,
563 892 652 953 bis
679 893 873 953 amissa
903 893 1131 974 conjuge
1159 908 1386 954 moestus
1415 907 1545 954 erat.

289 990 383 1049 Me
414 1012 631 1071 quoque
663 990 826 1049 Musa
851 988 1015 1057 levat,
1052 990 1220 1048 Ponti
1248 989 1369 1049 loca
1393 990 1542 1071 jussa
1566 1003 1873 1072 petentem3

371 1085 501 1145 Sola
529 1109 706 1146 comes
738 1100 936 1146 nostrae
966 1086 1207 1168 perstitit
1234 1085 1327 1145 illa
1351 1086 1527 1165 fugae:
1998 1114 2051 1142 20

292 1180 420 1240 Sola
447 1206 547 1242 nec
575 1181 799 1242 insidias
826 1180 1137 1255 hominum,
1161 1205 1260 1242 nec
1287 1182 1476 1243 militis
1508 1194 1688 1242 e'nsem
1708 1228 1724 1255 ‚

367 1281 483 1340 Nec
513 1304 687 1352 mare,
720 1303 819 1339 nec
849 1294 1068 1351 ventos,
1095 1278 1513 1363 barbariemque
1543 1281 1716 1340 timet.

351 1419 413 1458 15.
436 1416 632 1457 Abducta
653 1415 916 1471 Lyrnesst'de.
934 1414 1134 1458 Abducta

294 1479 588 1535 Hippodamia
599 1479 737 1522 Brisei
755 1478 854 1520 filia.
868 1478 1135 1536 Lyrnessum

294 1553 441 1586 autem
454 1543 662 1600 oppidum
676 1543 760 1585 fuit
772 1542 816 1583 in
834 1558 908 1583 ora
924 1543 1134 1597 Troiana,

294 1616 447 1650 contra
457 1607 624 1650 Lesbon
637 1639 648 1660 ‚
661 1605 966 1662 Hippodamiae
981 1606 1137 1662 patria:

290 1671 409 1714 unde
420 1671 511 1728 ipsa
522 1674 724 1728 Lyrnesia
738 1670 946 1726 adpellata
960 1679 1037 1713 est.
1052 1670 1136 1712 Ex-

291 1735 382 1779 cusi
401 1735 576 1790 quidam
590 1735 751 1777 habent
766 1737 1010 1788 ‚,Btise1‘de;
1031 1735 1137 1776 Zer-

294 1804 435 1843 nest'de
457 1800 633 1857 plurimi
661 1816 712 1843 ex
741 1799 956 1856 antiquis;
991 1799 1137 1856 priscae

294 1865 506 1908 editiones
528 1867 784 1923 lyrnest'de‚·
814 1862 1137 1907 Arondelianus

295 1932 506 1972 Lerneide.
536 1929 683 1973 Scribe
709 1931 959 1986 Lyrnesside
979 1942 994 1980 ,⁰
1026 1932 1138 1989 Λύρ-

295 2015 431 2046 νησσος
459 1995 577 2036 enim
605 1993 766 2036 Graecis
796 1993 879 2036 hoc
899 1992 1138 2048 oppidum,

296 2060 374 2102 uni
394 2058 614 2117 Hesychio
634 2063 825 2120 Aupmeos
846 2066 922 2100 est.
944 2058 1002 2102 H.

357 2126 417 2168 16.
445 2127 662 2166 Hoemom‘a
687 2128 790 2182 lyra.
826 2124 939 2182 Lyra
963 2123 1139 2167 Achillis

297 2189 547 2242 Haemonii,
574 2188 658 2232 hoc
684 2198 772 2243 est,
796 2189 1001 2238 Thessali.
1028 2189 1141 2231 Hae-

296 2272 405 2299 mon
423 2256 543 2298 enim
560 2272 635 2298 rex
647 2255 731 2298 fuit
741 2255 970 2298 Thessaliae
981 2287 996 2309 ,
1014 2270 1037 2297 a
1053 2270 1143 2310 quo

298 2320 532 2364 Haemonia
575 2319 794 2362 Thessalia
838 2319 1141 2375 cognominata

295 2387 381 2430 fuit
394 2420 404 2441 ,
419 2402 514 2442 quae
532 2395 678 2443 postea
700 2386 752 2428 ab
773 2386 868 2441 ejus
889 2385 979 2428 filio
999 2384 1143 2428 Thes-

297 2452 386 2494 salo
408 2450 611 2507 adpellari
630 2459 767 2506 coepta
786 2450 883 2493 fuit.

360 2532 421 2574 19·
443 2514 514 2556 ,Me
531 2531 685 2570 quoque
705 2516 834 2557 Musa
853 2518 993 2567 levam·
1015 2515 1147 2557 Musa

290 2581 419 2637 juvat
449 2579 725 2623 Richeliauus
756 2588 800 2623 et
832 2580 937 2623 alius
953 2597 963 2633 3
986 2579 1062 2623 sed
1084 2583 1146 2622 le·-

300 2654 373 2690 ναί
382 2645 515 2702 magis
527 2646 731 2689 convenit
747 2646 792 2688 in
808 2646 1002 2688 exsilium
1021 2646 1144 2688 eunti

300 2729 382 2770 poe
390 2723 453 2756 tae.
466 2713 665 2755 Similem
677 2711 969 2755 diversitatem
982 2712 1028 2754 in
1039 2713 1144 2755 Pro-

299 2779 427 2835 pertii
446 2780 515 2822 lib.
539 2781 558 2823 l
576 2812 587 2832 ‚
611 2779 730 2835 Eieg.
747 2793 793 2822 lx
814 2812 826 2834 ,
846 2795 954 2823 vers.
975 2778 1048 2822 ult.
1069 2795 1144 2822 no·

302 2845 408 2887 tavit
426 2844 736 2888 Broukhusius.
1090 2849 1094 2852 ’

357 2928 380 2952 2
390 2928 404 2952 1
413 2941 422 2952 .
436 2910 536 2953 Sola
548 2926 623 2952 nec
635 2913 814 2953 insidzias
835 2915 963 2961 ebe-ter,
978 2926 1054 2953 nec
1068 2914 1145 2953 mi-

302 2978 393 3017 lim
408 2990 557 3017 ensem.
578 2974 740 3017 Versus
760 2975 875 3016 haud
897 2975 1024 3018 dubie
1046 2990 1145 3018 cor-

301 3049 465 3097 ruptus.
496 3043 612 3083 Inter
638 3057 711 3083 nec
732 3043 912 3083 Thracia
936 3043 1020 3083 tela
1046 3048 1148 3083 octo-

301 3115 495 3157 veteres3
523 3111 701 3160 mter-que
737 3107 929 3148 Threicia
954 3107 1038 3146 tela
1066 3104 1145 3146 de-

302 3187 397 3213 cem
414 3188 424 3223 ;
446 3188 560 3213 unus
583 3177 694 3214 intra
715 3189 790 3215 nec
818 3174 1008 3214 Threicia
1024 3173 1138 3221 tela,-

301 3236 513 3278 Barberin
520 3253 582 3289 us,
600 3242 708 3279 inter
718 3240 902 3280 crudelia
916 3239 1026 3288 tela‚·
1040 3235 1143 3277 alius

300 3305 409 3343 inter
424 3301 600 3342 Tirintz‘a
613 3305 724 3354 tela3
747 3301 852 3343 alius
871 3300 977 3343 item
989 3331 1000 3352 ,
1020 3304 1144 3340 inter-

299 3382 376 3422 que
404 3369 553 3408 irentia
579 3369 664 3407 tela
676 3379 692 3417 7·
715 3365 890 3407 Combii
906 3397 917 3418 ‚
936 3368 1144 3407 hominum

298 3448 372 3476 uec
394 3433 576 3475 Thracia
587 3433 699 3483 tela,·
721 3429 789 3474 alii
808 3430 942 3474 aliter.
962 3428 1142 3476 Scribo:

1217 1433 1239 1453 «
1255 1416 1357 1459 Sola
1370 1432 1451 1459 nec
1461 1415 1636 1459 insidias
1648 1449 1660 1471 ,
1679 1414 1838 1458 Threci
1853 1429 1935 1457 nec
1948 1413 2056 1456 mili-

1215 1480 1269 1523 tis
1283 1496 1456 1532 ensem;
1472 1497 1494 1518 »
1508 1480 1598 1532 vel,
1615 1497 1637 1516 «
1654 1479 1755 1523 Sola
1766 1494 1848 1522 nec
1859 1477 2031 1520 insidias
2041 1508 2054 1530 ,

1216 1560 1298 1588 nec
1317 1545 1423 1598 iter,
1446 1560 1526 1587 nec
1551 1543 1735 1586 Threcia
1762 1543 1856 1585 tela.
1875 1560 1895 1579 »
1919 1541 2057 1584 Vide-

1215 1618 1290 1652 tur
1301 1610 1420 1651 enim
1438 1610 1650 1666 expositus
1670 1608 1816 1665 gladiis
1836 1609 2057 1651 latronum

1218 1673 1441 1717 Thracum
1461 1673 1591 1717 fuisse
1608 1691 1622 1726 ;
1644 1674 1773 1717 Pont.
1787 1673 1814 1716 l.
1830 1673 1916 1727 IV,
1929 1673 2056 1725 ELv,

1217 1755 1325 1782 vers.
1348 1740 1427 1793 35,
1451 1737 1504 1781 de
1523 1755 1568 1782 se
1591 1754 1602 1781 ε
1622 1755 1643 1775 «
1665 1738 1888 1795 Sanguine
1911 1738 2059 1780 Bisto-

1216 1806 1342 1847 nium
1363 1803 1479 1861 quod
1493 1819 1587 1848 non
1606 1803 1858 1860 tepefecerit
1872 1818 2024 1846 ensem
2043 1834 2055 1855 ,

1219 1868 1444 1913 Effectum
1466 1884 1570 1913 cura
1596 1866 1779 1927 pectoris
1808 1883 1897 1911 esse
1930 1866 2006 1909 tui.
2034 1884 2056 1903 »

1225 1935 1406 1976 Threcus
1420 1936 1540 1976 miles
1551 1949 1629 1989 pro
1650 1933 1835 1974 Thracus
1845 1948 1857 1974 ,·
1869 1932 1928 1975 sic
1943 1947 1994 1987 ap
2000 1930 2059 1973 ud'

1218 1998 1454 2040 Horatium
1465 2029 1477 2051 ,
1495 1997 1564 2040 lib.
1580 1998 1601 2040 Ι
1613 2030 1625 2051 ,
1642 1997 1777 2053 Epist.
1791 2010 1870 2038 xvr
1885 2029 1896 2050 ,
1921 2012 1966 2037 12
1981 2011 2031 2053 sq
2045 2028 2058 2050 ,

1217 2061 1263 2104 in
1283 2062 1571 2106 vetustissimo
1589 2060 1810 2104 Leidensis
1828 2059 2060 2103 bibliothe-

1218 2143 1279 2171 cae
1298 2127 1443 2171 codice
1461 2126 1661 2170 scribitur
1678 2141 1689 2168 :
1714 2144 1735 2162 «
1761 2134 1810 2168 ut
1822 2141 1903 2167 nec
1916 2124 2062 2179 Frigi-

1220 2193 1317 2236 dior
1337 2192 1554 2236 Threcam
1570 2224 1582 2247 ,
1604 2208 1685 2234 nec
1717 2190 1869 2247 purior
1899 2187 2060 2231 ambiat

1221 2259 1400 2302 Hebrus
1413 2290 1425 2312 ‚
1441 2275 1463 2295 »
1483 2273 1574 2300 non
1596 2258 1803 2299 Thracam
1817 2271 1830 2297 ,’
1849 2253 1963 2310 apud
1979 2251 2061 2295 Ci-

1219 2339 1427 2367 ceronem
1445 2355 1458 2376 ,
1493 2322 1603 2365 libro
1630 2322 1651 2364 1
1684 2321 1976 2372 officiorum,
2006 2317 2061 2359 de

1221 2387 1470 2430 Alexandro
1486 2387 1688 2430 Pheraeo:
1707 2403 1729 2423 «
1747 2387 1800 2429 In
1813 2383 2060 2428 cubiculum

1220 2454 1422 2508 veniens,
1433 2453 1666 2496 barbarum
1677 2484 1688 2506 ,
1708 2460 1750 2494 et
1766 2467 1868 2494 eum
1881 2449 2060 2506 quidem

1222 2519 1336 2562 notis
1356 2518 1566 2562 Threiciis
1593 2525 1904 2573 compunctum
1927 2547 1939 2569 ,
1971 2512 2058 2555 de—

1221 2585 1370 2628 stricto
1384 2583 1523 2642 gladio
1535 2582 1712 2639 jubebat
1724 2581 1886 2624 anteire
1901 2596 1912 2630 ;
1930 2597 1950 2615 »
1964 2593 2060 2633 quae

1221 2649 1315 2693 fere
1336 2648 1518 2693 totidem
1538 2647 1678 2691 verbis
1701 2645 1816 2701 apud
1838 2643 2060 2685 Valerium

1223 2715 1470 2757 Maximum
1482 2713 1628 2765 habes,
1644 2711 1714 2754 lib.
1728 2711 1806 2764 IX,
1821 2725 1910 2764 cap.
1931 2710 1990 2751 13.
2006 2709 2058 2751 In

1226 2778 1452 2821 Ciceronis
1472 2776 1686 2820 codicibus
1703 2773 1923 2816 nonnullis
1942 2772 2060 2814 Lan-

1225 2845 1322 2901 gius
1341 2852 1386 2886 et
1405 2841 1640 2885 Lambinus
1661 2841 1858 2882 Tbraeciz‘s
1876 2846 2060 2881 monent

1223 2909 1307 2965 legi
1323 2925 1331 2958 ;
1355 2916 1482 2962 atque
1496 2906 1554 2948 ita
1567 2904 1612 2946 in
1628 2904 1932 2959 antiquissimis
1942 2901 2062 2944 Cur—

1223 2974 1271 3016 tii
1290 2972 1404 3014 libris
1423 2972 1458 3013 F
1460 2969 1671 3013 ranciscus
1691 2967 1910 3011 Fabricius
1929 2983 1972 3010 se
1995 2975 2063 3009 te-

1221 3047 1359 3083 statur
1372 3036 1597 3080 invenisse.
1613 3033 1910 3090 Quomodosin
1928 3031 2063 3075 Fastis

1226 3101 1479 3158 Capitolinis
1500 3101 1568 3144 M..
1587 3099 1800 3141 Llcmms
1821 3111 1872 3140 M.
1895 3110 1933 3139 r.
1950 3109 2001 3139 M.
2015 3109 2060 3138 N.

1226 3167 1435 3211 CnAssus
1466 3166 1659 3208 Pnocos.
1688 3164 1741 3206 A.
1770 3174 1959 3205 nccxxv.
1991 3161 2060 3203 Ex

1224 3234 1456 3275 TRRAEOEA
1473 3244 1530 3274 ΕΤ
1549 3230 1722 3273 Gmms
1746 3242 1808 3269 1v.
1828 3241 1934 3270 NON.
1955 3226 1983 3268 J
1988 3239 2060 3268 UL.

1226 3295 1449 3353 Caeterum
1472 3294 1517 3336 in
1534 3293 1710 3336 Valerio
1735 3291 1929 3334 Maximo
1954 3289 2060 3345 qui—

1224 3361 1323 3404 dam
1331 3360 1496 3403 codices
1515 3361 1688 3401 Thracis
1701 3357 1880 3400 habent:
1893 3371 1942 3397 ex
1955 3354 2059 3395 duo-

1222 3426 1301 3472 bus
1317 3425 1423 3471 meis
1443 3440 1556 3469 unus
1567 3423 1783 3480 vulgatam
1804 3421 2063 3477 scripturam.
