2280 3776
338 255 444 325 240

787 259 852 312 P.
908 260 1211 317 OVIDII
1256 263 1651 325 NASONIS

412 372 578 432 Fama
604 371 770 434 refert
795 374 965 455 Anyti
995 375 1150 457 quale
1177 378 1345 441 fuisse
1371 406 1468 443 reo
1490 407 1502 454 ;

332 470 523 530 Fracta
553 471 704 531 cadet
734 485 893 530 tantae
923 473 1184 555 sapientia
1212 479 1360 539 mole
1388 481 1558 541 ruinae
1583 506 1595 540 z

413 566 548 626 Plus
578 565 720 625 valet
749 566 1002 626 humanis
1030 567 1240 631 viribus
1271 573 1350 634 ira
1378 575 1498 635 Dei.

332 661 431 722 Ille
462 684 621 722 senex
652 660 838 721 dictus·
861 662 1075 744 sapiens
1107 665 1175 724 ab
1206 668 1494 750 Apolline,
1522 670 1739 733 nullum
2053 694 2098 735 15

412 758 661 817 Scribere
686 756 745 815 in
774 759 880 818 hoc
912 781 1039 818 casu
1066 761 1414 824 sustinuisset
1447 788 1602 846 opus.

332 858 411 915 Ut
439 854 625 937 patriae
653 854 902 925 veniant,
932 856 1149 935 veniant
1177 856 1381 918 oblivia
1410 860 1608 932 vestri3

413 949 610 1009 Omnis
642 963 704 1008 ut
730 949 951 1009 admissi
975 973 1167 1010 sensus
1197 952 1387 1014 abesse
1416 969 1608 1035 queat3

330 1046 406 1105 At
432 1045 599 1105 timor
629 1045 810 1105 officio
839 1045 994 1124 fungi
1023 1062 1171 1107 vetat
1197 1048 1315 1130 ipse
1345 1049 1566 1131 quieto:
1608 1071 1609 1077 ¹

411 1144 640 1204 Cinctus
667 1144 735 1203 ab
766 1144 1054 1204 innumero
1086 1169 1172 1204 me
1202 1160 1351 1207 tenet
1379 1146 1538 1208 hoste
1569 1146 1740 1208 locus.
2046 1181 2098 1210 20

329 1239 515 1312 Adde,
548 1241 699 1322 quod
730 1240 1012 1318 ingenium
1041 1240 1207 1319 longa
1237 1242 1491 1321 rubigine
1524 1243 1713 1305 laesum

405 1340 645 1419 Torpet‚
680 1352 733 1397 et
762 1352 842 1397 est
868 1336 1074 1408 multo,
1108 1360 1271 1420 quam
1300 1337 1404 1398 fuit
1429 1354 1583 1412 ante,
1617 1340 1815 1402 minus.
1840 1364 1842 1366 ·

326 1433 569 1505 Fertilis,
601 1433 830 1492 adsiduo
861 1433 908 1491 si
937 1456 1048 1491 non
1077 1447 1370 1493 renovetur
1386 1449 1627 1506 -aratr0,
1663 1459 1665 1461 ·

407 1529 529 1599 Nil,
560 1526 667 1587 nisi
696 1550 818 1587 cum
848 1526 1020 1609 spinis
1049 1551 1296 1604 gramen,
1328 1529 1559 1589 habebit
1586 1553 1744 1607 ager:

298 1627 593 1707 ⁴¹Tempore
624 1623 718 1706 qui
749 1622 918 1701 longo
949 1623 1189 1697 steterit,
1217 1623 1357 1684 male
1388 1638 1593 1698 curret,
1623 1639 1679 1685 et
1707 1625 1852 1684 inter
2041 1644 2095 1686 25

385 1782 400 1805 1
411 1781 445 1805 2.
460 1765 593 1805 Fama
612 1761 740 1816 refert
747 1763 887 1820 Anyti
895 1764 1020 1818 quale
1022 1761 1167 1817 juisse

324 1835 394 1872 rei.
418 1829 506 1871 Pro
531 1828 720 1885 genitivo
742 1833 827 1882 rei,
850 1828 996 1870 malim
1021 1845 1088 1871 reo
1108 1829 1168 1872 le-

325 1907 425 1947 gere
442 1924 452 1944 ,
475 1890 619 1933 dativo
640 1906 739 1933 casu
757 1906 767 1941 ;
787 1898 835 1932 ut
855 1890 910 1933 sit
927 1891 1166 1937 sententia:

327 1957 471 2013 Quale
498 1966 646 2012 pectus
666 1972 744 1999 reo
773 1956 936 2015 Anyti,
970 1956 1053 1999 hoc
1072 1965 1164 2012 est,

324 2022 493 2066 Socrati
513 2023 643 2065 fuisse
672 2021 786 2064 fama
808 2022 958 2066 refert.
990 2021 1107 2067 Nam
1123 2031 1166 2065 et

321 2090 550 2146 ἆμᾳιέσλίαυ
570 2088 696 2132 lectio
719 2088 809 2131 haec
828 2088 975 2144 tollet,
993 2098 1037 2131 et
1057 2105 1165 2131 ver-

319 2156 385 2199 sui
406 2171 577 2211 quoque
604 2154 751 2210 gratiae
773 2153 1043 2210 aliquantum
1057 2171 1166 2197 con-

320 2220 479 2264 ciliabit
499 2238 508 2273 ;
533 2220 663 2262 vitata
681 2218 962 2262 similitudine
983 2235 1103 2262 casus
1117 2219 1163 2261 in

318 2296 504 2341 utraque
526 2300 700 2328 caesura.
722 2284 837 2327 Mlc.
857 2308 910 2316 —
930 2284 1071 2341 Anyti
1083 2300 1163 2327 reo.

319 2349 487 2395 Socrati
509 2383 520 2403 ‚
558 2365 692 2405 quem
726 2349 899 2407 Anytus
939 2349 1162 2392 accusavit.

318 2416 429 2458 Tres
454 2414 575 2457 enim
591 2414 713 2456 fuere
729 2413 918 2456 Socratis
943 2420 1165 2456 accusato-

314 2499 383 2525 res
396 2481 576 2524 Melitus
588 2512 599 2533 ,
618 2479 815 2537 Anytus,
835 2487 878 2521 et
891 2479 1052 2536 Lycon.
1069 2478 1163 2520 Me·

312 2548 413 2591 litus
434 2545 612 2603 quidem
641 2544 696 2586 ob
722 2552 869 2600 poetas
889 2544 928 2586 ei
948 2543 1131 2586 infestus
1151 2560 1161 2586 ε

318 2615 494 2673 Anytus
513 2611 568 2653 ob
591 2609 800 2664 artifices,
818 2618 946 2666 atque
963 2610 1163 2667 reipubli-

318 2695 379 2723 cae
410 2678 723 2735 gubernatores
741 2692 751 2726 ;
790 2675 939 2733 Lycon
971 2674 1161 2731 denique

315 2742 450 2800 gratia
481 2740 724 2783 rhetorum.
751 2738 979 2783 Accusatio
1013 2748 1160 2782 autem

313 2809 465 2852 habuit
494 2825 538 2851 se
567 2807 710 2849 ferme
732 2805 789 2848 in'
810 2805 926 2849 hunc
947 2805 1154 2848 modum:

313 2874 512 2917 Socrates
542 2871 706 2927 injuste
731 2870 844 2927 egit,
875 2871 1160 2926 juventutem

312 2941 553 2997 depravans
567 2971 580 2993 ,
597 2954 646 2981 ac
661 2936 780 2980 Deos
795 2951 901 2992 quos
922 2935 1070 2979 civitas
1082 2951 1159 2991 pu-

315 3016 401 3061 tat,
419 3008 508 3063 ipse
530 3021 620 3049 uon
642 3013 800 3061 putans
817 3037 828 3058 ,
850 3003 926 3046 sed
947 3003 1027 3046 alia
1045 3017 1160 3058 quae-

311 3073 414 3115 dam
446 3088 559 3115 nova
596 3070 824 3114 daemonia.
862 3070 989 3112 Plato
1031 3068 1158 3111 docet

312 3153 415 3180 eum
447 3146 569 3180 tanta
593 3135 724 3179 fuisse
751 3134 959 3191 sapientia
996 3142 1042 3176 et
1069 3131 1158 3175 for-

312 3201 500 3245 titudine
514 3235 526 3256 ,
549 3211 598 3245 ut
618 3201 898 3255 nolueritpro
916 3215 960 3243 se
979 3206 1052 3241 aut
1063 3212 1157 3240 cau-

310 3283 404 3310 sam
418 3267 560 3310 dicere
577 3300 589 3322 ,
605 3276 678 3311 aut
698 3281 964 3323 quemquam
978 3262 1154 3320 precari.

311 3332 506 3375 MER.-·
518 3323 625 3386 A'n’,
641 3333 669 3375 ὦ
684 3339 832 3393 Κρίτων
847 3364 858 3385 ,
873 3338 939 3375 καὶ
956 3333 998 3374 τὶ
1008 3334 1128 3390 τρίτον
1142 3359 1154 3381 ,

312 3402 345 3441 εὶ
360 3400 474 3455 ταύτῃ
497 3404 573 3443 τοῖς
593 3404 696 3445 θεοῖς
716 3399 833 3451 ᾲίλον,
849 3399 965 3452 ταύτῃ
984 3395 1155 3450 γινέσθω·

1249 1766 1315 1820 ε’μέ
1332 1770 1370 1808 δὲ
1390 1759 1528 1814 Ᾱνυτος
1543 1771 1609 1809 καὶ
1624 1767 1780 1814 Miletos·
1799 1766 2011 1811 ἀποκτεῖναι
2026 1774 2095 1822 μὲν

1253 1834 1448 1884 δύνανται,
1463 1832 1614 1887 βλάψαι
1631 1835 1671 1874 α”ἒ
1686 1836 1736 1874 οὔ.
1754 1830 1938 1886 Epictet.
1949 1831 2002 1875 de
2015 1832 2095 1876 So·-

1249 1904 1387 1950 crate,
1409 1910 1500 1950 cap.
1529 1895 1668 1938 ultim.

1306 1959 1367 2013 14.
1385 1961 1491 2001 Plus
1514 1961 1629 2001 valet
1639 1960 2013 2003 bumantlr.Versus
2025 1976 2095 2016 pa-

1247 2037 1347 2064 rum
1362 2021 1600 2078 adpositus,
1622 2039 1670 2066 ac
1693 2022 1877 2079 proinde
1909 2040 2092 2079 suspec-

1247 2094 1328 2129 tus.
1353 2086 1522 2131 Hnms.

1306 2169 1321 2193 1
1330 2153 1367 2195 8.
1395 2153 1543 2195 Omnis
1561 2160 1605 2195 et
1618 2157 1773 2211 amis-si
1786 2169 1932 2196 sensus
1945 2156 2092 2196 abesse

1219 2233 1222 2235 “
1243 2223 1381 2272 queat.
1396 2216 1510 2272 Lege
1527 2249 1540 2270 ,
1559 2219 1706 2260 Omnis
1724 2224 1772 2260 ut
1783 2220 1964 2260 admissi
1978 2229 2084 2259 sen—

1243 2298 1328 2333 sus,
1344 2298 1443 2325 cum
1458 2283 1678 2325 nonnullis
1691 2301 1702 2335 ;
1719 2291 1762 2326 et
1773 2283 1983 2340 superiori
1997 2299 2092 2326 ver-

1245 2361 1295 2388 su
1312 2349 1469 2389 obliuia
1487 2351 1619 2390 vestri
1634 2362 1714 2403 pro
1729 2353 1872 2390 nostri.
1894 2347 1961 2390 Ne
1984 2347 2090 2403 quid

1244 2420 1392 2455 tamen
1405 2411 1692 2467 dissimulem,
1703 2413 1916 2457 distichon
1927 2413 2010 2456 hoc
2021 2413 2090 2455 vix

1243 2475 1486 2532 genuinum
1511 2476 1619 2519 mihi
1640 2476 1826 2521 videtur.
1845 2477 1938 2521 Nisi
1959 2476 2087 2532 tollis,

1241 2543 1379 2586 scribe
1395 2552 1506 2587 vetet
1514 2559 1593 2600 pro
1609 2551 1728 2586 vetat
1738 2560 1864 2587 versu
1876 2544 2087 2600 proximo.

1305 2625 1366 2668 ¹9·
1404 2610 1564 2663 Quieto.
1599 2611 1790 2664 Quietum
1816 2626 1969 2653 omnes
1989 2608 2085 2652 fere

1241 2672 1340 2716 libri
1362 2690 1371 2717 :
1403 2691 1475 2718 sex
1490 2707 1501 2728 ,
1511 2674 1648 2729 fungi
1674 2681 1790 2717 vetat
1804 2680 1938 2716 sesse
1956 2677 2083 2728 quie-

1239 2749 1324 2782 tutn
1348 2741 1519 2783 Cinctus
1543 2747 1623 2784 etc.
1642 2740 1769 2796 prim.
1788 2739 1890 2782 edit.
1917 2747 1961 2781 et
1982 2739 2085 2794 qui-

1243 2804 1345 2847 dam
1365 2805 1536 2861 scripti:
1567 2813 1633 2858 et,
1662 2812 1779 2847 vetat
1793 2806 1926 2853 hoste,
1969 2803 2056 2845 duo
2073 2819 2083 2846 :

1242 2869 1359 2912 forte
1375 2901 1388 2923 ,
1411 2887 1433 2906 κ
1465 2868 1525 2910 At
1546 2869 1678 2911 timor
1697 2867 1843 2911 officio
1860 2867 1985 2923 fungi
2010 2885 2084 2910 ve-

1241 2940 1328 2974 tat:
1351 2947 1439 2974 esse
1464 2929 1865 2986 quietumCinctus
1886 2931 1938 2973 ab
1957 2929 2086 2972 innu-

1238 3012 1362 3039 mero
1384 3012 1455 3039 me
1471 3005 1588 3039 vetat
1602 2996 1724 3039 hoste
1745 2996 1862 3039 locus
1878 3014 1888 3048 ;
1906 3015 1927 3033 »
1950 3005 1999 3038 ut
2020 2996 2084 3039 bis

1236 3071 1403 3118 repetat
1419 3062 1534 3104 idem
1547 3062 1748 3117 verbum,
1765 3062 1875 3105 sicut
1889 3076 1998 3117 saepe
2013 3076 2082 3103 so-

1235 3127 1311 3171 let.
1326 3128 1490 3171 Bunm.
1539 3128 1546 3141 ⁸

1290 3212 1312 3236 2
1322 3212 1337 3237 1
1345 3228 1353 3237 .
1365 3197 1580 3249 Ingenium
1592 3197 1720 3249 longa
1729 3198 1916 3248 rubigine
1923 3196 2077 3235 laesum.

1236 3259 1347 3314 Vel,
1357 3263 1527 3315 plenum
1537 3293 1547 3311 ,
1571 3258 1906 3302 Arondelianus.
1919 3257 2049 3298 Forte
2064 3287 2076 3310 ,

1233 3342 1383 3369 rosum.
1396 3326 1457 3368 H.
1473 3349 1527 3357 —-
1545 3328 1694 3380 Longa
1713 3327 1909 3379 rubigine.
1928 3322 2078 3378 Longa

1234 3390 1533 3447 componendi
1554 3389 1854 3436 desuetudine.
1866 3387 1993 3432 Mun.
