2280 3776
223 345 320 402 172

683 328 746 381 P.
797 327 1090 383 OVIDII
1131 326 1503 383 NASONIS

297 443 541 505 Sustinet
570 444 628 503 in
657 458 848 503 nostro
873 444 1104 505 carmine
1129 469 1267 527 saepe
1295 444 1403 522 legi
1426 469 1438 503 :
1999 515 2012 532 l

217 541 330 600 Nec
361 542 658 623 prohibere
687 555 895 622 potest,
929 541 1054 623 quia
1081 565 1169 602 res
1197 557 1278 602 est
1305 540 1553 624 publica,
1587 540 1795 615 Caesar;
1932 559 1981 601 15

297 640 373 696 Et
405 637 468 696 de
496 636 773 696 communi
802 660 928 719 pars
959 660 1180 719 quoque
1212 652 1397 698 nostra
1421 637 1575 696 bono
1604 649 1700 696 est.

215 734 473 815 Juppiter
501 731 734 810 ingeniis
765 733 973 813 praebet
1004 754 1100 792 sua
1128 733 1356 792 numina
1386 746 1603 804 vatum,

297 831 475 912 Seque
508 828 768 913 celebrari
799 829 1047 912 quolibet
1074 853 1168 888 ore
1197 829 1328 890 sinit
1353 856 1365 888 ·.·

218 929 391 988 Causa
424 942 513 987 tua
542 927 790 1009 exemplo
814 928 1151 1008 Superorum
1181 941 1299 986 tuta
1329 925 1566 985 duorum
1593 939 1708 998 est;

298 1025 553 1102 Quorum
581 1023 672 1082 hic
699 1023 1037 1105 conspicitur
1054 1069 1069 1094 ‚
1106 1022 1346 1082 creditur
1372 1020 1464 1080 ille
1494 1022 1663 1081 Deus.
1938 1051 1991 1080 20

218 1121 298 1178 Ut
325 1143 441 1177 non
469 1118 776 1188 debuerim,
806 1133 985 1179 tamen
1013 1118 1119 1178 hoc
1154 1143 1255 1197 ego
1287 1118 1499 1178 crimen·
1519 1117 1714 1178 amabo
1737 1141 1750 1176 :

301 1216 430 1274 Non
459 1214 567 1274 fuit
595 1215 810 1273 arbitrii
833 1213 992 1274 litera
1016 1230 1206 1275 nostra
1237 1216 1335 1275 tui.

218 1314 333 1373 Nec
359 1331 500 1371 nova
518 1359 532 1384 ‚
564 1311 717 1395 quod
746 1327 925 1371 tecum
954 1311 1184 1394 loquor,
1215 1326 1299 1371 est
1327 1311 1528 1392 injuria
1552 1334 1565 1382 ;
1593 1324 1789 1371 nostro

303 1408 603 1468 Incolumis
634 1433 758 1467 cum
791 1433 902 1490 quo
936 1432 1076 1490 saepe
1103 1407 1322 1467 locutus
1347 1430 1507 1466 eram.

224 1506 354 1584 Quo
388 1527 602 1564 vereare
631 1505 814 1563 minus
835 1551 848 1575 ,
879 1528 948 1564 ne
980 1504 1083 1563 sim
1114 1503 1219 1562 tibi
1248 1503 1452 1562 crimen
1476 1502 1711 1573 amicus;
1943 1517 1994 1559 25

305 1599 572 1658 Invidiam
592 1646 606 1671 ‚
641 1598 687 1658 si
720 1623 827 1680 qua
853 1612 937 1657 est
955 1645 970 1668 ,
1004 1612 1198 1658 auctor
1225 1596 1427 1656 habere
1457 1610 1656 1678 potest.
1722 1644 1726 1650 .

224 1696 364 1754 Nam
392 1709 519 1755 tuus
552 1710 634 1756 est
662 1695 854 1778 primis
882 1693 1063 1754 cultus
1091 1693 1229 1754 mihi
1259 1715 1471 1775 semper
1499 1691 1567 1751 ab
1601 1690 1759 1769 annis
1776 1736 1791 1763 ,

228 1831 456 1876 Observat.
478 1832 549 1876 lib.
578 1834 650 1887 11,
672 1849 762 1890 cap.
797 1847 886 1886 ΧΠ,
907 1832 982 1889 qui
1006 1832 1075 1874 vi-

227 1897 417 1941 dendus:
433 1898 492 1941 sic
508 1899 623 1955 apud
641 1898 919 1953 Ciceronem,
943 1899 1075 1942 Cato-

228 1975 285 2003 ne
327 1961 373 2001 M
381 1961 499 2015 ajore
516 1995 528 2015 ,
569 1962 614 2004 in
650 1962 887 2009 veterrimo
928 1962 1072 2004 codice

230 2039 332 2066 meo
343 2039 352 2066 ε
363 2041 383 2060 «
400 2024 580 2068 Caeteris
593 2026 637 2067 in
652 2026 781 2068 rebus
791 2041 1075 2068 communem

231 2105 332 2145 erga
346 2089 619 2147 Lysandrum
640 2099 683 2133 et
697 2089 955 2133 familiarem
971 2090 1078 2132 fuis-

231 2171 301 2205 se3
322 2173 342 2191 »
363 2170 453 2197 non
472 2172 647 2206 comem,
679 2155 796 2212 quod
819 2165 882 2199 est
903 2156 948 2197 in
970 2156 1076 2197 vul-

234 2220 339 2275 gatis
356 2237 365 2271 ;
379 2219 454 2262 sed
468 2220 566 2274 quia
579 2222 631 2262 de
640 2225 849 2263 commum·
858 2223 963 2262 bono
977 2236 1078 2262 mox

231 2288 451 2343 sequitur,
468 2288 613 2330 minus
629 2287 778 2343 placet.
793 2287 883 2331 Lib.
902 2288 970 2331 III
984 2321 994 2341 ‚
1011 2287 1078 2329 ΕΙ.

234 2366 339 2405 v111,
355 2355 401 2406 41
414 2369 423 2394 ε
434 2352 519 2394 «At
531 2352 738 2407 quoniam
749 2352 884 2395 semel
899 2361 963 2394 est
977 2351 1079 2393 odio

233 2417 413 2459 civiliter
435 2433 548 2460 usus.
573 2435 594 2454 »
613 2416 844 2471 H.—Ipse
854 2425 1080 2471 μαῖα-ρα-

235 2487 334 2525 trz'oe.
348 2483 506 2525 Scribit
517 2483 562 2525 L.
572 2482 726 2525 Florus
737 2515 748 2535 ,
764 2483 1012 2538 Augustum
1025 2481 1079 2524 ob

233 2547 429 2603 ingentia
449 2546 562 2589 facta
579 2549 837 2589 Dictatorem
847 2554 1081 2600 perpetuum
1118 2580 1121 2583 Α

237 2611 499 2668 adpellatum
511 2612 640 2655 fuisse
654 2644 665 2666 ,
683 2621 727 2654 et
739 2614 1054 2666 patrempatriae
1070 2626 1082 2652 :

239 2686 559 2734 tractatumque
583 2677 715 2720 etiam
742 2676 787 2718 in
811 2684 963 2719 senatu
978 2708 989 2729 ‚
1027 2691 1082 2718 an

238 2744 337 2798 quia
353 2742 615 2786 condidisset
632 2741 865 2797 imperium
878 2772 889 2794 ,
914 2741 1085 2783 Romu·-

236 2807 303 2849 lus
323 2815 575 2849 vocaretur:
593 2805 669 2848 sed
686 2805 874 2848 sanctius
893 2814 937 2848 et
958 2821 1085 2848 reve-

242 2871 408 2914 rentius
428 2871 567 2914 visum
589 2870 721 2913 fuisse
747 2885 912 2912 nomen
930 2871 1087 2927 Augu-

239 2937 379 2989 sti„ut
398 2935 554 2979 scilicet
575 2936 664 2990 jam
686 2943 797 2989 tum,
821 2934 929 2977 dum
951 2943 1086 2978 terras

240 2999 428 3054 coleret,
449 2998 542 3055 ipso
566 2999 746 3042 nomine
767 3008 811 3042 et
834 3000 957 3043 titulo
977 3015 1089 3042 con-

242 3075 498 3109 secraretur.

297 3146 363 3170 21.
391 3132 546 3173 Tamen
563 3134 642 3174 hoc
654 3147 729 3186 ego
749 3136 900 3174 crimen
917 3132 1085 3189 bolgebo.

246 3193 413 3236 Amabo
445 3195 554 3238 bene
569 3229 580 3249 ,
610 3197 736 3251 prim.
753 3197 890 3239 Vatic.
914 3204 957 3238 et
978 3194 1088 3237 Lei-

247 3257 402 3301 densis.
435 3261 491 3302 H.
514 3283 567 3291 —
600 3264 753 3303 Tamen
780 3264 861 3304 hoc
890 3277 964 3316 ego
997 3263 1088 3302 cri-

247 3339 339 3367 mea
363 3326 530 3366 habebo.
569 3326 707 3379 Quasi
740 3326 851 3369 dicat
882 3342 892 3368 t
927 3327 1088 3380 Augu-

248 3399 338 3435 stus
362 3389 443 3432 hoc
465 3391 630 3433 crimen
661 3408 811 3434 meum
838 3408 927 3435 esse
950 3391 1088 3444 dicet,

250 3471 343 3514 non
360 3464 486 3500 tuum
502 3473 512 3501 z
526 3456 729 3513 ideonon
743 3467 806 3502 est
822 3457 1064 3503 verendum
1075 3489 1088 3513 ,

1154 1841 1204 1875 ut
1223 1832 1338 1875 hanc
1359 1831 1414 1874 ob
1433 1846 1606 1875 causam
1625 1829 1695 1873 ille
1713 1836 2000 1886 prosequatur

1155 1906 1197 1939 te
1220 1896 1335 1939 odio.

1210 1964 1276 2005 23.
1296 1964 1381 2005 Est
1394 1962 1553 2016 injuria
1577 1966 1730 2004 nostra.
1751 1960 1901 2003 Nostri
1913 1957 2001 2000 duo

1154 2037 1335 2071 veteres.
1365 2028 1497 2071 Forte
1529 2035 1667 2070 nostro
1679 2059 1688 2075 ,
1722 2035 1868 2069 tecum
1884 2057 1895 2079 ,
1929 2024 2004 2079 qui

1156 2101 1306 2135 noster
1327 2109 1384 2135 es.
1404 2090 1490 2135 Sed
1511 2089 1686 2134 numeri
1706 2090 1752 2133 in
1777 2089 1860 2132 hoc
1876 2104 2005 2131 versu

1159 2158 1368 2201 duriores.
1392 2158 1485 2202 Nec
1510 2156 1700 2199 multum
1724 2154 1816 2197 haec
1835 2152 1889 2196 ad
1911 2169 2007 2196 rem

1157 2222 1324 2265 faciunt
1339 2237 1494 2278 :quare
1510 2221 1741 2275 tollantur,
1764 2219 1874 2262 licet.
1892 2218 2007 2260 H.—

1160 2288 1279 2333 Nihil
1305 2287 1402 2331 duri
1421 2287 1492 2331 hic
1520 2287 1670 2339 video;
1693 2295 1736 2328 et
1755 2285 1789 2328 si
1809 2285 1922 2327 bene
1939 2283 2008 2326 di-

1158 2354 1348 2410 stinguas
1373 2387 1385 2408 ‚
1410 2369 1560 2397 sensus
1598 2352 1683 2395 erit
1703 2348 1975 2408 planissimus
1999 2365 2009 2391 :

1164 2438 1186 2457 «
1203 2421 1295 2463 Nec
1312 2436 1422 2463 nova
1436 2453 1449 2474 ,
1464 2418 1580 2476 quod
1593 2427 1737 2462 tecum
1752 2417 1908 2473 loquor
1920 2449 1931 2470 ,
1947 2423 2010 2458 est

1162 2485 1345 2541 injuria3
1373 2493 1524 2528 nostro
1547 2483 1781 2527 Incolumis
1794 2497 1895 2536 cum
1922 2495 2008 2536 quo

1163 2567 1274 2609 saepe
1296 2551 1466 2595 locutus
1490 2566 1632 2601 eram'3
1658 2567 1680 2587 »
1698 2564 1791 2592 non
1812 2556 1876 2591 est
1895 2561 2010 2589 nova

1165 2633 1284 2660 nunc
1300 2615 1461 2671 injuria
1481 2614 1599 2672 quod
1617 2623 1660 2658 te
1676 2612 1912 2669 adpellem-,
1934 2609 2009 2665 qui

1164 2698 1274 2739 saepe
1288 2680 1519 2724 incolumis
1531 2689 1694 2731 tecum,
1712 2684 1860 2720 noster
1872 2690 2010 2731 quum

1165 2762 1277 2789 esses
1288 2778 1300 2800 ‚
1314 2745 1482 2788 locutus
1495 2755 1629 2787 eram.
1648 2743 1800 2784 Noster
1812 2747 1876 2782 est
1888 2737 2011 2780 nobis

1164 2813 1316 2855 favens
1333 2843 1345 2866 ,
1376 2819 1424 2853 ut
1453 2812 1543 2852 Dei
1552 2810 1703 2854 nostri,
1724 2808 1824 2855 mei,
1853 2807 2009 2846 tm‘etc.

1166 2877 1322 2933 passi-m
1346 2876 1392 2918 in
1409 2872 1572 2917 Ovidio
1588 2871 1806 2914 dicuntur.
1824 2869 1862 2910 O
1874 2875 2016 2911 noster

1171 2942 1386 2988 Chremes,
1413 2937 1594 2980 Terent.
1623 2932 1763 2977 Andr.
1783 2934 1846 2988 V,
1872 2945 1938 2986 11,
1962 2935 2013 2983 53

1167 3013 1211 3047 et
1226 3003 1380 3060 saepius
1396 3001 1509 3044 alibi.
1523 3001 1687 3043 BURM.

1222 3071 1288 3111 25.
1297 3070 1362 3110 Ne
1371 3070 1451 3109 sim
1465 3069 1546 3110 tibi
1553 3068 1705 3107 crimen
1711 3067 1884 3106 amicus.
1894 3062 1938 3104 A
1939 3064 2015 3102 mi-

1168 3149 1216 3176 ce
1247 3132 1443 3188 plerique
1469 3138 1649 3173 veteres.
1674 3129 1790 3184 Lege
1819 3129 1903 3170 tibi
1922 3129 2015 3168 cri-

1169 3214 1260 3240 men
1280 3201 1431 3239 amico.
1453 3196 1513 3238 H.

1225 3263 1289 3306 26.
1308 3263 1472 3305 Auctor
1480 3267 1621 3316 potest
1636 3261 1789 3301 habere
1804 3258 2017 3300 invidiam.

1172 3327 1267 3383 Ego
1289 3325 1473 3373 Ovidius
1494 3338 1666 3382 possum
1682 3322 1764 3365 dici
1788 3321 1919 3365 fuisse
1934 3319 2022 3363 cri-

1171 3391 1301 3434 minis
1317 3406 1458 3433 causa.

1227 3474 1250 3500 2
1259 3458 1417 3514 7.·Nam
1432 3464 1525 3501 tuus
1544 3461 1619 3500 est.
1633 3454 1819 3510 Namque
1830 3453 2020 3505 tuuspn‘-
