2280 3776
283 254 394 323 464
452 333 460 337 ‚

745 259 810 310 P.
867 258 1174 313 0V1D11
1220 257 1605 316 NASONIS

362 373 587 432 Arctius
608 370 873 454 adpellem
893 420 907 445 ‚
938 372 1381 458 Tuticanumque
1411 389 1625 454 vocem.⁴
1658 455 1662 458 ι
2012 412 2060 438 ιο

282 468 395 527 Nec
425 481 583 549 potes
613 467 670 524 in
700 490 916 527 versum
944 468 1200 528 Tuticani
1226 494 1376 530 more
1405 472 1618 542 venire,
1685 467 1689 471 ³

362 564 484 623 Fiat
515 578 576 622 ut
604 586 631 622 e
662 562 827 642 longa
850 562 1063 653 syllaba
1092 565 1269 647 prima
1296 566 1492 626 brevis.

282 662 399 720 Aut
427 660 794 742 producatur,
828 685 949 743 quae
977 685 1124 721 nunc
1155 663 1459 746 correptius
1490 664 1602 723 exit
1620 710 1634 736 ,

363 759 436 816 Et
465 757 536 817 sit
564 772 812 839 porrecta
836 757 1002 837 longa
1032 758 1270 818 secunda
1299 783 1467 819 mora.

282 853 387 913 His
416 876 516 931 ego
548 854 594 913 si
623 853 771 915 vitiis
801 855 973 914 ausim
1003 879 1351 938 corrumpere
1380 880 1582 916 nomen
1603 902 1618 927 ‚
2010 875 2058 916 15

363 949 597 1021 Rideam,
630 965 686 1009 et
713 950 910 1010 merito
939 966 1131 1032 pectus
1159 953 1360 1012 habere
1391 976 1573 1031 neger.

282 1050 412 1108 Haec
440 1049 576 1107 mihi
604 1071 763 1109 causa
793 1050 902 1108 fuit
929 1049 1083 1110 dilati
1112 1051 1352 1111 muneris
1376 1052 1542 1132 hujus
1562 1098 1577 1123 ‚

364 1145 536 1224 Quod
565 1169 718 1206 meus
748 1146 957 1227 adjecto
989 1145 1198 1208 foenore
1225 1147 1418 1207 reddet
1442 1170 1587 1226 ager.

280 1240 470 1322 Teque
499 1264 685 1300 canam
721 1265 1062 1324 quacumque
1088 1257 1219 1302 nota
1246 1267 1257 1301 :
1287 1242 1391 1302 tibi
1421 1242 1660 1303 carmina
1688 1243 1901 1303 mittam
1922 1289 1936 1316 ‚

363 1339 524 1398 Paene
553 1339 690 1397 mihi
719 1362 893 1420 puero
920 1339 1137 1417 cognite
1165 1361 1319 1421 paene
1345 1362 1515 1421 puer;
2005 1368 2059 1399 20

282 1434 498 1515 Perque
528 1448 611 1492 tot
638 1458 908 1494 annorum
941 1434 1132 1494 seriem
1149 1479 1164 1504 ‚
1200 1448 1337 1514 quot
1364 1434 1632 1493 habemus
1659 1448 1888 1516 uterque
1907 1481 1921 1506 ‚

365 1535 492 1591 Non
521 1531 656 1591 mihi
676 1579 690 1604 ,
723 1556 886 1614 quam
909 1531 1065 1590 fratri
1091 1531 1287 1603 frater,
1321 1545 1495 1591 amate
1523 1530 1721 1592 minus.

282 1633 369 1690 Tu
398 1631 582 1689 bonus
612 1629 892 1700 hortator,
925 1643 985 1687 tu
1016 1627 1237 1710 duxque
1262 1651 1553 1710 comesque
1581 1627 1759 1702 fuisti,

366 1727 557 1805 Quum
584 1747 824 1802 regerem
855 1738 1037 1783 tenera
1067 1722 1235 1782 fraena
1263 1720 1478 1810 novella
1502 1746 1685 1784 manu.

285 1821 437 1903 Saepe
467 1843 569 1898 ego
603 1818 810 1879 correxi
839 1817 943 1879 sub
971 1832 1023 1879 te
1054 1840 1278 1877 censore
1307 1815 1556 1890 libellos;
2006 1835 2060 1877 25

366 1917 519 1998 Saepe
550 1915 655 1974 tibi
682 1914 968 1975 admonitu
995 1913 1137 1973 facta
1160 1911 1322 1973 litura
1349 1936 1471 1974 meo
1498 1908 1587 1973 ⁴est
1610 1938 1622 1973 :

284 2014 523 2091 Dignam
554 2009 810 2070 Maeoniis
838 2008 1124 2068 Phaeacida
1151 2009 1385 2070 condere
1416 2009 1618 2070 chartis

366 2110 560 2188 Quum
587 2122 639 2167 te
670 2105 916 2166 Pierides
943 2104 1279 2187 perdocuere
1311 2120 1430 2166 tuae.

282 2205 389 2264 Hic
415 2196 604 2275 tenor,
632 2203 746 2262 haec
775 2200 938 2260 viridi
968 2202 1268 2262 concordia
1298 2217 1477 2285 coepta
1504 2203 1723 2283 juventa

361 2302 532 2361 Venit
559 2300 628 2361 ad
658 2298 903 2360 albentes
934 2296 1238 2359 illabefacta
1268 2321 1467 2359 comas,
2009 2316 2062 2376 35>

284 2398 423 2476 Quae
445 2396 554 2456 nisi
584 2409 635 2454 te
666 2407 948 2465 moveant,
979 2392 1119 2453 duro
1146 2392 1250 2452 tibi
1280 2407 1503 2476 pectora
1530 2392 1674 2453 serro

339 2556 401 2583 10.
426 2540 599 2582 Aretias
629 2539 848 2593 adpellem.
869 2535 1070 2579 Strictius
1088 2543 1133 2578 et

277 2607 450 2650 brevius
473 2605 703 2648 nominem
719 2635 730 2657 ,
765 2600 974 2659 ponendo
1001 2600 1133 2659 sylla-

279 2672 382 2715 bam
408 2671 613 2721 brevem,
644 2684 740 2724 quae
766 2677 923 2710 natura
948 2666 1131 2723 produci

281 2737 423 2780 debet.

339 2803 400 2845 13.
414 2802 508 2844 Aut
517 2810 564 2844 ut
574 2803 760 2843 ducatur.
774 2800 868 2842 Aut
874 2802 1135 2855 producatur

277 2877 446 2912 veteres
466 2868 625 2923 majori
646 2884 697 2910 ex
715 2875 851 2923 parte.
878 2867 1045 2910 HEINS.

338 2935 400 2977 18.
422 2935 544 2976 Meus
569 2949 678 2988 ager.
704 2932 863 2975 Meum
885 2931 1128 2989 ingenium.

278 3021 334 3031 —-
353 3001 517 3041 Reddet
539 3014 650 3053 ager.
682 2999 850 3040 Reddet
867 3013 986 3039 amor
1002 2996 1130 3038 multi

278 3074 480 3108 veterum
503 3081 513 3107 t
535 3073 772 3119 utrumque
798 3063 926 3106 bene.
959 3063 1130 3105 Hssms.

336 3131 400 3172 23.
415 3132 477 3172 Tu
493 3133 628 3172 bonus
643 3131 839 3171 hortator.
857 3126 927 3170 Ad
948 3127 1129 3169 virtutes

284 3194 576 3249 capessendas.

338 3260 403 3312 24.
425 3261 583 3301 Tenem
601 3274 740 3300 manu.
760 3257 789 3299 J
794 3254 953 3299 uvenili
972 3253 1130 3297 mode-

282 3323 465 3366 ramine.
486 3345 540 3354 --
565 3324 711 3363 Fra-na
736 3324 910 3364 novella.
933 3318 1128 3379 Tyroci-

285 3389 408 3432 nium
422 3397 463 3432 et
482 3386 696 3430 lubricum
715 3386 848 3429 aetatis
865 3382 1129 3442 pullulantis.

1269 2536 1335 2579 26.
1350 2538 1463 2592 Saepe
1475 2538 1604 2579 Illum
1618 2542 1686 2579 est
1687 2535 1818 2591 facta
1830 2537 1919 2578 tibi.
1933 2534 2059 2592 Saepe

1213 2601 1345 2644 etiam
1374 2610 1422 2645 tu
1444 2600 1686 2657 expunxisti
1711 2601 1758 2643 in
1784 2600 1868 2644 tuis
1893 2601 2059 2657 scriptis

1214 2668 1369 2724 aliqua.

1269 2750 1334 2789 27.
1371 2734 1557 2788 Dzjgnum
1594 2733 1788 2777 M'aeom'tlr
1818 2735 2059 2776 Pha-acida.

1211 2800 1399 2854 Dignam
1438 2815 1491 2840 ex
1523 2798 1691 2855 scriptis
1726 2797 1981 2849 nonnullis;
2016 2807 2060 2841 et

1210 2866 1398 2908 Pierides
1428 2872 1529 2915 tua,
1563 2881 1643 2924 pro
1672 2867 1777 2907 Dea·
1810 2881 1862 2907 ex
1891 2864 2060 2908 Moreti

1211 2927 1334 2972 libro.
1366 2929 1534 2972 Hssms.

1269 2994 1333 3035 28.
1351 2994 1484 3046 Quum
1494 2994 1596 3034 Deae
1606 2993 1792 3035 Pierides
1798 2995 2060 3047 perdocuere.

1211 3055 1378 3098 Delesti
1394 3087 1405 3108 ,
1431 3056 1574 3111 inquit
1590 3087 1602 3109 ,
1625 3064 1668 3099 et
1685 3065 1731 3099 tu
1748 3057 1945 3113 quaedam
1961 3072 2062 3099 meo

1213 3119 1442 3162 admonitu
1454 3120 1499 3162 in
1512 3120 1739 3164 Phaeacide
1755 3130 1844 3175 tua,
1860 3138 1954 3177 quae
1967 3129 2061 3164 erat

1211 3185 1341 3242 digna
1381 3195 1559 3242 propter
1592 3185 1903 3230 sublimitatem
1935 3202 2059 3229 com-

1210 3250 1354 3307 parari
1366 3251 1560 3294 versibus
1573 3251 1760 3295 Homeri
1775 3284 1786 3306 ,
1809 3260 1852 3295 et
1870 3251 1995 3295 scribi
2010 3251 2057 3292 in

1209 3317 1364 3360 iisdem
1401 3316 1558 3360 chartis
1580 3349 1592 3372 ,
1630 3316 1677 3358 in
1708 3316 1863 3372 quibus
1891 3314 2058 3371 scripsit

1211 3383 1436 3426 Homerus
1461 3398 1567 3438 opus
1593 3398 1721 3425 suum
1739 3414 1751 3437 ,
1784 3398 1834 3426 ex
1854 3396 1940 3437 quo
1958 3395 2054 3422 ma-
