2280 3776
16 0 274 641 ὲ

526 255 975 314 TRISTIUM
1018 259 1180 316 LIB.
1233 260 1346 315 IV.
1402 261 1650 319 ELEG.
1706 266 1780 319 X.

1940 267 2035 342 193

284 371 545 456 Cepimus
577 389 629 434 et
656 389 848 436 tenerae
876 374 1085 458 primos
1113 377 1284 437 aetatis
1313 377 1547 439 honores
1567 426 1581 450 ‚

364 470 523 551 Eque
553 468 683 529 viris
713 469 986 552 quondam
1016 494 1141 553 pars
1173 472 1350 534 tribus
1378 497 1485 534 una
1515 474 1609 535 sui.

285 562 450 625 Curia
477 565 745 638 restabat;
778 564 911 626 clavi
942 591 1195 629 mensura
1224 585 1409 631 coacta
1440 585 1558 631 est:
1988 589 2041 629 35

363 663 545 744 Majus
576 678 688 724 erat
714 663 920 725 nostris
948 664 1156 727 viribus
1185 665 1324 727 illud
1351 693 1506 730 onus.

281 758 395 820 Nec
421 759 632 844 patiens
659 783 888 844 corpu8‚
920 786 1019 823 nec
1043 786 1197 825 mens
1224 763 1331 824 suit
1358 781 1482 849 apta
1511 765 1684 828 labori
1704 814 1719 842 ,

361 856 727 941 Sollicitatque
756 858 918 938 fugax
950 852 1265 923 ambitionis
1291 886 1467 924 eram:

278 954 354 1013 Et
382 969 563 1036 petere
593 954 784 1016 Aoniae
813 955 1117 1018 suadebant
1143 972 1258 1018 tuta
1291 983 1502 1020 sorores

362 1051 521 1123 Otia,
552 1051 756 1134 judicio
787 1077 999 1137 semper
1023 1069 1197 1115 amata
1226 1079 1360 1116 meo.

277 1147 569 1231 Temporis
596 1145 744 1209 illius
771 1148 914 1209 colui
942 1150 1163 1233 fovique
1187 1165 1411 1233 poetas;

360 1243 628 1326 Quotque
656 1244 878 1307 aderant
907 1260 1083 1317 vates,
1115 1246 1273 1306 rebar
1301 1246 1485 1308 adesse
1515 1248 1681 1308 Deos.

275 1336 430 1421 Saepe
458 1360 583 1398 suas
614 1338 862 1400 volucres
891 1338 1023 1418 legit
1052 1339 1185 1399 mihi
1219 1342 1476 1419 grandior
1498 1364 1616 1402 aevo
1636 1389 1651 1416 ,

359 1434 606 1518 Quaeque
634 1450 790 1496 necet
818 1459 1040 1519 serpens
1059 1482 1074 1507 ‚
1108 1460 1227 1519 quae
1251 1437 1404 1519 juvet
1432 1438 1600 1499 herba
1618 1486 1632 1511 ‚
1663 1438 1881 1499 Macer:

329 1573 396 1617 33.
419 1574 581 1616 Primos
601 1575 785 1617 honores.
812 1573 1091 1630 Magistratus
1107 1607 1120 1630 ‚

276 1639 350 1698 qui
367 1639 509 1696 primo
525 1638 865 1683 adolescentibus
881 1639 1119 1685 dabantur:

276 1712 326 1748 ut
336 1702 534 1758 aedilitas,
548 1712 762 1760 quaestura
774 1736 785 1757 ,
798 1704 1093 1749 triumviratus
1105 1739 1118 1760 ,

275 1768 506 1825 caeterique
530 1768 604 1825 qui
636 1768 826 1811 minores
850 1768 1118 1814 dicebantur.

331 1837 397 1890 34.
417 1837 561 1891 Deque
582 1838 697 1877 viris.
727 1836 846 1891 Eque
865 1836 1008 1893 scripti
1033 1853 1120 1894 po-

274 1901 440 1953 tiores;
474 1910 518 1945 et
541 1918 644 1956 opus
676 1917 756 1958 pro
786 1918 891 1945 onus
922 1904 1118 1959 proximo

274 1976 564 2025 pentametro.
586 1967 645 2011 H.
669 1992 724 2001 —
747 1967 1049 2011 Triumvirum
1072 1985 1117 2013 se

271 2031 403 2077 fuisse
427 2033 586 2077 innuit.
616 2032 837 2078 Caeterum
864 2033 967 2075 varii
993 2032 1117 2078 suere

272 2096 404 2156 hujus
416 2098 608 2142 nominis
627 2098 902 2156 magistratus
914 2111 924 2138 t
940 2097 1116 2154 quidam

272 2167 481 2208 triumviri
505 2167 711 2221 capitales
742 2162 997 2207 dicebantur
1016 2195 1028 2217 ‚
1062 2163 1116 2207 de

273 2229 427 2288 quibus
446 2229 517 2274 hic
536 2229 710 2273 Merula
723 2227 898 2285 exponit
914 2244 925 2278 ;
945 2228 1013 2271 alii
1032 2244 1119 2270 mo-

272 2297 446 2346 netales,
462 2294 535 2351 qui
555 2294 628 2338 aeri
640 2327 652 2348 ,
668 2302 870 2351 argento,
888 2310 994 2337 auro
1006 2293 1117 2336 flan—

275 2357 333 2402 do
359 2374 408 2402 ac
433 2358 638 2403 feriundo
660 2358 851 2415 praesecti
876 2367 1028 2401 erant:
1047 2357 1117 2400 alii

273 2427 487 2473 nocturni,
520 2439 598 2480 per
615 2438 724 2479 quos
744 2432 968 2466 nocturnae
993 2423 1117 2466 sedi-

273 2489 416 2532 tiones
431 2496 685 2532 arcerentur
696 2503 720 2531 a
733 2487 917 2543 civibus,
939 2497 982 2531 et
996 2487 1117 2544 quies

273 2553 371 2597 urbi
390 2560 646 2596 servaretur.
669 2551 754 2594 Alii
774 2551 952 2594 coloniis
979 2551 1117 2594 dedu-

273 2615 422 2660 cendis
431 2614 806 2661 creabantur.Vid.
816 2615 1116 2659 Fenestellam.

327 2682 394 2726 35.
413 2684 613 2726 Μαι-ητα
632 2686 753 2725 clavi.
768 2683 980 2726 Mensura
991 2682 1117 2725 vestis

272 2747 498 2792 senatoriae
510 2780 522 2801 ,
535 2763 615 2804 per
625 2762 754 2803 quam
770 2746 1031 2789 senatoriam
1046 2745 1117 2788 de-

273 2811 415 2869 signat
449 2811 721 2868 dignitatem.
753 2811 883 2854 Mna.
910 2834 964 2842 —
999 2812 1125 2853 Claui

274 2892 465 2921 mensura
493 2885 643 2920 coacta
670 2884 745 2920 est.
783 2877 913 2919 Latus
942 2875 1083 2918 clavus
1101 2907 1113 2930 ,

275 2949 526 2985 senatorum
554 2952 774 2998 gestamen
796 2941 969 2998 proprie
992 2949 1084 2984 erat
1100 2972 1112 2994 ,

278 3021 366 3062 quo
388 3004 447 3048 illi
468 3021 492 3048 a
511 3005 686 3063 reliquis
706 3005 930 3050 ordinibus
952 3006 1115 3048 distin-

278 3069 533 3128 guebantur.
575 3070 781 3128 Intelligit
812 3087 916 3128 ergo
954 3080 1080 3127 poeta
1102 3104 1113 3125 ,

276 3134 414 3178 solam
439 3133 692 3191 dignitatem
721 3135 982 3179 senatoriam
1011 3136 1113 3179 reli-

279 3214 412 3256 quam
438 3198 567 3242 fuisse
583 3231 595 3252 ,
629 3215 760 3255 quam
792 3199 932 3243 adhuc
953 3216 1114 3244 conse—

280 3270 488 3319 queretur
518 3279 528 3306 :
558 3262 632 3306 sed
657 3264 710 3307 ab
735 3280 785 3307 ea
811 3264 1116 3321 consequenda

280 3327 530 3371 abstinuisse
544 3343 588 3370 se
601 3361 612 3383 ,
631 3328 731 3384 quia
744 3328 787 3371 id
801 3344 910 3372 onus
924 3328 1116 3372 humeris

277 3391 365 3436 suis
389 3392 528 3447 majus
548 3391 698 3437 fuisset
720 3411 730 3450 ς
764 3408 899 3449 eoque
928 3410 1111 3438 mensu-

439 3475 585 3534 VII,

1202 1590 1296 1617 ram
1326 1574 1430 1618 clavi
1454 1608 1466 1629 ‚
1495 1575 1576 1618 hoc
1607 1582 1705 1629 est,
1742 1573 2012 1619 latitudinem
2033 1609 2045 1629 ,

1202 1648 1394 1683 coactam
1420 1639 1532 1696 apud
1553 1657 1597 1683 se
1615 1673 1627 1693 ,
1661 1639 1701 1682 id
1726 1649 1817 1692 est,
1845 1650 2045 1683 coarcta-

1201 1713 1290 1748 tam
1307 1737 1318 1758 ,
1339 1713 1382 1747 et
1404 1704 1522 1761 quasi
1544 1705 1723 1748 accisam
1746 1704 1886 1747 fuisse.
1910 1704 2046 1760 Quod

1201 1779 1348 1813 autem
1378 1786 1505 1826 supra
1536 1769 1670 1823 dixit,
1703 1787 1723 1805 «
1756 1770 2043 1826 Induiturque

1199 1834 1407 1878 humeros
1424 1851 1523 1879 cum
1540 1834 1626 1878 lato
1646 1852 1836 1892 purpura
1857 1836 1976 1878 clavo
1991 1868 2003 1887 ,
2023 1856 2044 1872 ι»

1198 1899 1243 1942 id
1272 1915 1325 1943 eo
1352 1898 1485 1941 modo
1508 1899 1805 1957 accipiendum
1829 1900 2039 1954 fortassis,

1203 1974 1251 2009 ut
1272 1965 1464 2009 dicamus
1484 1966 1626 2010 statim
1647 1976 1741 2023 post
1765 1975 1950 2009 sumtum
1981 1968 2046 2009 vi-

1198 2029 1323 2072 rilem
1341 2038 1484 2087 togam
1499 2063 1511 2084 ,
1524 2032 1654 2075 etiam
1668 2031 1771 2074 clavi
1787 2031 2040 2089 dignitatem

1197 2105 1517 2153 consequutum
1540 2130 1551 2150 ,
1581 2098 1712 2141 veluti
1741 2114 1861 2155 spem
1893 2114 2043 2153 quam-

1198 2160 1297 2204 dam
1318 2162 1521 2205 senatorii
1546 2161 1737 2214 ordinis;
1769 2162 1842 2205 sed
1869 2172 2037 2219 postea,

1198 2241 1335 2282 quum
1366 2225 1532 2270 videret
1560 2243 1604 2270 se
1628 2226 1668 2268 ei
1695 2226 1849 2268 honori
1867 2259 1878 2281 ‚
1901 2226 1964 2268 vel
1991 2234 2040 2268 ut

1195 2292 1284 2348 ipse
1299 2293 1379 2347 ait,
1399 2293 1547 2345 oneri,
1562 2309 1650 2335 esse
1665 2292 1901 2348 imparem,
1923 2309 2039 2335 eam-

1201 2355 1303 2399 dem
1328 2356 1584 2412 deposuisse.
1611 2356 1783 2399 Mtcrt..

1249 2421 1315 2477 37.
1331 2424 1417 2464 Nec
1426 2420 1640 2476 mensfiu't
1647 2430 1749 2477 apta
1761 2425 1906 2466 labori.
1920 2423 2039 2466 Non-

1197 2483 1305 2526 nulli
1325 2493 1418 2527 erat
1432 2493 1546 2541 apta.
1567 2485 1615 2529 Si
1635 2485 1738 2542 quid
1760 2485 1886 2529 video
1900 2520 1911 2540 ,
1933 2487 2041 2530 scri-

1195 2560 1338 2608 pserat
1356 2551 1541 2596 Ovidius
1556 2586 1567 2607 ,
1586 2570 1662 2597 nec
1679 2570 1794 2596 mens
1814 2559 1920 2596 satis
1938 2564 2040 2609 apta

1195 2621 1356 2670 labore‘‚·
1378 2627 1422 2662 et
1440 2628 1530 2662 erat
1540 2635 1620 2676 pro
1631 2636 1743 2662 eram
1757 2636 1880 2663 versu
1898 2622 2036 2676 proxi-

1195 2690 1296 2734 mo}
1317 2680 1540 2739 quomodo
1551 2701 1678 2742 supra
1700 2701 1710 2727 :
1730 2704 1751 2722 «
1769 2686 1868 2728 Non
1882 2686 2036 2730 domus

1194 2756 1290 2803 apta
1302 2748 1416 2803 satis,
1430 2765 1521 2791 non
1536 2749 1604 2793 hic
1615 2750 1733 2793 cibus
1747 2749 1861 2793 utilis
1869 2766 1995 2807 aegro.
2012 2771 2034 2788 »ο

1247 2815 1312 2867 4ο.
1331 2815 1495 2869 Semper
1509 2823 1665 2858 amata.
1684 2816 1884 2858 Amanda
1904 2818 2031 2873 prim.

1195 2877 1396 2922 Vatican.

1248 2945 1314 2998 44.
1339 2947 1515 3001 Qua-que
1527 2954 1651 2989 nocet
1661 2962 1827 3002 serpens
1838 2981 1847 2998 ‚
1869 2964 1956 3002 quae
1961 2948 2036 3003 ju-

1194 3014 1267 3051 vat
1290 3011 1416 3051 herba
1437 3042 1450 3064 ,
1482 3011 1640 3054 Macer.
1668 3011 1802 3055 Multi
1836 3020 2035 3053 veterum

1180 3073 1312 3128 juvet.
1332 3073 1444 3130 Lege
1467 3090 1567 3118 cum
1598 3075 1739 3132 primo
1765 3075 1893 3118 Polit.
1919 3084 2035 3118 necet

1195 3145 1238 3181 et
1248 3138 1378 3191 juvet.
1390 3139 1548 3182 Noster
1565 3173 1577 3194 ,
1594 3139 1776 3183 Remed.
1802 3141 1903 3183 Am.
1927 3145 2000 3195 4²¹
2021 3159 2031 3184 :

1196 3221 1217 3239 «
1239 3203 1378 3245 Parva
1398 3213 1696 3250 necatmorsu
1715 3206 1947 3261 spatiosum
1968 3208 2035 3249 vi·-

1193 3283 1294 3324 pera
1305 3276 1491 3311 taurum.
1502 3287 1523 3306 »
1537 3269 1854 3314 H.—-AEmilius
1865 3272 2030 3326 Macer,

1189 3340 1316 3388 poeta
1340 3334 1605 3377 Veronensis
1622 3367 1634 3388 ‚
1656 3334 1810 3378 herbas
1826 3369 1838 3389 ,
1860 3353 2034 3393 serpen-

1193 3406 1255 3441 tes
1273 3430 1284 3453 ,
1307 3407 1350 3440 et
1371 3399 1563 3443 volucres
1581 3401 1771 3444 carmine
1789 3402 2031 3457 complexus

1724 3487 1783 3538 13
