2280 3776
532 387 634 442 EX
675 385 973 440 PONTO
1009 385 1169 440 LIB.
1215 384 1343 440 ΙΙΙ.
1392 385 1669 441 EPIST.
1716 389 1764 441 Ι.
1933 394 2044 466 379

262 506 321 566 Si
350 505 482 588 quid
508 519 632 582 aget
659 503 856 584 majus,
888 500 1050 562 differ
1075 515 1168 561 tua
1200 518 1407 585 coepta;
1441 527 1678 587 caveque

345 602 509 684 Spem
536 598 845 659 festinando
872 597 1212 682 praecipitare
1239 622 1431 660 meam.
1965 621 2042 676 ιφ.

264 701 378 759 Nec
405 721 595 758 rursus
620 696 817 778 jubeo,
848 695 978 757 dum
1009 696 1083 757 sit
1111 696 1460 769 vacuissima,
1493 721 1702 782 quaeras
1726 725 1740 760 τ

349 795 612 879 Corporis
639 793 703 854 ad
736 792 943 854 cultum
972 793 1060 854 vix
1090 808 1244 854 vacat
1268 792 1361 854 illa
1391 795 1494 854 sui.

268 894 434 956 Curia
463 917 634 977 quum
661 892 918 976 patribus
944 891 1112 952 fuerit
1141 892 1342 976 stipata
1371 893 1653 966 verendis,

349 993 457 1053 Per
484 1014 666 1052 rerum
696 989 912 1050 turbam
945 1003 1006 1050 tu
1036 1013 1259 1073 quoque
1286 1005 1510 1075 oportet
1538 1015 1644 1053 eas.

267 1090 457 1170 Quum
485 1087 590 1148 tibi
618 1087 910 1166 contigerit
938 1084 1147 1147 vultum
1174 1088 1415 1148 Junonis
1448 1088 1630 1162 adire,
1971 1106 2045 1163 145

346 1187 454 1247 Fac
482 1186 557 1246 sis
584 1207 858 1268 personae,
893 1208 1056 1267 quam
1087 1198 1272 1245 tueare
1291 1232 1306 1257 ‚
1334 1207 1557 1245 memor.

264 1284 379 1344 Nec
405 1281 606 1343 factum
638 1279 866 1341 defende
894 1304 1107 1353 meum3
1131 1278 1274 1341 mala
1302 1303 1466 1341 causa
1493 1279 1704 1343 silenda
1738 1298 1854 1343 est:

345 1375 440 1438 Nil
462 1376 570 1437 nisi
595 1374 844 1436 sollicitae
868 1376 984 1436 sint
1012 1390 1105 1436 tua
1135 1376 1301 1437 verba
1329 1399 1539 1460 preces.

269 1475 414 1535 Tum
443 1472 699 1557 lacrymis
729 1473 993 1535 demenda
1022 1498 1175 1535 mora
1205 1489 1287 1535 est
1310 1521 1324 1546 ‚
1358 1474 1744 1558 submissaque
1776 1489 1930 1537 terrae

349 1569 439 1632 Ad
464 1595 584 1632 -non
611 1569 870 1631 mortales
899 1570 1127 1632 brachia
1156 1571 1319 1632 tende
1345 1571 1532 1655 pedes.
1977 1590 2051 1633 150

270 1671 415 1731 Tum
445 1685 572 1753 pete
599 1669 681 1730 nil
709 1668 887 1744 aliud,
917 1693 1058 1731 saevo
1086 1668 1194 1730 nisi
1226 1670 1295 1731 ab
1324 1671 1488 1732 hoste
1514 1670 1761 1732 recedam
1784 1697 1796 1732 ε

355 1766 588 1830 Hostem
617 1765 898 1830 fortunam
925 1768 1000 1828 sit
1026 1768 1160 1829 satis
1190 1792 1306 1829 csse
1331 1769 1486 1829 mihi.

271 1861 439 1925 Plura
467 1864 687 1948 quidem
719 1866 995 1938 subeunt;
1033 1864 1128 1925 sed
1151 1864 1259 1946 jam
1291 1865 1509 1926 turbata
1541 1866 1737 1927 timore

354 1960 483 2026 Haec
511 1984 735 2044 quoque
762 1961 849 2022 vix
881 1962 1091 2045 poteris
1118 1986 1211 2022 ore
1241 1977 1505 2023 tremente
1532 1961 1709 2046 loqui.

271 2056 539 2141 Suspicor
562 2057 668 2118 hoc
694 2058 894 2119 damno
924 2057 1027 2119 tibi
1057 2082 1173 2118 non
1200 2057 1346 2131 fore;
1378 2061 1578 2121 sentiat
1607 2058 1701 2121 illa
1979 2077 2054 2119 ¹55

349 2156 431 2219 Te
459 2156 798 2239 majestatem
827 2156 1174 2240 pertimuisse
1202 2180 1375 2218 suam.

329 2293 711 2353 139.Se'qm'daget.
732 2296 850 2350 Ages
867 2294 1052 2352 Argent.
1064 2318 1120 2327 —-

273 2359 397 2414 Aeas
415 2358 617 2403 Leidens.
635 2368 765 2415 agent
778 2359 982 2403 Francos.
1005 2358 1118 2403 sorte

272 2430 389 2468 recte
409 2437 420 2467 τ
444 2422 592 2468 Cesar
608 2422 768 2469 scilicet
781 2433 826 2467 et
845 2424 990 2479 Livia,
1018 2439 1121 2468 cum

275 2504 359 2546 qua
379 2504 490 2546 saepe
504 2489 680 2533 consilia
699 2489 970 2535 conferebat.

333 2555 424 2608 ¹4¹·
455 2555 546 2597 Nec
568 2569 710 2597 rursus
724 2555 869 2609 jubeo.
895 2554 1000 2598 Duo
1022 2571 1123 2598 ner-

273 2635 378 2663 sum.
398 2618 524 2664 Latet
544 2619 678 2665 ulcus.
704 2621 764 2664 H.

335 2704 350 2730 ι
359 2689 427 2742 4²·
446 2690 639 2743 Corporis
651 2691 714 2732 ad
721 2691 889 2732 cultum.
900 2690 980 2732 Ad
982 2706 1122 2733 curam

276 2752 448 2807 Sat-rav.
481 2753 684 2810 Scaliger.
712 2753 897 2811 Argent.
922 2754 1090 2798 Feschii
1109 2788 1122 2809 ,

276 2818 486 2862 Arondel.
528 2828 573 2862 et
603 2818 692 2862 duo
725 2819 806 2862 alii.
838 2819 1123 2864 Medicamin.

276 2882 428 2938 faciei,
451 2901 510 2928 vs.
542 2901 558 2927 1
586 2901 597 2928 ε
621 2902 643 2922 «
666 2884 830 2928 Discite
849 2902 946 2942 quae
965 2885 1125 2930 faciem

277 2940 560 2985 commendet
576 2956 679 2984 cura
696 2973 708 2994 ‚
734 2940 899 2997 puellae.
917 2959 939 2979 ν
965 2942 1024 2985 Η.

336 3004 424 3058 144.
445 3006 528 3046 Per
542 3013 711 3058 patrum
734 3009 907 3049 turbam.
934 3007 1022 3050 Per
1046 3023 1125 3049 se-

280 3075 485 3110 natorum
497 3068 826 3113 multitudinem
839 3103 851 3126 ,
868 3070 974 3113 dum
988 3070 1041 3113 ad
1058 3070 1126 3112 Li-

279 3131 394 3174 viam
406 3131 538 3176 vadis.
546 3135 629 3177 Per
635 3149 764 3177 mrum
775 3136 1127 3192 turbam,elegan—

280 3204 348 3239 ter
380 3195 552 3239 Sarrav.
583 3213 670 3252 quo
692 3198 841 3254 populi
871 3200 1126 3243 confluxum

281 3259 490 3317 designat.
507 3262 777 3317 Perpatriam
794 3267 967 3308 turbam.
983 3266 1127 3309 Aron-

281 3325 439 3370 delian.
456 3327 738 3371 Burmannus
752 3328 901 3372 mallet
914 3362 926 3384 ‚
949 3332 1031 3374 Per
1041 3349 1129 3375 ma-

279 3400 387 3436 trum
410 3396 598 3445 turbam‚·
624 3391 835 3437 nimirum
850 3427 862 3449 ‚
881 3394 1008 3451 dum,
1031 3397 1126 3440 Au·-

284 3466 408 3514 gusto
438 3459 485 3501 in
516 3459 634 3502 curia
663 3475 764 3503 cum
798 3459 990 3515 patribus
1017 3477 1126 3504 ver—

279 3531 405 3565 sante
423 3556 432 3577 ,
458 3524 577 3567 Livia
595 3533 659 3568 est
677 3524 830 3580 stipata
848 3527 1071 3571 matronis.

1261 2294 1352 2349 146.
1380 2296 1574 2338 Persona
1602 2310 1726 2350 qun
1754 2302 1907 2338 mate.
1938 2294 2051 2338 Me—

1201 2368 1355 2403 mento
1387 2367 1430 2402 te
1453 2376 1546 2403 esse
1573 2375 1753 2402 uxorem
1774 2375 1949 2414 meam,
1982 2360 2054 2403 cui

1202 2437 1291 2480 pre
1313 2423 1518 2468 omnibus
1534 2440 1614 2481 pro
1635 2441 1706 2467 me
1728 2424 2021 2468 laborandum
2036 2459 2049 2479 ‚

1203 2498 1249 2532 et
1264 2505 1390 2532 causa
1407 2504 1507 2532 mea
1527 2489 1777 2534 fidelissime
1796 2490 1965 2548 agenda
1983 2492 2052 2535 sit.

1263 2557 1354 2608 148.
1392 2558 1484 2600 Nec
1513 2561 1607 2599 min·
1624 2560 1831 2601 sollicite.
1863 2561 1944 2601 Nil
1968 2563 2058 2602 nisi

1205 2618 1419 2663 meliores.
1440 2620 1608 2664 Huius.

1262 2689 1353 2729 151.
1381 2687 1423 2728 Τ
1417 2704 1444 2729 u
1460 2695 1556 2741 pete
1582 2689 1650 2728 m’l
1664 2688 1812 2736 aliud,
1842 2690 1933 2730 nisi
1946 2703 2054 2730 sevo

1203 2758 1250 2793 ut
1267 2753 1323 2792 ab
1347 2753 1471 2808 'hoste
1502 2755 1703 2795 recedam.
1740 2753 1856 2795 Saee’o
1886 2756 1977 2794 nisi
1994 2754 2050 2794 ab

1204 2816 1324 2857 kosle
1341 2814 1477 2858 iidem
1493 2849 1504 2870 ,
1531 2825 1576 2859 et
1602 2818 1705 2859 Tum
1723 2825 1830 2871 pete.
1858 2817 1918 2859 H.

1264 2885 1354 2924 152.
1382 2882 1608 2924 Fortunam
1634 2897 1727 2925 esse
1751 2885 1861 2925 mibi
1882 2885 2055 2927 bostem.

1207 2943 1385 2988 Habere
1403 2945 1630 2988 fortunam
1643 2946 1780 2990 solam
1801 2947 2024 2990 inimicam
2039 2981 2051 3002 ,

1207 3017 1250 3051 et
1272 3024 1364 3050 non
1379 3009 1562 3068 Scythas
1581 3012 1714 3054 etiam
1728 3028 1739 3055 t
1755 3011 1821 3056 vel
1835 3013 2054 3056 calamitas

1209 3089 1305 3116 mea
1323 3073 1424 3116 satis
1445 3073 1659 3120 hostiliter
1676 3093 1749 3120 me
1770 3077 1912 3122 habet.

1267 3139 1356 3182 153.
1385 3141 1471 3182 Sed
1483 3150 1528 3184 tu
1550 3145 1719 3186 turbata
1737 3148 1894 3187 timore.
1919 3145 2055 3189 Multi

1207 3207 1286 3247 sed
1301 3213 1400 3248 sunt
1413 3209 1608 3259 turbam,-
1633 3213 1880 3253 conturbata
1901 3210 1945 3252 in
1967 3211 2057 3254 fra-

1209 3277 1387 3324 gmento
1407 3269 1730 3317 Boxhorniano.
1759 3274 1820 3317 H.

1268 3336 1356 3388 154.
1375 3336 1485 3378 Voce
1495 3343 1702 3381 tremente.
1722 3340 1806 3381 Ore
1816 3339 1955 3396 prima
1969 3340 2055 3383 edi-

1208 3397 1268 3440 tio
1285 3430 1297 3452 ,
1322 3407 1366 3441 et
1388 3399 1581 3458 quinque
1604 3403 1763 3460 scripti.

1266 3467 1355 3508 155.
1375 3465 1572 3521 Suspicor
1589 3469 1688 3511 ᾗτε.
1713 3471 1809 3512 Hoc
1832 3470 2057 3521 meliores,

1209 3540 1252 3573 et
1269 3536 1437 3575 sentiat.
