2268 3848
576 294 1026 355 TRISTIUM
1065 294 1229 349 LIB.
1275 294 1323 347 Ι.
1371 293 1623 348 ELEG.
1681 294 1728 347 1.

2006 315 2032 367 Ν]

340 418 495 498 Quas
521 414 752 499 meruit,
783 435 972 496 poenas
996 411 1106 494 jam
1134 409 1289 472 dedit
1316 407 1455 471 illud
1482 433 1641 494 opus.

258 513 512 573 Forsitan
542 523 823 594 exspectes
841 554 856 582 ‚
888 531 959 568 an
989 506 1047 567 in
1075 504 1183 568 alta
1214 504 1418 589 palatia
1445 505 1674 566 missum

339 608 610 671 Scandere
643 621 694 668 te
715 605 966 689 jubeam,
997 605 1409 687 Caesareamque
1438 603 1681 663 domum.
1987 625 2038 671 5⁰

255 706 555 784 Ignoscant
582 716 815 782 augusta
841 700 979 763 mihi
1008 699 1155 773 loca,
1182 700 1368 784 Dique
1395 698 1644 760 locorum
1671 721 1684 756 ε

338 801 509 863 Venit
534 801 592 861 iu
620 800 726 861 hoc
755 797 850 859 illa
877 796 1086 859 fulmen
1117 798 1186 858 ab
1215 817 1339 859 arce
1371 810 1553 880 caput.

257 899 394 959 Esse
425 895 648 982 quidem
675 894 899 956 memini
928 894 1218 958 mitissima
1249 893 1475 957 sedibus
1505 890 1616 953 illis

337 994 578 1056 Numina
607 1018 619 1055 ε
649 993 747 1056 sed
777 992 970 1065 timeo,
999 990 1095 1075 qui
1124 1013 1362 1052 nocuere
1381 1036 1396 1061 ‚
1427 990 1596 1050 Deos,

258 1095 521 1158 Terretur
544 1091 995 1177 minimoxpennae
1022 1089 1257 1151 stridore
1291 1086 1549 1149 columba
1567 1135 1581 1161 ‚

337 1190 663 1270 Unguibus,
693 1189 956 1273 accipiter
975 1234 990 1260 ‚
1019 1186 1202 1248 saucia
1228 1185 1371 1246 facta
1403 1185 1528 1246 tuis.

255 1289 370 1349 Nec
400 1285 596 1371 procul
623 1310 654 1347 a
685 1283 924 1347 stabulis
957 1283 1124 1345 audet
1154 1281 1431 1353 secedere,
1464 1281 1511 1342 si
1540 1303 1649 1364 qua

304 1379 313 1410 ⁵
338 1385 585 1446 Excussa
610 1398 693 1445 est
722 1381 866 1443 avidi
896 1381 1156 1443 dentibus
1186 1403 1326 1461 agna
1355 1378 1493 1464 lupi.

256 1478 472 1540 Vitaret
497 1477 689 1541 caelum
718 1478 995 1551 Phaeton‚
1027 1478 1075 1539 si
1106 1479 1336 1550 viveret,
1368 1489 1425 1538 et
1453 1498 1594 1560 quos

339 1578 580 1661 Optarat
606 1574 775 1638 stulte
795 1623 810 1650 ,
842 1591 1061 1655 tangere
1089 1573 1265 1636 nollet
1295 1594 1487 1658 equos.
1993 1590 2047 1631 so

259 1676 356 1736 Me
384 1698 634 1758 quoque,
666 1697 788 1757 quae
820 1673 1000 1745 sensi,
1032 1672 1209 1735 fateor
1234 1671 1394 1733 Jovis
1417 1693 1565 1732 arma
1594 1669 1819 1730 timere:

339 1770 438 1831 Me
462 1792 590 1831 reor
621 1768 853 1842 infesto,
887 1791 1058 1852 quum
1089 1781 1271 1839 tonat,
1303 1767 1427 1845 igne
1457 1764 1589 1849 peti.

260 1866 616 1950 Quicumque
643 1865 903 1946 Argolica
934 1865 1000 1927 de
1031 1863 1202 1927 classe
1229 1863 1513 1948 Capharea
1542 1860 1713 1942 sugit,

311 2011 378 2071 69.
402 2014 475 2056 An
496 2015 542 2056 e‘n
565 2015 658 2056 alla
676 2015 857 2068 palalae'a.
886 2012 947 2054 U!
962 2015 1005 2055 sn
1021 2014 1113 2055 alta

230 2116 232 2120 ,
259 2079 479 2126 Junianus
501 2098 511 2127 :
535 2080 698 2139 placet3
723 2079 781 2124 sic
803 2078 874 2124 lib.
902 2079 969 2123 111
993 2078 1113 2123 Artis

259 2145 499 2191 Amatoria
520 2162 530 2190 ε
553 2147 724 2190 Scilicet
736 2154 956 2200 exspectas
970 2178 981 2195 ,
1004 2151 1055 2187 ut
1071 2152 1113 2187 le

257 2215 302 2256 ln
321 2216 514 2257 convivia
533 2215 697 2256 ducam.
721 2211 888 2254 Hnms.

305 2293 326 2333 7
337 2293 369 2319 1.
382 2276 589 2334 Augusta.
604 2277 840 2332 Augustum
855 2282 1055 2318 sanctum
1065 2280 1111 2318 et

254 2339 506 2398 religiosum
517 2340 731 2399 significat
747 2357 757 2392 ;
774 2339 859 2384 Ov.
876 2339 921 2382 in
938 2338 1051 2382 Fast.
1069 2339 1107 2392 1,

257 2404 342 2465 609
355 2421 366 2450 ι
378 2423 399 2444 «ι
414 2406 574 2451 Sancta
586 2415 744 2450 vocant
756 2414 933 2463 augusta
949 2413 1111 2462 patres,

262 2479 442 2527 augusta
466 2472 686 2516 vocantur¹
703 2471 889 2528 Templa
909 2468 1115 2514 sacerdo-

262 2543 357 2578 tum
372 2535 456 2579 rite
466 2535 603 2579 dicata
617 2551 765 2578 manu.
781 2555 802 2574 a»
817 2535 876 2578 Et
888 2533 978 2579 loca
998 2549 1113 2591 quo-

261 2615 345 2657 que
360 2600 557 2658 religiosa
571 2633 582 2654 ,
604 2609 649 2644 et
665 2601 710 2643 in
731 2600 887 2657 quibus
903 2606 1114 2656 augurato

262 2661 366 2719 quid
389 2674 687 2719 consecratur,
710 2671 891 2720 augusta
909 2663 1116 2708 dicuntur

262 2731 315 2775 ab
335 2739 466 2775 auctu
480 2763 493 2786 ,
520 2731 587 2774 vel
601 2730 653 2774 ab
672 2730 817 2774 avium
837 2739 958 2788 gestu
973 2737 1117 2787 gustu-

264 2813 330 2841 ve.
349 2800 492 2854 Dique
501 2801 694 2841 Iocorum.
715 2795 966 2855 Apollinem
981 2795 1115 2839 palat.

263 2862 471 2918 Dianam,
482 2863 513 2907 J
515 2879 641 2907 ovem
655 2872 742 2920 opt.
752 2862 1114 2916 max.J11nonem,

263 2921 546 2983 Minervam,
589 2928 693 2972 alios
719 2928 838 2972 Deos
866 2927 1072 2984 Deasque
1102 2942 1113 2970 t

260 2993 506 3051 velpotius‚
524 2993 716 3051 intellige
734 2994 984 3050 Augustum
1005 3025 1015 3046 ‚
1041 2991 1117 3049 qui

264 3060 412 3105 vivens
434 3060 604 3105 divinos
623 3060 784 3106 meruit
805 3060 1007 3104 honores.

257 3123 259 3125 ’
321 3142 386 3182 72.
404 3126 605 3180 Fabam,-
634 3126 688 3170 de
709 3125 854 3170 exsilio
872 3142 952 3169 suo
975 3126 1119 3182 loqui-

268 3199 356 3245 tur,
371 3207 459 3248 quo
472 3192 524 3235 ab
538 3192 752 3250 Augusto,
770 3192 890 3250 quasi
903 3192 1090 3236 fulmine
1104 3226 1116 3248 ,

267 3257 559 3314 proturbatus.

299 3322 362 3378 73.
371 3323 482 3366 Esse
493 3322 742 3378 quidemSic
752 3322 823 3366 lib.
836 3322 894 3376 V,
908 3322 975 3366 El.
984 3336 1037 3376 11,
1049 3323 1098 3381 37
1106 3356 1117 3378 ,

272 3387 325 3431 ad
343 3403 551 3432 uxorem:
572 3406 594 3427 «
615 3388 738 3446 Quid
757 3389 927 3433 dubitas
942 3398 985 3432 et
1000 3389 1119 3432 adire

274 3451 400 3497 times
415 3452 436 3496 ?
452 3452 606 3498 accede
626 3469 815 3511 togaque
839 3469 847 3498 :
871 3452 1044 3498 Caesare
1057 3453 1121 3498 nil

1193 2011 1347 2068 ingens
1380 2009 1527 2054 mitius
1560 2006 1677 2052 orbis
1700 2005 1844 2050 babet.
1875 2024 1896 2043 ιο
1928 2006 2047 2049 Tum

1193 2085 1237 2120 et
1251 2075 1341 2120 aliis
1362 2075 1463 2119 locis
1479 2074 1574 2130 ejus
1592 2071 1872 2116 clementiam
1889 2070 2047 2114 laudat.

1249 2159 1313 2198 77.
1348 2142 1399 2184 Si
1417 2156 1502 2197 qua
1529 2146 1727 2189 veteres;
1761 2136 1830 2179 alii
1862 2137 1913 2179 Sae·
1932 2153 2047 2193 que:

1190 2210 1383 2251 secedere
1399 2206 1533 2251 etiam
1549 2204 1792 2248 Thuaneus
1806 2202 1936 2246 liber:
1960 2202 2050 2246 duo

1194 2271 1265 2316 alii
1287 2274 1494 2315 decedere.
1516 2270 1686 2313 Hssms.

1247 2339 1315 2383 80.
1358 2340 1544 2392 Tangere
1574 2337 1715 2378 nolle!-
1740 2336 1922 2390 Iungere
1951 2334 2051 2378 sra-

1195 2409 1427 2459 gmentum
1449 2399 1812 2443 Boxhornianum
1829 2431 1841 2453 ,
1870 2408 1918 2442 ut
1940 2398 2051 2442 Met.

1198 2467 1272 2520 11,
1295 2482 1404 2509 vers.
1432 2466 1508 2510 118
1535 2481 1545 2509 ε
1573 2466 1755 2520 langere
1770 2480 1898 2520 equos
1927 2466 2050 2507 Titan

1196 2535 1406 2578 velocibus
1423 2536 1600 2587 imperat
1619 2532 1761 2575 Horis.
1781 2530 1949 2574 Hzms.

1251 2601 1317 2643 81.
1344 2599 1479 2643 Arma
1489 2599 1624 2642 Iovis.
1641 2597 1825 2655 Augusti
1843 2598 1967 2640 iram.

1251 2666 1319 2709 83.
1347 2666 1601 2722 Quicumque
1622 2667 1825 2721 Argolica
1844 2667 1895 2707 de
1911 2668 2053 2708 classe

1201 2729 1569 2786 Caphareasugit,
1594 2738 1674 2773 etc.
1695 2728 1835 2773 Graeci
1850 2745 2024 2786 quoque
2038 2762 2049 2783 ‚

1198 2796 1272 2853 qui
1293 2795 1429 2840 semel
1453 2803 1758 2852 tempestatem
1783 2803 2015 2838 evaserunt
2039 2829 2048 2847 ,

1198 2860 1312 2918 apud
1344 2869 1546 2903 montem
1579 2858 1807 2917 Capliarea
1830 2892 1842 2913 ,
1878 2875 2053 2916 semper

1198 2924 1291 2970 loca
1312 2925 1382 2968 illa
1404 2925 1613 2969 devitant.
1639 2924 1815 2981 Quibus
1847 2924 2052 2981 exemplis

1198 2991 1387 3050 colligit,
1409 3008 1454 3037 se
1477 3007 1651 3049 quoque
1674 2990 1764 3034 loca
1781 3024 1792 3044 ,
1818 2990 1936 3033 unde
1957 2991 2047 3033 sul-—

1199 3056 1318 3101 mine
1333 3066 1573 3115 prostratus
1584 3066 1665 3109 est,
1679 3055 1831 3113 fugere
1844 3055 2052 3099 statuisse.

1201 3121 1317 3165 Sane
1338 3121 1550 3179 Nauplius
1568 3120 1814 3166 Palamedis
1833 3129 1957 3178 pater
1971 3154 1982 3174 ‚
2006 3129 2054 3162 ut

1202 3186 1278 3230 filii
1297 3188 1365 3231 sui
1386 3203 1541 3230 necem
1565 3186 1865 3240 ulcisceretur,
1888 3186 2053 3229 elevata

1200 3254 1340 3299 facula
1370 3253 1544 3311 signum
1578 3253 1699 3297 dedit
1734 3270 1785 3297 ex
1822 3253 2054 3310 Capharec·

1203 3320 1381 3363 Euboeae
1395 3320 1703 3376 promontorio
1721 3353 1731 3374 ,
1755 3319 1919 3363 Graecis
1934 3335 2053 3361 nau-

1200 3387 1342 3445 fragio
1360 3387 1689 3439 laborantibus;
1725 3387 1800 3444 qui
1829 3386 2056 3430 credentes

1202 3451 1374 3512 ignibus
1388 3451 1569 3497 indicari
1582 3461 1759 3510 portum
1773 3452 2057 3501 tutissimum.
