2280 3776
511 273 963 330 TRISTIUM
1003 275 1162 329 LIB.
1215 277 1339 331 111.
1387 276 1630 333 ELEG.
1681 280 1730 331 Ι.

1900 281 1998 333 103

327 388 528 465 Caesar,
565 389 691 452 ades
718 405 846 452 voto
864 436 880 461 ‚
907 391 1137 454 maxime
1166 392 1333 465 Dive‚
1362 394 1519 456 meo!
1582 423 1585 426 ¹

245 487 487 559 Interea,
522 487 687 548 statio
719 486 981 570 quoniam
1004 488 1139 549 mihi
1170 488 1391 572 publica
1418 488 1600 551 clausa
1628 504 1743 564 est,

324 581 544 646 Privato
573 584 733 646 liceat
761 582 1041 647 delituisse
1067 585 1190 648 loco
1213 612 1226 649 :
1952 607 2006 645 θη

245 682 360 743 Vos
392 706 639 766 quoque,
672 681 719 743 si
747 681 829 743 fas
860 697 968 757 est,
998 682 1223 745 confusa
1243 682 1462 767 pudore
1489 682 1719 767 repulsae

325 777 566 852 Sumite,
598 777 851 863 plebeiae‚
884 779 1121 842 carmina
1146 795 1361 855 nostra,
1392 803 1602 841 manuS.

833 1059 1231 1131 ELEGIA
1281 1061 1389 1131 II.

787 1343 1469 1403 ARGUMENTUM.

245 1481 297 1526 In
315 1479 396 1526 hac
415 1479 565 1539 Elegia
582 1512 595 1536 ,
623 1495 754 1538 quam
772 1480 966 1538 plerique
982 1498 1213 1541 perperam
1228 1482 1417 1541 jungunt
1436 1498 1536 1527 cum
1554 1482 1774 1540 superiore
1786 1516 1798 1537 ‚
1817 1483 2014 1541 queritur

298 1557 426 1607 poeta
446 1548 563 1606 quod
580 1548 668 1593 fata
688 1565 789 1593 eurn
810 1549 855 1592 in
876 1550 1100 1609 Scythiam
1120 1551 1441 1607 computes-inu
1465 1567 1545 1596 nec
1563 1550 1773 1596 sacerdoti
1792 1567 1870 1596 suo
1883 1568 2012 1608 open·

295 1616 502 1671 tulerint,
532 1625 607 1660 aut
629 1615 786 1674 Apollo
802 1649 814 1672 ,
838 1625 912 1660 aut
931 1616 1126 1661 Pierides
1144 1633 1153 1661 :
1174 1617 1332 1661 deinde
1354 1617 1480 1674 dicit,
1504 1635 1547 1663 se
1569 1619 1613 1662 in
1637 1619 1813 1678 Scythia
1836 1618 2015 1662 adsiduo

298 1686 405 1732 fletu
416 1696 659 1734 etmoerore
680 1704 888 1732 marcere.
902 1688 1133 1732 Postremo
1146 1687 1265 1733 Deos
1286 1698 1487 1747 precatur
1501 1723 1515 1746 ,
1535 1697 1585 1734 ut
1606 1689 1786 1734 tandem
1804 1688 1883 1734 sibi
1902 1689 2013 1733 mori

295 1757 434 1802 liceat.

245 1883 464 1970 ERGO
494 1922 610 1968 erat
636 1908 695 1970 in
723 1909 852 1970 fatis
884 1908 1166 1993 Scythiam
1194 1934 1415 1995 quoque
1446 1912 1617 1975 visere
1645 1913 1852 1975 nostris
1870 1960 1885 1985 ‚

327 2001 576 2088 Quaeque
602 2004 884 2088 Lycaonio
916 2018 1057 2065 terra
1083 2005 1189 2066 sub
1221 2028 1318 2066 axe
1344 2006 1521 2089 jacet?

244 2099 358 2160 Nec
382 2122 508 2174 vos,
540 2098 784 2162 Pierides
804 2146 820 2173 ‚
853 2123 953 2161 nec
984 2100 1154 2185 stirps
1181 2101 1376 2173 Latoia
1395 2148 1411 2175 ‚
1439 2116 1623 2164 vestro

304 2254 339 2283 1.
360 2238 474 2293 Ergo
486 2243 588 2282 erat.
598 2234 764 2282 Deerat
777 2237 859 2282 hoc
873 2237 1089 2283 distichon

245 2299 340 2345 cod.
359 2301 529 2354 Servii;
566 2301 684 2359 quod
702 2302 840 2346 nostri
858 2302 987 2346 ambo
1012 2302 1091 2345 ha-

245 2365 352 2410 bent
374 2381 386 2409 ι
403 2365 450 2410 in
463 2366 610 2411 multis
623 2375 667 2411 et
680 2367 855 2424 optimis
871 2367 963 2412 haec
977 2367 1089 2411 Ele-

249 2429 318 2487 gia
335 2430 671 2475 continuabatur
691 2431 917 2489 superiori.

303 2512 342 2537 α.
358 2495 442 2538 Sub
453 2498 770 2555 axeLycaom’o.
791 2496 884 2540 Sub
904 2506 1098 2554 septem-

248 2559 423 2603 trionali
453 2559 576 2618 plaga
593 2592 606 2615 ,
637 2558 698 2605 sic
717 2560 927 2618 adpellata
948 2579 972 2604 a
993 2561 1098 2605 Cal-

248 2624 345 2668 listo
371 2624 585 2683 Lycaonis
613 2625 724 2681 filia,
755 2641 852 2683 quae
874 2627 920 2670 in
947 2628 1099 2684 majo-

247 2704 345 2735 rem
358 2705 504 2734 ursam
517 2699 683 2735 mutata
693 2723 706 2747 ,
721 2692 943 2750 Lycaonia
954 2709 978 2735 a
991 2708 1100 2750 poe-

248 2754 303 2798 tis
324 2755 594 2801 nominatur.

303 2820 343 2864 3.
362 2823 454 2868 Nec
465 2826 593 2878 ἐπι-μ
607 2822 805 2867 Latonia.
820 2824 976 2867 Lasoia
990 2840 1098 2881 qua·

249 2893 350 2930 tuor
383 2896 554 2933 veteres
579 2906 590 2941 ;
630 2889 661 2932 J
664 2889 851 2933 unianus
885 2891 1065 2934 Latoica
1084 2905 1102 2944 ‚·

252 2949 364 2994 Met.
378 2952 516 3008 VIII,
536 2953 586 2997 16
601 2969 612 2997 :
628 2971 650 2991 «
665 2953 719 2997 In
734 2954 890 3011 quibus
905 2964 1101 2999 auratam

252 3014 395 3072 proles
411 3016 586 3062 Latoica
601 3019 746 3064 fertur
758 3020 1018 3079 Deposuisse
1036 3022 1104 3082 ly-

251 3097 362 3124 ram.
372 3098 394 3121 »
404 3082 472 3126 Ita
482 3083 683 3129 meliores
691 3086 838 3143 scripti
852 3103 862 3139 ;
880 3095 923 3130 et
938 3097 1102 3144 postea,

254 3147 336 3204 394
356 3161 367 3189 ε
390 3163 414 3184 «
437 3147 534 3203 Ipsa
561 3148 648 3192 suis
666 3149 766 3194 licet
785 3150 904 3194 hunc
922 3151 1105 3195 Latonia

259 3218 460 3267 protegat
472 3211 602 3255 armis
616 3230 628 3265 ς
644 3229 666 3250 »
683 3213 710 3257 l.
725 3215 792 3258 xl
805 3246 817 3268 ,
836 3215 912 3274 196
928 3231 940 3259 ε
955 3234 977 3253 «
991 3216 1106 3259 Lao-

263 3275 509 3320 medonteis
528 3277 704 3322 Latoius
731 3278 893 3324 adstitit
919 3281 1056 3333 arvis;
1081 3299 1105 3320 ν»

261 3350 306 3384 et
318 3350 468 3398 antea,
485 3343 512 3386 l.
527 3344 619 3388 VII
631 3378 643 3400 ,
661 3344 742 3399 384
760 3361 770 3389 :
789 3363 809 3383 «
826 3345 935 3390 Inde
952 3346 1106 3390 Calau-

264 3421 351 3450 reae
367 3438 380 3461 ,
400 3407 602 3453 Latoidos
614 3408 790 3467 adspicit
800 3425 911 3454 arva.
929 3427 951 3449 ²»
976 3411 1107 3455 Trist.

1172 2240 1232 2294 V,
1243 2239 1355 2295 Em,
1372 2244 1448 2299 57:
1465 2259 1486 2279 «ι
1501 2241 1657 2299 Quum
1672 2242 1834 2287 faceret
1845 2243 2016 2287 Nioben

1172 2306 1325 2348 orbam
1346 2306 1496 2350 Latoia
1518 2308 1658 2364 proles
1676 2326 1687 2360 ;
1712 2326 1734 2345 »
1756 2316 1804 2350 ut
1826 2308 2022 2351 scriben-

1173 2369 1280 2412 dum
1296 2386 1385 2413 esse
1397 2387 1576 2415 censeo:
1593 2372 1693 2416 hinc
1709 2380 1753 2415 et
1764 2374 1927 2416 Latous
1942 2389 2021 2430 pro

1172 2435 1380 2478 batonim
1386 2436 1543 2492 passim
1554 2436 1666 2494 apud
1683 2445 1833 2494 poetas
1844 2437 1998 2494 Apollo
2010 2455 2021 2481 z

1175 2498 1344 2542 codices
1364 2508 1512 2544 tamen
1535 2502 1810 2546 vetustissimi
1829 2502 1899 2545 lib.
1912 2504 2022 2557 VII,

1177 2571 1222 2606 et
1232 2562 1346 2608 VIII
1363 2597 1376 2619 ‚
1393 2566 1591 2610 Letoidos
1606 2599 1617 2617 ‚
1644 2575 1687 2610 et
1698 2570 1840 2622 proles
1850 2568 2025 2620 Leloz'a,·

1177 2627 1236 2671 sic
1247 2629 1359 2685 apud
1371 2629 1547 2675 Graecos
1558 2638 1703 2682 λητοῒος
1714 2663 1726 2685 ,
1742 2638 1886 2680 >etz-0123
1899 2663 1911 2686 ,
1921 2631 2026 2675 AEo·

1177 2693 1285 2747 lice;
1308 2694 1354 2738 in
1373 2696 1565 2740 versibus
1580 2696 1790 2739 Varronis
1817 2701 1918 2741 λοετῶ
1947 2713 2027 2753 pro

1180 2757 1280 2809 λήτὼ
1297 2777 1308 2812 ;
1329 2760 1442 2817 apud
1463 2760 1710 2804 Ausonium
1729 2760 1930 2817 Epitapb.
1947 2761 2028 2804 he-

1179 2838 1307 2866 roum
1324 2826 1504 2869 XXVII
1522 2858 1534 2879 ,
1558 2825 1603 2867 in
1624 2825 1861 2868 veterrimo
1879 2825 2026 2869 codice

1180 2887 1394 2932 Vossiano
1407 2921 1420 2943 ‚
1443 2891 1562 2932 lesi
1574 2893 1744 2933 numina
1766 2891 1998 2933 Leto1dum
2014 2907 2026 2933 .-

1182 2952 1297 3009 apud
1318 2953 1473 2998 Horat.
1496 2953 1567 2996 lib.
1589 2954 1610 2997 I
1627 2987 1640 3009 ‚
1670 2954 1759 2997 Od.
1785 2969 1893 2998 xxx1
1911 2988 1923 3009 ‚
1952 2971 2026 3012 17:

1185 3038 1206 3058 «ι
1229 3018 1334 3062 Frui
1360 3020 1516 3076 paratis
1538 3028 1581 3063 et
1603 3020 1745 3063 valido
1767 3021 1875 3063 mihi
1894 3053 1906 3075 ,
1935 3021 2025 3063 La—

1184 3093 1255 3128 toe
1267 3117 1279 3139 ,
1294 3084 1450 3135 dones;
1465 3085 1557 3128 »ita
1572 3085 1879 3141 antiquissimae
1891 3102 2031 3130 mem-

1184 3150 1329 3193 branae
1343 3148 1388 3190 in
1403 3148 1662 3192 bibliotheca
1675 3149 1906 3194 academiae
1916 3151 2031 3194 Lei-

1185 3213 1339 3257 densis.
1357 3214 1416 3257 H.
1433 3236 1488 3246 —
1507 3214 1639 3270 Stirps
1658 3217 1855 3259 Latonia.
1875 3217 2035 3274 Apollo

1186 3280 1363 3323 Latonae
1390 3287 1434 3323 et
1464 3279 1586 3324 Jovis
1618 3280 1731 3325 filius
1752 3299 1764 3334 ς
1799 3283 2031 3326 Musarum

1186 3343 1271 3387 dux
1291 3352 1336 3387 et
1361 3359 1547 3403 praeses,
1576 3348 1841 3404 μουσηγέτηςς
1874 3356 2032 3406 poeta-

1186 3425 1287 3454 rum
1307 3409 1441 3456 Deus.
