2280 3776
430 372 869 445 TRISTIUM
909 373 1072 428 LIB.
1124 372 1257 427 111.
1298 371 1542 427 ELEG.
1587 372 1663 425 X.

1833 372 1930 425 133

259 490 403 551 Tum
428 489 604 573 liquet
630 488 727 550 has
755 500 942 566 gentes
968 509 1063 547 axe
1093 501 1356 547 tremente
1382 485 1571 568 premi.

181 588 289 649 Nix
316 588 479 670 jacet3
506 602 557 647 et
581 587 777 668 jactam
804 607 904 644 nec
933 582 1042 655 sol,
1069 582 1326 666 pluviaeve
1358 581 1672 643 resolvunt:

262 684 489 768 indurat
511 684 715 742 Boreas
735 727 750 751 ,
778 693 1207 763 perpetuamque
1235 679 1378 739 facit.

183 780 363 865 Ergo,
391 779 486 839 ubi
517 777 738 839 delicuit
765 777 1014 838 nondum
1045 776 1227 859 prior,
1258 774 1423 836 altera
1449 772 1631 846 venit3
1892 787 1940 829 15

266 873 339 935 Bt
370 875 551 937 solet
535 899 595 936 m
623 875 812 936 multis
838 875 990 936 bima
1016 895 1231 934 maneie
1260 871 1414 933 lociS.

186 970 466 1053 Tantaque
497 971 757 1032 commoti
785 971 867 1031 vis
895 984 977 1030 est
1005 969 1322 1053 Aquilonis,
1351 982 1413 1028 ut
1438 966 1573 1028 altas

267 1065 473 1146 AEquet
498 1064 664 1125 humo
693 1079 902 1137 turreS,
934 1078 1180 1147 tectaque
1211 1077 1365 1146 rapta
1392 1062 1544 1122 ferat.
1592 1131 1597 1139 *

188 1156 461 1229 Pellibus,
490 1174 543 1219 et
572 1161 708 1221 sutis
736 1175 922 1220 arcent
950 1157 1086 1219 male
1111 1158 1313 1236 frigora
1339 1157 1583 1218 braccis·
1569 1202 1584 1230 ,

270 1254 490 1335 Oraque
521 1253 586 1314 de
617 1268 735 1313 toto
767 1277 994 1337 corpore
1025 1252 1144 1313 sola
1170 1266 1374 1334 patent.
1898 1276 1950 1306 ιο

189 1347 342 1431 Saepe
375 1363 573 1409 sonant
600 1350 737 1409 moti
766 1348 933 1428 glacie
966 1349 1236 1431 pendente
1259 1345 1469 1431 capilli,

270 1447 344 1506 Et
369 1446 510 1507 nitet
536 1446 765 1516 inducto
797 1445 1027 1507 candida
1055 1446 1225 1507 barba
1256 1444 1381 1524 gelu
1407 1469 1421 1504 ε

140 1580 145 1583 -
192 1541 463 1624 Nudaque
489 1544 802 1605 consistunt
827 1542 1054 1604 formam
1086 1542 1352 1604 servantia
1386 1554 1538 1600 testae

275 1636 446 1711 Vina3
473 1662 574 1700 nec
600 1640 795 1701 hausta
822 1639 984 1713 meri,
1017 1638 1111 1699 sed
1145 1638 1267 1698 data
1292 1638 1464 1697 frusta
1490 1635 1708 1695 bibunt.

199 1733 352 1813 Quid
377 1733 598 1817 loquar,
621 1750 687 1797 ut
714 1735 880 1796 vincti
907 1748 1255 1796 concrescant
1283 1732 1485 1810 frigore
1515 1731 1644 1803 rivi,
1904 1747 1957 1791 25

279 1829 470 1912 Deque
497 1830 617 1892 lacu
642 1830 862 1910 fragiles
888 1829 1219 1892 effodiantur
1244 1829 1431 1912 aquae?

201 2003 300 2032 mox
315 1989 532 2046 sequitur:
551 1987 682 2034 etiam
700 1989 754 2034 de
774 1990 938 2043 Borea,
960 2005 1037 2041 seu

1159 1976 1162 1978 v
1179 2003 1240 2046 ¹9·
1261 1987 1449 2030 Pellibus
1462 2017 1473 2033 ,
1500 1991 1544 2027 e!
1562 1986 1667 2027 sutis
1687 1989 1832 2026 arcent
1848 1986 1963 2025 mala

202 2053 432 2110 Aquilone.
463 2055 590 2111 Piget
620 2054 806 2098 diversas
834 2055 1039 2099 lectiones
1108 2051 1275 2109 frigam
1297 2056 1471 2095 braccls.
1493 2051 1643 2094 Scribe
1664 2057 1807 2092 arcent
1829 2053 1965 2098 male,-

203 2117 430 2162 corradere
450 2135 460 2162 ε
482 2118 587 2162 mihi
609 2119 727 2162 enim
748 2128 889 2163 totum
909 2119 1039 2162 disti-

204 2182 315 2227 chon
339 2199 418 2240 pro
447 2184 688 2228 adulterino
721 2195 798 2230 est.
835 2186 1040 2229 Proximo

206 2255 353 2291 tamen
386 2265 512 2292 versu
532 2282 544 2303 ,
582 2267 660 2307 pro
687 2259 810 2306 patet
824 2285 834 2299 ,
875 2266 1042 2308 repono

210 2316 338 2368 liquet
359 2330 409 2356 ex
427 2316 619 2372 quinque
635 2317 798 2374 scriptis
814 2334 824 2361 ε
841 2326 905 2360 est
924 2317 1044 2360 enim

210 2376 356 2421 odiosa
378 2380 590 2435 repetitio.
616 2381 674 2423 H.

271 2458 288 2483 1
297 2459 333 2483 α.
345 2442 444 2485 Axe
456 2451 659 2489 tremente.
676 2444 766 2489 Axe
778 2452 962 2488 nutante
975 2444 1054 2488 ni-v

214 2505 304 2549 mio
319 2515 464 2551 vento.

275 2577 336 2618 15.
368 2575 456 2616 Ubi
477 2576 653 2630 deliquit.
681 2575 875 2630 Quando
904 2574 1052 2630 lique-

215 2637 328 2681 facta
349 2646 412 2681 est
429 2655 439 2684 z
458 2653 482 2680 a
500 2641 663 2694 deliquo
675 2640 820 2682 verbo.
835 2639 1055 2682 Neoterici

219 2701 395 2758 quidam
410 2702 524 2745 scioli
543 2702 658 2746 hunc
670 2702 815 2746 locum
829 2703 886 2746 ita
903 2719 1058 2746 emen—

220 2765 326 2809 dant
340 2798 353 2821 ,
379 2767 495 2820 Ergo
517 2769 594 2809 ubi
610 2770 805 2811 delicuit.
832 2783 924 2809 non
943 2769 1057 2813 deli-

222 2834 331 2887 quit,
353 2830 601 2887 ignorantes
614 2863 626 2885 ,
647 2848 671 2874 a
691 2835 875 2887 deliqueo
893 2841 1060 2888 praete-

222 2897 355 2940 ritum
375 2896 483 2940 *fieri
508 2901 684 2949 delicui,
718 2915 742 2941 a
766 2901 928 2954 deliquo
956 2914 1061 2942 vero

225 2962 403 3017 deliqui,
437 2962 554 3018 quod
588 2971 652 3014 est
672 2995 685 3017 ,
722 2963 768 3005 in
796 2963 1026 3006 humorem
1047 2993 1060 3015 ‚

228 3024 314 3066 sive
330 3023 544 3080 liquorem
562 3027 727 3070 resolvo
742 3059 755 3081 ,
777 3026 936 3070 defluo.
960 3027 1065 3068 Vir-

231 3087 353 3144 gilius
375 3103 386 3129 t
413 3106 436 3127 α
460 3091 579 3133 Vere
609 3105 724 3133 novo
756 3090 919 3147 gelidus
948 3090 1065 3134 canis

233 3169 370 3209 quum
388 3155 607 3198 montibus
632 3155 791 3198 humor
813 3157 1025 3212 Liquitur.
1042 3175 1065 3195 ι»

235 3218 470 3262 Plautusin
483 3217 640 3261 Casina
654 3234 666 3261 ς
679 3237 700 3256 «ι
720 3219 973 3275 Quamdam
987 3236 1069 3276 pro

236 3283 373 3339 gnatis
386 3284 429 3326 in
442 3284 663 3328 sortiendo
673 3284 914 3341 deliquerit.
927 3305 948 3324 »
962 3287 1070 3342 Qui-

235 3347 315 3391 bus
342 3347 544 3404 exemplis
573 3357 691 3406 patet
715 3359 804 3403 ,·et
833 3353 1003 3407 deliquit
1026 3359 1072 3395 et

238 3415 411 3458 delicuit
427 3414 510 3457 hoc
526 3415 570 3457 in
588 3415 682 3458 loco
697 3415 779 3472 legi
793 3431 926 3472 posse.
941 3416 1070 3458 Mun.

298 3479 360 3522 16.
382 3480 520 3524 Bima.
541 3479 625 3527 Nix
638 3478 826 3524 duorum
843 3496 1074 3525 annorum.

1122 2118 1333 2177 quidquid
1366 2118 1459 2161 libri
1486 2126 1654 2160 veteres
1676 2115 1963 2160 dissentiunt:

1122 2202 1266 2241 neque
1298 2176 1373 2227 hic
1397 2193 1565 2227 tantum
1586 2200 1597 2232 3
1629 2181 1701 2227 sed
1732 2191 1774 2224 et
1797 2182 1865 2223 lib.
1893 2183 1933 2221 V
1953 2213 1966 2236 ,

1126 2248 1246 2305 Eleg.
1268 2262 1334 2291 vn
1351 2281 1362 2300 ,
1385 2265 1444 2291 vs.
1467 2250 1577 2306 49:«
1595 2245 1784 2289 Pellibus
1803 2255 1847 2288 et
1869 2245 1968 2288 laxis

1127 2325 1276 2358 arcent
1297 2314 1407 2356 male
1428 2313 1590 2368 frigora
1611 2312 1782 2354 braccis.
1802 2330 1822 2348 »

1183 2398 1248 2424 πο.
1267 2383 1432 2434 Oraque
1447 2382 1497 2421 de
1515 2387 1613 2421 toto.
1635 2378 1780 2420 Facies
1798 2386 1971 2420 tantum

1128 2461 1220 2487 non
1238 2444 1488 2487 occultatur,
1518 2444 1702 2486 Bssnsm.

1187 2526 1252 2551 22.
1268 2510 1459 2551 Candida
1470 2510 1613 2550 barba.
1630 2506 1752 2550 Cana
1765 2540 1777 2562 ,
1792 2523 1865 2550 seu
1878 2523 1977 2551 can-

1134 2571 1235 2615 dida
1255 2571 1368 2615 facta
1395 2572 1492 2627 gelu
1511 2603 1524 2625 ,
1546 2580 1591 2615 et
1617 2572 1736 2628 quasi
1765 2573 1979 2629 argenteis

1135 2638 1342 2681 ramentis
1362 2637 1572 2695 adspersa.
1598 2639 1648 2682 P.

1193 2704 1256 2746 23.
1271 2705 1475 2758 Nudaque
1489 2708 1723 2746 consistunt
1731 2706 1850 2746 Vina.
1862 2705 1979 2760 Lege

1143 2769 1331 2823 Udaque,·
1347 2767 1463 2823 quod
1479 2767 1748 2810 Combianus
1762 2768 1870 2811 liber
1879 2784 1982 2811 con·

1139 2834 1308 2884 firman
1328 2833 1481 2891 virgil.
1499 2834 1659 2891 Georg.
1682 2835 1750 2878 111
1766 2867 1779 2887 ,
1799 2852 1857 2878 vs.
1878 2837 1984 2889 364:

1142 2914 1164 2933 «
1188 2895 1462 2952 Caeduntque
1476 2898 1696 2940 securibus
1714 2896 1894 2939 humida
1915 2897 1982 2938 vi-

1142 2977 1212 3004 na.
1224 2979 1245 2999 n
1258 2961 1373 3004 H.—
1379 2963 1550 3017 Udaque
1561 2960 1984 3013 cons11etuntsormam

1142 3030 1353 3069 seruantia
1381 3036 1496 3070 teste
1524 3030 1646 3070 Vina.
1669 3026 1786 3067 Vina
1813 3040 1987 3080 quoque

1144 3092 1284 3134 nimio
1308 3091 1470 3148 frigore
1496 3092 1631 3148 gelata
1647 3123 1660 3144 ,
1695 3106 1790 3134 vase
1822 3089 1985 3145 fracto,

1145 3158 1334 3200 sormam
1354 3158 1447 3213 ejus
1468 3158 1675 3200 retinent.

1202 3225 1267 3265 25.
1295 3223 1355 3264 Ut
1375 3226 1521 3265 cuncti
1543 3229 1812 3264 concrescant
1826 3221 1993 3276 frigore

1148 3292 1236 3330 rivi.
1253 3289 1406 3330 Juncte’
1413 3287 1605 3342 quinque
1620 3295 1787 3328 veteres
1802 3301 1991 3340 :repone

1149 3354 1311 3403 vincti;
1343 3349 1566 3406 quomodo
1595 3350 1639 3391 in
1669 3347 1990 3403 Rottendorph.

1151 3424 1298 3471 postea
1318 3414 1466 3457 inveni
1483 3430 1494 3464 ;
1516 3414 1646 3456 Pont.
1665 3413 1737 3456 lib.
1756 3413 1799 3455 11
1813 3445 1824 3465 ‚
1848 3411 1913 3454 El.
1930 3426 1990 3463 11,

1152 3496 1260 3528 vers.
1283 3480 1338 3541 96
1361 3496 1371 3525 ε
1398 3497 1422 3520 «ι
1448 3480 1672 3537 Terraque
1702 3478 1816 3536 pacis
1841 3478 1991 3533 inops.
