2280 3776
296 299 407 370 434

743 302 807 354 P.
863 299 1171 354 OVIDII
1218 290 1607 355 NASONIS

835 572 1344 646 EPISTOLA
1386 577 1518 646 VI.

1051 703 1298 718 mm

995 842 1342 902 BRUTO.

868 1082 1464 1134 ARGUMENTUM.

282 1213 401 1258 Fabii
425 1213 604 1256 Maximi
635 1210 924 1268 deprecator-is
948 1210 1038 1264 sui,
1060 1210 1276 1267 ipsiusque
1305 1211 1493 1268 Augusti
1526 1220 1669 1256 morte
1692 1229 1812 1270 spem
1840 1214 2055 1259 redeundi

335 1298 458 1325 suam
481 1280 712 1324 concidisse
731 1313 742 1334 ,
770 1287 971 1340 questus,
997 1279 1124 1322 Bruti
1155 1278 1262 1324 mite
1293 1279 1523 1338 ingenium
1553 1289 1596 1327 et
1630 1282 1891 1340 supplicibus
1928 1283 2051 1330 facile

335 1350 482 1393 laudat
500 1383 512 1404 ,
536 1359 788 1407 gratamque
806 1358 1004 1394 mentem
1022 1349 1061 1392 ei
1075 1348 1275 1405 spondet.

283 1459 507 1563 QUAM
542 1481 677 1560 legis
695 1528 710 1553 ‚
742 1505 807 1542 ex
835 1480 944 1541 illis
977 1481 1082 1541 tibi
1107 1481 1259 1541 venit
1285 1479 1571 1564 Epistola,
1599 1484 1796 1556 Brute,

355 1583 632 1641 Nasonem
658 1579 836 1640 nolles
865 1580 924 1639 in
952 1578 1157 1662 quibus
1187 1602 1299 1640 esse
1320 1626 1335 1652 ,
1366 1577 1520 1640 locis.

275 1675 381 1736 Sed
401 1723 414 1746 ‚
446 1691 507 1736 tu
538 1676 689 1758 quod
715 1674 892 1736 nolles
912 1723 925 1745 ,
954 1674 1134 1735 voluit
1159 1674 1467 1736 miserabile
1489 1675 1699 1737 fatum:

353 1772 478 1831 Heu
505 1771 668 1842 mihi,
700 1769 827 1853 plus
858 1769 1028 1843 illud,
1063 1794 1227 1854 quam
1251 1785 1347 1831 tua
1371 1786 1523 1842 vota,
1553 1770 1728 1831 valet!

271 1869 337 1926 In
367 1868 588 1949 Scythia
620 1868 789 1929 nobis
806 1868 1191 1952 quinquennis
1219 1866 1514 1949 Olympias
1541 1881 1662 1928 aeta
1694 1882 1812 1928 est:
2021 1883 2047 1925 5

350 1963 475 2019 Jam
509 1976 724 2043 tempus
752 1962 914 2021 lustri
943 1963 1142 2022 transit
1167 1962 1227 2020 in
1250 1959 1492 2021 alterius.

270 2057 488 2135 Perstat
516 2057 659 2115 enim
689 2056 913 2140 fortuna
942 2071 1131 2128 tenax,
1161 2057 1415 2138 votisque
1444 2055 1746 2134 malignum

300 2150 303 2154 ¹
345 2156 608 2236 -Opponit
633 2154 839 2214 nostris
868 2153 1133 2214 insidiosa·
1156 2154 1367 2236 pedem.
1612 2140 1614 2142 V

273 2254 470 2312 Certus
500 2273 615 2310 eras
644 2274 748 2332 pro
776 2273 899 2339 men
915 2250 1098 2327 Fabiae
1120 2249 1270 2323 laus,
1299 2250 1566 2321 Maxime,
1599 2247 1804 2335 gentis,

290 2347 292 2351 ¹
347 2344 562 2411 Numen
597 2347 667 2407 ad
693 2348 1012 2424 Augustum
1042 2345 1291 2429 supplice
1320 2368 1451 2404 voce
1478 2345 1654 2428 loqui.
1996 2375 2044 2402 ιο

270 2445 492 2534 Occidis
520 2457 643 2522 ante
665 2447 905 2529 preces?
925 2438 1249 2524 causamque
1283 2466 1383 2520 ego
1400 2488 1415 2513 ,
1444 2441 1688 2502 Maxime
1706 2489 1722 2513 ‚
1748 2441 1943 2515 mortis
1962 2490 1976 2516 ‚

317 2588 357 2641 51
378 2596 597 2653 Olympias
616 2595 900 2650 quinquennis.
915 2591 1110 2648 Tempus

262 2662 369 2707 illud
383 2695 395 2716 ‚
421 2660 538 2717 quod
558 2651 593 2719 'a'
608 2658 777 2702 Graecis'
792 2657 1020 2718 Olympias
1043 2657 1112 2701 ad-

265 2718 450 2784 pellatur
466 2760 477 2780 ,
505 2722 844 2782 quinquennale.

319 2796 357 2838 6.
371 2797 472 2849 „Iam
483 2797 648 2854 tcaqsq't.
659 2792 688 2834 J
690 2807 760 2834 am
771 2788 999 2852 Olympias
1009 2790 1111 2834 alte-

263 2878 312 2904 ra
323 2855 593 2916 incipite-flu
613 2867 772 2912 tempus
788 2859 962 2898 alterius
975 2859 1108 2904 lustri.

265 2927 319 2970 In
336 2923 702 2980 'tempus-alterius
722 2919 1028 2978 quinquennii.

318 3004 358 3047 9..
385 2989 501 3030 Laus
528 2989 713 3029 maxima
731 2989 890 3040 gentis.
921 2986 1111 3035 Maxime

268 3045 433 3115 veteres
454 3052 661 3110 plerique.
687 3051 854 3114 Hmrzs.
917 3050 919 3052 ’

324 3133 339 3159 1
351 3122 397 3159 1.'
416 3119 589 3160 Occidis
608 3124 707 3169 ante
725 3130 885 3171 preces.
917 3113 1107 3171 lucreris

264 3190 499 3237 antequam
530 3196 610 3237 pro
637 3197 707 3223 me
741 3180 976 3236 precareris
1005 3179 1105 3221 Au-

263 3250 694 3303 gustum.—-Causam
712 3256 792 3289 tuoe
809 3250 962 3289 mortis.
974 3246 1106 3288 Naso-

262 3327 367 3355 nem
386 3311 505 3353 enim
526 3312 651 3354 unice
676 3313 846 3354 amabat
864 3311 1105 3353 Maximus:

264 3387 309 3420 et
334 3393 470 3432 quum
492 3391 582 3418 non
604 3385 746 3431 posset
770 3377 883 3418 serre
911 3377 1004 3430 ejus
1027 3376 1103 3418 ab-

261 3441 442 3485 sentiam
479 3449 523 3482 et
556 3440 750 3481 exsilium
774 3471 788 3494 ,
830 3455 919 3496 prae
951 3440 1100 3482 dolore

1193 2610 1296 2638 eum
1315 2594 1490 2651 periisse
1508 2603 1632 2651 putat
1652 2602 1791 2650 poeta.
1807 2594 1878 2638 De
1896 2604 2039 2649 morte

1194 2659 1378 2709 Maximi
1391 2659 1600 2711 meminit
1621 2659 1796 2715 Tacitus
1809 2692 1821 2714 ,
1843 2660 1965 2711 Anu·
1986 2660 2010 2704 Ι
2024 2692 2035 2713 ,

1192 2724 1258 2769 his
1280 2724 1420 2781 ,verbis
1440 2741 1450 2768 :
1474 2742 1497 2762 κ
1522 2723 1699 2782 Quippe
1720 2739 1875 2774 rumor
1891 2724 2034 2769 ,inces-

1189 2798 1330 2844 serat,
1356 2805 1518 2846 paucos
1533 2797 1632 2840 ante
1657 2805 1866 2847 menses,¹
1881 2788 2037 2845 Augu·-

1189 2866 1306 2906 stum
1328 2856 1479 2907 electis
1493 2855 1673 2910 consciis
1684 2889 1696 2910 ,
1715 2864 1761 2898 et
1773 2855 1930 2905 comite
1945 2872 2035 2901 uno

1192 2919 1328 2965 Fabio
1342 2912 1536 2969 Maximo
1547 2951 1560 2972 ‚
1578 2917 1823 2973 Planasiam
1837 2928 2032 2974 vectum,

1192 2985 1246 3027 ad
1266 2983 1498 3029 visendum
1514 2983 1778 3040 Agrippam:
1799 2984 1957 3041 multas
1972 2983 2034 3027 .il-

1189 3048 1276 3101 linc
1304 3048 1529 3106 utrimque·
1560 3048 1769 3107 lacrymas
1793 3081 1805 3102 ,
1830 3057 1885 3093 et
1911 3049 2032 3105 signa
2069 3079 2074 3087 ν

1188 3112 1375 3163 caritatis
1398 3146 1410 3168 ,
1436 3129 1645 3172 spemque
1675 3130 1727 3169 eg
1753 3129 1807 3158 eo
1831 3113 1926 3161 fore
1944 3146 1957 3168 ,
1983 3123 2032 3156 ut

1187 3178 1358 3233 juvenis
1392 3178 1618 3234 penatibus
1654 3179 1720 3220 avi
1758 3177 2030 3220 redderetur.

1190 3242 1323 3298 Quod
1345 3243 1589 3285 Maximum
1607 3243 1729 3285 uxori
1746 3242 1920 3285 Martiae
1935 3257 2029 3297 ape·

1185 3309 1318 3351 ruisse
1337 3341 1348 3361 ,
1371 3308 1487 3350 illam
1511 3308 1641 3352 Liviae
1656 3341 1668 3361 ,
1692 3306 1745 3350 C.
1769 3308 1962 3351 Nauium
1982 3304 2026 3346 id

1188 3372 1362 3416 Caesari.
1384 3374 1536 3429 Neque
1550 3372 1690 3416 multo
1710 3382 1806 3429 post
1819 3371 2026 3415 exstincto

1185 3437 1381 3480 Maximo
1402 3470 1413 3490 ,
1440 3438 1622 3480 dubium
1646 3454 1700 3480 an
1721 3437 1895 3492 quaesita
1914 3451 2024 3477 mor-
