2280 3776
488 333 930 394 TRISTIUM
969 334 1128 389 LIB.
1173 336 1284 390 IV.
1328 334 1566 391 ELEG.
1612 336 1659 390 1.

1849 337 1945 389 155

187 456 372 537 thue
396 453 708 537 soporiferae
735 452 984 513 biberem
1014 452 1061 512 si
1092 451 1290 536 pocula
1313 453 1513 514 Lethes
1530 500 1544 526 ‚

268 551 556 634 Temporis
583 549 790 611 adversi
820 549 897 609 sic
925 548 1061 609 mihi
1088 572 1280 610 sensus
1304 550 1485 610 hebet.

187 648 319 707 Jure
349 648 490 708 Deas
514 646 682 726 igitur
707 668 934 707 veneror
960 644 1101 706 mala
1129 660 1320 706 nostra
1349 644 1585 706 levantes
1605 693 1620 711 .

272 742 532 805 Sollicitae
559 745 783 805 comites
811 768 876 805 ex
907 742 1172 804 Helicone
1202 743 1342 823 sugae
1367 767 1381 817 ;
1912 759 1964 801 50

186 840 262 898 Et
291 838 487 921 partim
516 838 708 922 pelago
726 886 740 911 ‚
765 839 964 923 partim
989 839 1218 918 vestigia
1250 853 1391 899 terra
1408 885 1422 911 ‚

269 935 372 996 Vel
398 951 510 996 rate
541 936 814 1015 dignatas,
848 934 931 996 vel
954 935 1091 1018 pede
1111 982 1126 1007 ‚
1155 950 1347 996 nostra
1377 934 1551 1017 sequi.

191 1033 321 1093 Sint
340 1055 532 1116 precor
557 1032 641 1094 hae
671 1032 860 1094 saltem
892 1032 1075 1093 faciles
1103 1031 1237 1092 mihi
1263 1056 1274 1091 :
1305 1054 1544 1113 namque
1572 1030 1821 1090 Deorum

273 1127 475 1187 Caetera
511 1150 631 1188 cum
662 1150 860 1206 magno
892 1128 1103 1188 Caesare
1132 1126 1294 1187 turba
1319 1125 1480 1185 facit:

190 1223 393 1306 Meque
421 1238 506 1284 tot
533 1223 771 1285 adversis
801 1222 1116 1294 cumulant,
1146 1236 1283 1305 quot
1313 1221 1443 1281 litus
1471 1242 1661 1280 arenas
1680 1266 1695 1291 ‚
1908 1234 1961 1275 55

273 1321 537 1404 Quotque
566 1320 764 1381 fretum
794 1321 971 1404 pisces
991 1367 1005 1393 ‚
1037 1342 1246 1402 ovaque
1275 1317 1443 1403 piscis
1470 1316 1654 1379 habet.

195 1417 338 1478 Vere
368 1417 523 1502 prius
546 1416 708 1479 flores
726 1465 740 1491 ‚
774 1432 909 1478 aestu
938 1418 1251 1478 numerabis
1280 1417 1474 1478 aristas
1496 1463 1511 1490 ‚

275 1512 446 1573 Poma
472 1535 571 1595 per
599 1527 951 1586 autumnum,
979 1511 1394 1595 frigoribusque
1421 1512 1603 1582 nives;

198 1607 380 1687 Quam
410 1606 546 1669 mala
559 1605 582 1683 ‚²
605 1632 724 1692 quae
755 1623 873 1669 toto
899 1609 1081 1693 patior
1107 1610 1339 1691 jactatus
1372 1610 1429 1669 in
1454 1609 1589 1669 orbe
1607 1654 1622 1681 ‚

279 1705 427 1764 Dum
456 1705 620 1767 miser
646 1705 848 1766 Euxini
880 1706 1041 1768 litora
1068 1706 1197 1767 laeva
1224 1721 1369 1789 peto,
1914 1718 1971 1760 60

198 1803 311 1862 Nec
340 1817 545 1876 tamen,
571 1819 635 1864 ut
661 1804 811 1878 veni,
842 1803 1018 1866 levior
1045 1805 1269 1865 fortuna
1295 1804 1566 1865 malorum
1596 1817 1713 1865 est:

281 1897 406 1981 Huc
440 1921 662 1981 quoque
693 1913 822 1959 sunt
853 1913 1070 1961 nostras
1094 1899 1202 1960 fata
1230 1914 1412 1959 secuta
1445 1899 1558 1959 vias
1583 1923 1595 1958 :

198 1990 306 2052 Hic
336 2014 588 2076 quoque,
623 2016 895 2072 cognosco
922 1992 1122 2053 natalis
1153 1993 1385 2055 stamina
1414 1992 1592 2055 nostri
1611 2039 1626 2065 ‚

279 2087 522 2149 Stamina
551 2088 616 2150 de
642 2088 803 2168 nigro
832 2089 1031 2151 vellere
1055 2091 1197 2151 sacta
1227 2090 1380 2150 mihi.

198 2187 387 2269 thue
419 2209 517 2247 nec
546 2186 771 2248 insidias
790 2234 805 2260 ‚
837 2186 1140 2270 capitisque
1167 2185 1411 2270 pericula
1435 2208 1677 2258 narrem,
1919 2200 1977 2243 65

279 2286 423 2346 Vera
452 2285 701 2370 quidem,
730 2309 856 2346 vera
877 2285 981 2347 sed
1012 2284 1260 2364 graviora
1286 2283 1421 2355 fide;

204 2426 329 2469 nium
345 2458 357 2481 ,
381 2425 584 2470 Iunonem
611 2443 743 2471 meam
774 2432 925 2471 iratam
956 2430 1045 2470 ba·—

204 2495 347 2543 beam5
368 2490 444 2535 sed
465 2489 678 2536 distichon
697 2501 762 2535 est
783 2501 1047 2549 suspectum.

260 2558 325 2610 48.
350 2557 560 2612 Temporis
577 2559 748 2599 adversi
756 2560 819 2599 sic
836 2559 945 2599 mihi
955 2571 1051 2598 sen-

206 2637 281 2664 sus
301 2623 432 2664 abest.
457 2620 597 2664 Adest
621 2616 854 2677 Gottorph.
881 2619 1052 2663 Medo-

208 2686 366 2730 nianus
386 2690 504 2739 abu,-
528 2687 655 2744 prim.
674 2686 871 2730 vatican.
892 2694 1054 2742 tempus

209 2754 338 2795 hebet.
352 2751 501 2796 Scribe
515 2784 526 2805 ,
538 2767 686 2795 sensus
699 2754 820 2794 hebet
828 2766 843 2804 ,·
860 2752 919 2795 sie
932 2752 1029 2795 alibi
1043 2767 1053 2795 :

212 2835 235 2854 «t
249 2817 319 2861 Da
339 2817 471 2872 mihi,
493 2818 528 2861 si
544 2818 649 2874 quid
663 2834 713 2861 ea
731 2825 794 2861 est
807 2850 819 2871 ,
842 2817 1055 2861 hebetan-

213 2890 302 2924 tem
321 2892 495 2939 pectora
510 2882 695 2926 Lethen.
707 2899 728 2920 »
748 2885 887 2926 Hebes
907 2899 1056 2927 sensus

216 2946 328 3002 apud
347 2946 607 2992 Ciceronem
626 2948 834 2992 obcurrit.
854 2950 913 2993 H.

274 3012 340 3054 55.
357 3012 503 3067 Meque
509 3016 759 3056 totadoersis
771 3019 965 3058 cumulat.
981 3017 1058 3058 Cu·

219 3078 379 3118 mulant
395 3077 608 3120 nonnulli.
631 3079 692 3122 H.

274 3141 342 3183 60.
362 3141 474 3183 Dum
493 3146 618 3184 miser
633 3145 795 3186 Euxini
807 3148 930 3188 litora
950 3161 1060 3189 sceva

213 3213 322 3258 peto.
341 3205 476 3247 Jussa
498 3205 608 3248 bene
634 3206 927 3251 Medonianus
945 3226 955 3259 3
975 3209 1059 3252 nisi

220 3268 340 3324 quod
379 3272 502 3312 le'tora
533 3273 636 3312 laeva
666 3272 822 3315 rectius
852 3273 1061 3316 scribetur

222 3350 320 3377 cum
341 3334 617 3387 Buslidian03
639 3337 767 3380 Trist.
788 3339 834 3392 1,
860 3339 979 3396 Eleg.
995 3353 1031 3383 11
1047 3373 1059 3395 ,

224 3400 277 3442 83
298 3415 307 3442 ε
329 3417 349 3436 «
376 3399 558 3457 Obligor
578 3410 626 3444 ut
652 3410 825 3459 tangam
848 3403 941 3446 laevi
967 3404 1061 3448 fera

226 3464 350 3510 litora
363 3466 494 3510 Ponti
512 3483 523 3520 ;
540 3485 561 3505 >›
585 3469 712 3513 Pont.
726 3468 796 3515 lib.
815 3461 972 3525 1v2E1.
985 3486 1034 3515 1x
1049 3504 1061 3528 ,

1131 2442 1208 2484 ¹¹9
1225 2443 1235 2469 ι
1253 2443 1275 2464 κ
1296 2426 1338 2468 Is
1359 2440 1558 2481 quoque,
1579 2440 1667 2480 quo
1686 2424 1817 2467 laevus
1832 2423 1978 2467 fuerat

1128 2491 1207 2533 sub
1238 2489 1418 2548 praeside
1453 2490 1654 2541 Pontus3
1682 2505 1705 2526 »
1734 2503 1830 2545 quae
1852 2496 1898 2531 et
1918 2488 1978 2531 ibi

1131 2571 1234 2598 vera
1254 2554 1381 2599 lectio
1406 2571 1416 2597 :
1441 2559 1655 2598 sinistrum
1679 2555 1856 2597 Pontum
1880 2553 1981 2596 alibi

1131 2637 1224 2664 non
1242 2636 1333 2664 uno
1350 2621 1446 2664 loco
1459 2620 1671 2678 adpellat,
1693 2630 1737 2663 et
1754 2620 1910 2677 passim
1925 2619 1980 2663 ad

1131 2686 1175 2729 id
1196 2702 1360 2729 nornen
1382 2686 1547 2730 alludit.
1571 2686 1630 2730 H.

1189 2753 1259 2796 61.
1287 2754 1348 2796 Ut
1363 2758 1471 2796 veni.
1495 2754 1786 2810 Posteaquam
1804 2753 1850 2796 in
1873 2752 1984 2812 Scy—

1134 2817 1273 2862 thiam
1294 2819 1487 2876 perveni.
1507 2842 1562 2853 —
1581 2821 1670 2861 Nec
1687 2828 1824 2862 tamen
1843 2822 1982 2862 levior.

1138 2884 1408 2927 Nec-tamen
1434 2883 1482 2927 in
1506 2883 1733 2941 praesentia
1750 2916 1762 2938 ,
1789 2884 1980 2936 minori,

1140 2965 1271 3005 quam
1287 2958 1413 2992 antea
1427 2982 1438 3002 ,
1455 2965 1524 2992 me
1538 2948 1682 2992 adficit
1697 2964 1823 3005 poena
1838 2965 1848 2991 t
1864 2948 1985 3004 quasi

1138 3013 1252 3056 dicat
1275 3030 1285 3056 z
1308 3013 1578 3057 credideram
1599 3030 1671 3057 me
1696 3022 1869 3056 tantum
1894 3012 1984 3055 do—

1138 3078 1318 3122 liturum
1335 3110 1347 3132 ,
1373 3078 1488 3134 quod
1512 3078 1649 3135 patria
1667 3093 1861 3121 carerem
1878 3092 1888 3118 :
1907 3076 1984 3119 sed

1140 3142 1223 3186 alia
1250 3143 1381 3186 etiarn
1411 3143 1523 3185 mala
1552 3159 1644 3185 non
1676 3142 1863 3195 leviora,
1889 3157 1986 3198 quae

1139 3209 1283 3252 statim
1303 3217 1432 3265 poeta
1453 3208 1700 3264 subjungit,
1715 3223 1787 3250 me
1805 3216 1985 3264 augunt.

1194 3277 1261 3319 66.
1283 3279 1391 3319 Vera
1407 3279 1569 3331 quidem
1582 3277 1692 3323 vidi,
1709 3276 1788 3316 sed
1793 3278 1988 3330 graviora

1126 3343 1231 3397 fide.
1255 3339 1526 3383 Combianus
1549 3348 1593 3382 et
1614 3355 1729 3382 unus
1746 3339 1990 3382 Vaticanus

1142 3406 1304 3463 optime
1327 3422 1337 3449 t
1367 3424 1389 3443 κ
1410 3407 1528 3449 Vera
1549 3404 1729 3462 quidem
1746 3438 1758 3460 ,
1781 3420 1883 3448 vera
1912 3402 1990 3446 sed

1144 3472 1340 3529 graviora
1358 3470 1460 3516 fide.
1474 3487 1498 3510 »
1522 3471 1583 3515 H.
