2280 3776
262 274 373 343 414

731 275 796 325 P.
842 272 1139 327 OVIDII
1184 273 1556 329 NASONIS

260 391 379 463 Nil,
413 391 549 460 nisi,
580 412 698 460 me,
734 403 875 448 terra
902 389 1053 448 fruar
1084 403 1148 448 ut
1175 390 1472 473 propiore,
1504 416 1733 471 rogare;

342 491 416 548 Et
435 535 449 560 ‚
483 510 645 570 quam
674 487 775 546 sim
808 485 977 546 denso
1009 487 1220 547 cinctus
1251 488 1320 548 ab
1349 490 1539 563 hoste,
1574 491 1743 574 queri.

263 587 316 645 Ο
351 608 513 665 quam
543 583 607 642 de
635 582 824 643 multis
854 583 1050 643 vitium
1074 584 1495 667 reprehenditur
1518 586 1723 646 unum!

2008 607 2033 649 <st

339 681 464 739 Hoc
492 693 680 761 peccat
710 677 891 737 solum
922 679 968 739 si
997 703 1115 738 mea
1145 681 1336 752 Musa,
1364 680 1506 741 bene
1536 697 1632 741 est.

261 779 385 859 Ipse
416 800 515 853 ego
549 775 816 835 librorum
846 776 1003 836 video
1032 775 1225 836 delicta
1259 802 1532 851 meorum,
1654 774 1661 781 ’

340 874 531 952 Quum
564 897 662 933 sua
688 872 816 955 plus
843 873 994 954 justo
1024 875 1265 934 carmina
1292 875 1526 958 quisque
1555 877 1774 958 probet.

260 973 470 1030 Auctor
500 994 641 1052 opus
670 969 859 1029 laudat
884 995 895 1029 ι
923 971 1001 1030 sic
1029 970 1264 1032 forsitan
1293 971 1502 1051 Agrius
1531 972 1663 1033 olim

337 1066 631 1128 Thersiten
658 1067 791 1127 facie
820 1067 1019 1127 dixerit
1050 1091 1166 1129 esse
1192 1069 1358 1129 bona.
1990 1101 2037 1129 ιο

259 1166 539 1227 Judicium
572 1180 751 1225 tamen
777 1165 875 1224 hic»
890 1181 1152 1226 nostrum
1183 1190 1300 1225 non
1331 1166 1536 1249 decipit
1560 1190 1742 1239 error;

339 1267 452 1324 Nec
471 1311 486 1335 ‚
520 1263 793 1346 quidquid
823 1265 1014 1342 genui,
1045 1264 1301 1346 protinus
1331 1262 1470 1324 illud
1499 1288 1637 1324 amo.

262 1363 376 1422 Cur
401 1361 604 1439 igitur,
637 1361 682 1420 si
710 1386 794 1421 me
821 1361 1031 1422 videam
1061 1362 1411 1444 delinquere,
1443 1363 1701 1444 peccem?

342 1459 417 1516 Et
443 1457 618 1539 patiar
650 1457 855 1539 scripto
887 1457 1090 1516 crimen
1121 1457 1341 1517 inesse?
1369 1481 1548 1535 rogaS.

259 1556 389 1614 Non
419 1554 603 1614 eadem
633 1554 774 1614 ratio
806 1568 887 1614 est
906 1602 920 1627 ,
951 1555 1152 1614 sentire
1185 1570 1238 1614 et
1263 1555 1478 1616 demere
1504 1554 1733 1616 morbos
1758 1579 1770 1614 :
1987 1573 2036 1614 15

341 1652 546 1710 Sensus
576 1652 721 1710 inest
752 1651 995 1722 cunctis;
1028 1650 1244 1710 tollitur
1272 1666 1384 1712 arte
1412 1650 1633 1711 malum.

260 1749 414 1830 Saepe
442 1747 670 1830 aliquod
697 1748 924 1830 cupiens
952 1749 1178 1808 verbum
1205 1765 1443 1820 mutare,
1473 1748 1757 1832 relinqu03

341 1843 621 1902 Judicium
647 1844 787 1902 vires
816 1843 1234 1926 destituuntque
1262 1868 1458 1904 meum.

260 1940 415 2022 Saepe
446 1940 622 2021 piget,
658 1939 793 2021 quid
821 1939 965 1999 enim
995 1940 1243 2001 dubitem
1271 1941 1375 2000 tibi
1408 1965 1532 2001 vera
1552 1941 1754 2001 fateri?

316 2101 354 2141 3.
373 2103 582 2153 Propiore.
604 2100 779 2141 Meliore
802 2097 931 2142 Polit.
949 2102 1110 2153 potiore

260 2166 396 2210 MSS.
418 2167 586 2209 Bersm.
606 2168 803 2220 Propiore
821 2165 972 2210 nostri.

317 2234 356 2286 4.
391 2233 563 2274 Cinctus
590 2234 645 2272 ab
674 2233 792 2273 hoste
824 2233 949 2286 loqui.
987 2232 1118 2284 Queri

260 2297 420 2340 rectius
439 2295 657 2338 nonnulli.
680 2295 851 2338 HEINS.

316 2364 352 2404 5.
375 2364 529 2404 Vitium
543 2362 854 2414 reprehenditur.
871 2362 1110 2415 Reprehen-

263 2429 376 2469 deris
398 2425 601 2470 Politian.

318 2509 354 2547 7.
380 2493 509 2534 Video
529 2492 695 2533 deh’cta.
713 2489 859 2532 Video
882 2490 1026 2547 plures
1047 2508 1113 2534 er·

261 2574 398 2611 rores,
418 2571 547 2612 quam
562 2555 833 2598 unumillud.
856 2556 1111 2612 Vidipr.ed.

319 2642 357 2682 9.
374 2624 451 2676 Sic*
452 2622 637 2675 forsitan
657 2622 820 2664 Accius
829 2626 940 2664 olim.
952 2623 998 2664 A
996 2627 1114 2677 grius

266 2688 504 2747 legendum
522 2689 611 2743 jam
633 2687 807 2729 monuit
824 2687 868 2729 in
882 2688 1005 2731 novis
1025 2688 1114 2731 Le-

262 2756 476 2800 ctionibus
495 2752 752 2797 Guilielmus
777 2752 995 2796 Canterus
1009 2787 1020 2808 ,
1041 2754 1112 2796 lib.

267 2821 342 2875 H,
364 2835 454 2875 cap.
469 2832 588 2869 xxx3
605 2818 638 2860 is
659 2817 780 2860 enim
793 2817 1007 2861 Thersitae
1025 2834 1112 2874 pa-

264 2895 345 2928 ter:
361 2900 492 2941 quam
506 2884 738 2927 lectionem
753 2884 1115 2926 Vaticanusunus

263 2952 518 2995 confirmat?
545 2950 713 2992 Mox-eti
751 2949 886 2992 codex
921 2950 1113 3003 Acrl'u55

266 3018 370 3061 alius
384 3018 536 3060 Alcius
549 3031 562 3057 .·
578 3032 679 3059 mox
691 3018 847 3059 dixerit
857 3031 936 3071 pro
949 3019 1116 3059 dixerat

264 3081 478 3124 meliores.
488 3079 780 3123 H.—Merula
792 3080 973 3125 Accium
984 3080 1028 3123 in
1036 3080 1115 3141 tel-

267 3145 359 3201 ligit
374 3178 385 3198 ‚
410 3146 462 3188 de
482 3151 568 3202 quo
595 3146 715 3188 Pers.
738 3145 825 3188 Sat.
842 3146 863 3188 I
877 3178 888 3197 ,
907 3153 1016 3187 vers.
1038 3147 1113 3187 50:

271 3229 293 3247 «
315 3226 408 3252 non
428 3221 492 3253 est
511 3212 581 3254 hic
603 3210 700 3254 Ilias
720 3211 824 3254 Acci
847 3211 980 3253 Ebria
994 3218 1117 3253 vera-²
1141 3220 1166 3245 f

269 3281 362 3325 tro;
386 3291 407 3310 »
428 3273 501 3315 sed
516 3274 575 3316 ibi
590 3278 685 3318 Atti
698 3274 877 3331 legitur,
897 3284 940 3317 et
960 3274 1013 3317 de
1035 3290 1115 3325 re·-

269 3337 386 3381 centi
400 3345 543 3394 poeta,
572 3339 646 3393 qui
668 3339 807 3381 Persii
824 3348 1022 3394 tempore
1042 3338 1114 3381 vi·-

270 3403 417 3456 vebat,
437 3403 502 3458 agi
517 3402 708 3446 ostendit
727 3401 1022 3446 casaubonus.

1249 2116 1266 2140 1
1278 2116 1311 2141 1.
1334 2099 1430 2141 Non
1450 2101 1606 2153 decipit
1619 2105 1802 2141 nostrum
1811 2098 2037 2152 judzkium.

1192 2164 1294 2207 Non
1307 2163 1416 2207 fallit
1431 2179 1581 2206 meum
1596 2163 1824 2219 judicium,
1846 2161 1961 2218 quod
1974 2170 2039 2204 est

1193 2230 1247 2272 de
1262 2229 1527 2272 carminibus
1541 2228 1661 2271 meis.
1679 2229 1819 2271 Error
1837 2228 1955 2270 enim
1971 2228 2039 2282 ju-

1195 2294 1358 2338 dicium
1381 2303 1585 2337 nostrum
1612 2293 1746 2347 fallit,
1769 2309 1906 2348 quum
1927 2291 2040 2334 mala

1193 2360 1342 2403 nostra
1356 2359 1550 2403 carmina
1564 2359 1680 2401 bona
1696 2374 1787 2402 esse
1802 2357 2037 2411 credimus,

1194 2427 1308 2470 et'sic
1326 2442 1535 2469 erramus.

1255 2493 1315 2534 13.
1349 2493 1434 2534 Cur
1448 2495 1578 2546 igitur
1590 2524 1600 2540 ‚
1625 2494 1672 2533 si
1684 2507 1747 2532 me
1766 2491 1888 2532 video
1907 2492 2036 2531 delia*-

1192 2573 1326 2612 quere.
1352 2558 1525 2599 Videam
1546 2555 1694 2612 priscae
1709 2554 1922 2598 editiones
1936 2567 2036 2595 cum

1193 2621 1360 2677 scriptis
1377 2621 1616 2675 nonnullis,
1628 2630 1671 2664 et
1684 2629 1794 2664 nost.
1807 2619 2037 2664 codicibus.

1254 2691 1318 2731 15.
1346 2690 1503 2732 sentire
1519 2698 1563 2732 et
1579 2691 1737 2739 demere
1754 2691 1928 2730 morbos.
1947 2683 2037 2726 Co·-

1196 2771 1400 2811 gnoscere
1411 2763 1455 2797 et
1469 2770 1620 2798 curare
1632 2753 1923 2796 infirmitates.
1937 2750 2037 2792 Hoc

1194 2827 1286 2874 est,
1311 2834 1404 2862 non
1428 2832 1602 2874 possum
1621 2832 1818 2861 errorem
1840 2816 2040 2871 corrige-

1195 2900 1245 2927 re
1258 2900 1268 2927 :
1284 2880 1780 2940 «quia1eaminalaetum
1787 2881 1903 2924 Sunt
1914 2897 2037 2937 opus,

1162 2981 1167 2983 >
1195 2959 1411 3006 et-pacem
1437 2946 1596 2992 mentis
1619 2948 1777 2991 habere
1798 2948 1965 2990 volunt.
1989 2965 2010 2984 >³

1257 3016 1318 3057 16.
1351 3017 1531 3057 Tollitur
1554 3021 1643 3056 orte
1665 3016 1832 3055 malum.
1874 3013 2040 3054 Vitium

1195 3079 1402 3123 carminis
1422 3095 1513 3122 non
1534 3078 1703 3135 indiget
1719 3076 1862 3120 solum
1881 3085 1930 3120 ut
1944 3077 2042 3119 >de-

1195 3143 1511 3200 prehendatur,
1525 3143 1601 3187 sed
1617 3151 1707 3186 arte
1728 3159 1836 3199 opus
1849 3150 1928 3196 est,
1945 3156 2040 3197 quae

1195 3225 1287 3252 non
1308 3218 1451 3266 potest
1468 3209 1554 3252 nisi
1578 3225 1601 3250 a
1620 3207 1883 3252 laetoanimo
1905 3206 2041 3263 profi-

1196 3290 1306 3316 cisci.

1256 3354 1271 3378 1
1282 3354 1318 3392 7.
1346 3339 1567 3392 Belt'nquo.
1586 3336 1761 3381 Omitto
1774 3335 1933 3379 scilicet
1945 3349 2038 3376 ver-

1195 3401 1302 3462 bum
1322 3401 1585 3450 mutandum
1617 3403 1664 3444 in
1689 3402 1881 3446 carmine
1906 3415 2033 3451 meo;
