2280 3776
388 273 854 331 TRISTIUM
898 275 1060 330 LIB.
1112 276 1235 330 III.
1277 275 1512 330 ELEG.
1558 277 1743 331 VIII.

1843 297 1942 353 129

276 378 473 451 Ads'tat
499 392 726 458 fortunae
755 390 929 450 forma
957 390 1181 469 legenda
1210 414 1355 452 meae.

195 484 495 569 Quumque
513 485 710 559 locum,
731 508 1016 568 moresque
1036 486 1337 560 hominum,
1354 489 1659 571 cultusque,
1672 510 1972 571 sonumque
1989 538 2002 563 ‚

281 582 598 654 Cernimus,
631 596 687 642 et
717 581 850 665 quid
877 582 1006 654 sim,
1037 583 1168 664 quid
1198 584 1497 666 fuerimque
1528 584 1705 655 subit;

194 678 589 739 Tantus'amor
617 678 765 738 necis
794 692 902 751 est,
934 700 1127 760 querar
1154 692 1217 738 ut
1247 677 1313 737 de
1343 679 1569 739 Caesaris
1597 679 1700 751 ira,

278 774 448 854 Quod
474 798 588 835 non
615 773 853 836 offensas
881 774 1118 834 vindicet
1144 797 1270 834 ense
1297 797 1437 835 suas.
1893 793 1948 849 40

196 871 307 942 At,
343 871 600 952 quoniam
630 869 792 931 semel
823 884 904 931 est
930 870 1056 930 odio
1084 868 1311 930 civiliter
1338 893 1499 941 usuS,

278 968 496 1027 Mutato
525 966 694 1027 levior
720 967 791 1028 sit
819 966 947 1044 fuga
970 982 1156 1027 nostra
1183 965 1319 1026 loco,

196 1118 327 1160 quam
353 1103 386 1146 si
410 1111 519 1147 esset
545 1119 699 1160 corpus
723 1103 1001 1160 conspicuum
1018 1136 1030 1159 ‚

195 1177 240 1212 et
258 1168 439 1226 dignum
461 1178 663 1225 spectatu.
687 1170 814 1213 Mna.

249 1232 315 1277 36.
336 1233 527 1276 Adstans
535 1234 717 1289 sor-turm
726 1235 869 1288 forma
884 1236 1032 1278 w'den-

193 1298 252 1340 da
264 1297 577 1352 mea-‚Legenda
594 1305 775 1353 uterque
796 1296 921 1340 Polit.
940 1296 1031 1352 pri-

195 1377 292 1405 mus
311 1360 448 1405 Vatic.
473 1360 732 1419 plurimique
762 1361 829 1404 alii
857 1377 909 1404 ex
932 1377 1031 1404 me-

194 1425 370 1470 lioribus
387 1443 397 1479 ;
419 1427 660 1484 Hamburg.
678 1430 885 1483 lugendffi·
910 1427 1030 1471 Petri

197 1491 337 1536 Servii
354 1490 460 1534 liber
478 1494 652 1535 luenda:
667 1508 720 1535 an
740 1494 924 1537 tuenda?
943 1493 1030 1535 Pro

197 1557 376 1598 videnda
396 1563 481 1599 tres
499 1555 568 1599 alii
586 1560 761 1599 verenda
774 1590 785 1609 ‚
812 1556 926 1613 quod
951 1555 1028 1599 ad-

197 1618 293 1663 risit
311 1618 534 1663 Gronovio
553 1620 599 1663 in
624 1619 1029 1675 observationibus,

198 1684 271 1727 lib.
284 1685 328 1728 11
340 1701 450 1742 ‚cap.
461 1698 517 1728 111
533 1699 543 1728 ε
559 1694 765 1742 praeterea
775 1686 936 1729 Adstat
947 1701 1034 1728 me-

198 1747 338 1791 liores.
348 1748 442 1806 Ego
454 1752 494 1794 τὶ
507 1752 679 1804 legenda
688 1757 839 1793 contra
852 1749 1033 1805 optimas

199 1813 474 1858 membranas
486 1830 576 1858 non
590 1815 723 1859 ausim
738 1815 1033 1859 damnare.Vi-

200 1877 329 1922 detur
344 1878 464 1922 enim
483 1879 537 1922 ad
556 1879 745 1925 edictum
770 1879 950 1923 Caesaris
970 1879 1034 1921 al-

1112 1102 1262 1147 ludere
1278 1136 1289 1158 ,
1314 1118 1400 1160 quo
1422 1104 1680 1161 proscriptus
1695 1114 1807 1160 erat,
1831 1107 1950 1163 quod

1111 1168 1269 1211 chartae
1286 1169 1582 1225 consignatum
1603 1187 1751 1214 secum
1765 1173 1949 1216 avexisse

1112 1232 1317 1275 Nostrum
1335 1241 1399 1275 est
1413 1234 1666 1276 verosimile.
1685 1235 1951 1279 }{.—F0rma

1109 1296 1400 1351 meoesortunae.
1425 1295 1623 1352 Qualitas
1641 1307 1685 1341 et
1701 1298 1951 1345 deformitas

1111 1358 1181 1402 illa
1197 1375 1306 1404 meae
1319 1360 1592 1404 conditionis.

1164 1424 1229 1480 37.
1250 1427 1459 1482 Quumque
1475 1428 1601 1469 locos.
1617 1427 1772 1469 Locum
1791 1427 1952 1484 scripti.

1167 1491 1231 1542 4ο.
1256 1491 1382 1542 Quod
1402 1505 1483 1532 non
1504 1489 1694 1545 ossi-asos
1717 1499 1796 1534 etc.
1814 1490 1949 1547 Quod

1113 1569 1203 1596 non
1218 1553 1339 1597 ferro
1351 1570 1419 1598 me
1434 1555 1737 1600 interficiendo
1748 1589 1761 1612 ,
1776 1556 1953 1602 ulcisca-

1113 1626 1186 1660 tur
1207 1618 1399 1674 injurias.

1168 1684 1232 1737 4¹·
1256 1685 1453 1726 Civililer.
1478 1682 1554 1726 Me
1579 1683 1741 1741 legibus
1762 1684 1951 1741 punien-

1115 1747 1172 1790 do
1191 1780 1203 1802 ,
1232 1763 1322 1791 non
1342 1749 1383 1791 vi
1403 1758 1446 1792 et
1467 1749 1595 1792 armis
1617 1767 1626 1793 ε
1653 1750 1728 1793 sed
1749 1759 1796 1793 ut
1814 1750 1953 1793 civem

1117 1814 1287 1856 tractari
1309 1812 1465 1857 decuit.

1171 1880 1237 1932 42.
1255 1877 1374 1934 Fuga
1389 1886 1543 1923 nostra.
1560 1879 1767 1923 Exsilium
1788 1895 1951 1924 meum.

780 2085 1172 2158 ELEGIA
1224 2087 1356 2156 IX.

741 2366 846 2421 AR
863 2365 1241 2422 GUMENT
1260 2365 1409 2419 UM.

207 2500 350 2545 Urbes
370 2498 541 2545 Graecas
560 2497 758 2544 Geticam
776 2517 900 2545 oram
913 2502 1141 2546 incoluisse
1160 2501 1309 2556 docet,
1330 2501 1383 2544 ab
1403 2499 1538 2557 iisque
1561 2500 1694 2544 etiam
1709 2500 1951 2545 Tomitanae

611 2569 892 2616 urbi'nomen
911 2572 1041 2616 fuisse
1062 2572 1311 2629 impositum
1334 2572 1534 2616 ostendit.

207 2698 366 2784 HIC
395 2746 614 2807 quoque
643 2739 772 2784 sunt
799 2724 968 2803 igitur
1001 2725 1198 2798 Graiae,
1230 2726 1354 2808 quis
1378 2727 1658 2789 crederet?
1678 2728 1870 2799 urbeS‚

285 2823 436 2882 Inter
460 2821 767 2882 inhumanae
794 2823 1012 2882 nomina
1037 2823 1333 2884 barbariae:

210 2917 334 2977 Huc
363 2941 580 3002 quoque
608 2918 807 2979 Mileto
834 2921 985 2981 missi
1013 2942 1200 2981 venere
1230 2920 1437 2994 coloni,

270 3068 286 3095 ι
295 3084 304 3095 .
315 3054 399 3097 Ηίι·
409 3069 575 3110 quoque.
590 3056 676 3099 Hic
687 3055 817 3099 etiam
830 3055 877 3098 in
890 3056 1040 3100 Getica

212 3132 287 3160 ora
303 3149 315 3171 ,
342 3127 444 3162 sunt
459 3119 586 3163 urbes
603 3120 746 3165 Graiae
757 3155 768 3176 ,
789 3138 881 3165 non
895 3122 1040 3180 lingua

211 3191 255 3226 et
272 3183 481 3238 moribus,
506 3185 580 3228 sed
592 3186 768 3242 origine.
791 3187 878 3230 Pro
896 3193 1031 3243 ιζςιῖιιν,

211 3263 381 3304 usquam
399 3248 524 3293 multi
541 3260 808 3308 receperunt.

265 3314 304 3357 3.
322 3317 420 3358 Huc
436 3332 586 3372 quoque
598 3318 756 3362 Muto.
776 3318 933 3362 Milesii
948 3319 1041 3362 To-

213 3392 318 3422 mon
335 3394 502 3436 quoque
520 3388 699 3429 tenuere
712 3415 725 3440 ,
749 3382 1040 3440 quemadmoe

402 3463 548 3520 VII.

1119 3058 1225 3101 dum
1244 3058 1374 3101 etiam
1390 3057 1635 3114 Istropolim
1650 3091 1664 3113 ,
1693 3067 1768 3102 aut
1789 3074 1952 3114 quem-

1120 3122 1359 3165 admodum
1377 3121 1467 3166 aliae
1491 3138 1662 3178 quoque
1682 3121 1859 3165 Graeciae
1877 3138 1953 3166 co·-

1117 3186 1243 3230 loniae
1270 3186 1370 3230 litus
1399 3185 1601 3230 Getieum
1629 3195 1822 3229 tenuere.
1852 3187 1954 3230 Fuit

1120 3262 1266 3296 autem
1279 3250 1457 3295 Miletus
1469 3251 1572 3295 urbs
1584 3251 1804 3308 quondam
1821 3253 1954 3297 Ioniae

1118 3316 1250 3359 totius
1266 3348 1278 3370 ‚
1302 3314 1400 3358 belli
1421 3315 1618 3372 pacisque
1638 3315 1799 3360 artibus
1822 3316 1954 3374 prin-

1120 3397 1242 3439 ceps,
1265 3397 1289 3426 a
1306 3380 1463 3425 Mileto
1487 3379 1708 3437 adpellata.

1682 3485 1719 3537 9
