2280 3776
284 320 393 375 306

756 322 821 371 P.
872 318 1156 374 OVIDII
1205 318 1575 374 NASONIS

363 439 474 497 Det
500 436 634 495 mihi
664 435 906 495 formosa
934 459 1066 496 nava
1092 438 1321 498 Juventa
1350 461 1510 497 manu
1540 461 1554 496 ε

282 536 414 595 Non
444 548 620 593 tamen
650 547 873 592 exacuet
903 546 1127 615 torpens
1158 558 1320 616 sapor
1345 533 1437 594 ille
1464 534 1739 616 palatum3

365 628 548 688 Stabit
577 642 632 687 et
659 627 715 685 in
745 628 1029 687 stomacho
1056 629 1277 710 pondus
1304 629 1476 689 inerte
1507 629 1618 688 diu.

282 725 411 783 Haec
441 747 541 801 ego
570 747 683 783 non
709 725 911 796 ausim,
948 747 1116 805 quum
1146 724 1257 784 sint
1284 725 1563 785 verissima
1581 771 1596 797 ,
1630 724 1802 786 cuivi's
1996 743 2041 782 15

360 819 611 879 Scribere
628 866 641 891 ‚
674 817 892 878 delicias
920 842 989 878 ne
1018 818 1156 878 mala
1183 834 1372 879 nostra
1399 835 1611 880 vocent.

281 916 498 977 Scilicet
528 918 574 977 is
607 930 780 977 status
811 931 922 987 est,
956 940 1013 975 ea
1040 939 1221 976 rerum
1250 917 1424 976 forma
1452 941 1692 978 mearum
1711 965 1726 990 ‚

357 1012 582 1073 Deliciis
611 1013 769 1072 etiam
801 1012 980 1095 possit
1009 1026 1073 1070 ut
1100 1035 1213 1072 esse
1242 1011 1412 1073 locus.

280 1109 518 1169 Delicias
545 1107 626 1167 illi
651 1131 849 1190 precor
875 1107 975 1167 has
1005 1107 1320 1186 contingere
1340 1155 1354 1180 ‚
1385 1108 1431 1169 si
1461 1109 1613 1191 quiS‚

354 1208 437 1266 Ne
466 1205 600 1264 mihi
630 1205 703 1264 sit
731 1203 902 1263 levior
926 1203 1152 1264 Caesaris
1183 1204 1288 1276 ira,
1319 1204 1491 1264 timet.
1991 1237 2043 1264 20

275 1306 332 1365 ls
362 1326 585 1386 quoque
603 1349 617 1374 ‚
651 1302 744 1383 qui
774 1300 960 1378 gracili
991 1301 1144 1360 cibus
1172 1317 1255 1361 est
1282 1301 1340 1360 in
1373 1324 1630 1384 corpore,
1659 1324 1912 1375 somnus,

352 1404 484 1461 Non
513 1398 607 1458 alit
635 1397 819 1457 officio
849 1421 1049 1480 corpus
1075 1397 1235 1457 inane
1269 1423 1388 1459 suo.

275 1500 382 1559 Sed
410 1497 605 1575 vigilo,
634 1495 965 1576 vigilantque
995 1495 1102 1554 mei
1131 1495 1244 1556 sine
1269 1495 1377 1556 fine
1405 1495 1623 1556 dolores
1640 1543 1655 1568 ‚

331 1654 393 1679 12.
417 1638 571 1680 Gnava
589 1636 784 1677 Iuventa.
808 1633 1119 1690 Scriptipleri-

273 1718 356 1758 que
370 1710 495 1757 grata
507 1735 518 1752 ,
549 1701 615 1743 vel
633 1703 796 1753 Graia5
825 1699 941 1755 quod
963 1707 1117 1755 poste-

271 1769 360 1811 rius
382 1767 600 1823 amplexus
622 1775 686 1809 est
707 1764 977 1808 doctissimus
999 1764 1118 1808 Gro-

271 1832 425 1876 novius
443 1850 453 1884 ;
477 1847 590 1874 unus
610 1847 660 1874 ex
678 1829 992 1886 nostrisflaua5
1012 1828 1117 1872 alius

269 1912 432 1954 gnara‚·
457 1897 627 1939 Sarrav.
648 1893 855 1950 Scaligeri
872 1902 916 1937 et
934 1894 1116 1950 Argent.

271 1978 383 2005 nava
394 1962 575 2003 Iuventa
587 1973 603 2011 ;
623 1967 740 2001 recte
757 1974 767 2001 :
788 1958 847 2001 ita
868 1959 988 2001 enim
1009 1959 1117 2002 scri-

269 2025 433 2069 bebant
453 2032 501 2066 ut
520 2022 676 2080 passim
696 2022 743 2064 in
765 2022 998 2065 veterrimo
1019 2021 1114 2065 cod.

271 2091 367 2135 Silii
382 2089 532 2133 Italici.
549 2089 718 2132 Seneca
732 2086 923 2131 Hercule
939 2086 1086 2130 OEtaeo
1104 2103 1113 2129 :

272 2174 294 2194 (ι
318 2157 371 2198 In
401 2163 599 2210 tempore
626 2152 718 2208 ipso
740 2166 900 2209 gnavus
924 2149 1135 2200 obcurrit'

270 2220 424 2263 Lichas
441 2236 451 2271 ;
476 2236 497 2255 »
520 2217 594 2260 ubi
614 2216 870 2259 veterrimus
888 2215 1115 2259 Mediceus

270 2301 401 2330 novus
415 2318 426 2335 ‚
449 2283 532 2326 hoc
550 2290 614 2326 est
630 2297 772 2324 navus.
786 2281 846 2325 H.
860 2282 1114 2324 —Juasentm

271 2351 397 2394 Grati
428 2348 629 2392 ministri.
654 2348 797 2390 Immo
825 2346 951 2389 Hebe
975 2378 986 2400 ‚
1018 2362 1114 2402 quae

267 2415 412 2459 latinis
429 2416 610 2457 Juventa
628 2411 785 2455 dicitur
807 2427 816 2454 :
838 2410 1011 2466 fingunt
1036 2427 1115 2454 au-

267 2490 360 2525 tem
392 2488 530 2535 poetae
562 2478 722 2521 Heben
744 2476 837 2519 Diis
868 2476 1113 2520 ministrare

268 2545 434 2603 pocula.
455 2566 510 2575 —-
530 2546 729 2586 Formosa
752 2558 888 2584 manu.
911 2539 1115 2584 Candida

270 2619 314 2653 et
337 2607 515 2664 pulchra
536 2621 685 2648 manu.
707 2606 836 2649 MER.

325 2675 385 2717 13.
407 2675 611 2715 Exacuet.
626 2672 826 2712 Excutiet
842 2678 941 2712 tres.
963 2692 1018 2702 —-
1031 2670 1114 2711 Sa-

261 2757 343 2796 por
356 2741 440 2780 ille.
464 2737 537 2780 Sic
555 2743 618 2777 est
637 2735 683 2776 in
699 2734 836 2777 altero
853 2733 1049 2777 Vatican.
1069 2742 1112 2776 et

267 2803 447 2856 Ursini,
470 2800 623 2844 melius
640 2814 773 2855 quam
792 2799 838 2840 in
858 2797 959 2841 aliis.
978 2796 1111 2841 C101··.

265 2861 323 2904 ⁸—-
340 2873 428 2912 Iste
445 2866 549 2911 editi
572 2859 762 2923 quidam.

327 2937 390 2989 14.
414 2935 583 2991 Pondus
600 2936 740 2973 inerte.
763 2929 898 2972 Cibus
914 2927 1051 2989 gravis
1069 2935 1114 2970 et

264 2997 437 3043 crudus.
460 2995 719 3039 MER.·--Tu
738 3001 940 3037 construe
959 3009 969 3036 :
985 2990 1113 3034 stabit

265 3073 311 3107 et
330 3063 448 3106 cibus
470 3061 515 3103 in
536 3059 759 3104 stomacho
784 3059 924 3101 inerte
948 3076 960 3109 ;
989 3066 1038 3099 ut
1058 3055 1112 3099 sit

266 3128 408 3170 inerte
430 3159 442 3181 ‚
472 3141 552 3181 pro
588 3125 754 3178 inerti,
794 3122 976 3166 ablativo
1013 3135 1112 3164 casu

265 3189 432 3232 dietum
449 3206 459 3232 :
474 3195 585 3232 iners
598 3198 662 3232 est
682 3197 829 3231 autem
841 3187 1080 3230 stomachus
1097 3217 1109 3235 ‚

267 3252 445 3310 quando
475 3270 603 3296 suum
629 3253 826 3296 officium
857 3267 948 3304 non
978 3249 1108 3302 facit,

267 3319 351 3362 hoe
378 3327 470 3372 est,
495 3335 586 3360 non
613 3320 844 3374 concoquit
867 3335 915 3362 ac
942 3315 1110 3373 digerit.

268 3407 322 3416 —
341 3385 476 3425 Inerte
493 3399 580 3425 meo
604 3383 633 3424 J
638 3382 785 3424 unian.

327 3450 389 3490 15.
415 3449 567 3490 Cuimtr.
599 3449 796 3500 Quamvis
824 3447 1109 3489 P1.1tean.cm·-

1198 1650 1320 1689 quam
1339 1634 1369 1675 J
1372 1650 1446 1676 un.
1467 1642 1511 1678 et
1528 1633 1632 1678 editi
1647 1633 1848 1677 nonnulli
1866 1653 1877 1687 ς
1899 1640 2042 1691 cuique

1200 1697 1398 1741 Leidens.

1258 1762 1320 1805 16.
1338 1764 1533 1806 Delicias
1547 1778 1602 1805 ne
1615 1766 1733 1806 mala
1750 1759 1893 1807 nostra
1912 1772 2041 1807 vocet.

1198 1829 1313 1886 Lege
1339 1835 1507 1880 vocent,
1530 1845 1631 1873 cum
1653 1828 1821 1873 duobus
1842 1830 2042 1885 antiquis.

1256 1912 1315 1950 17.
1342 1897 1511 1938 Scilicet
1535 1900 1574 1938 is
1598 1902 1734 1947 status
1765 1903 1838 1938 est.
1866 1895 2040 1939 Ironice

1197 1959 1280 2004 hoc
1303 1959 1467 2003 dictum
1488 1968 1552 2003 est
1567 1993 1579 2014 ,
1601 1972 1653 2002 ‘ex
1673 1974 1759 2016 quo
1781 1958 1977 2017 designat
1995 1976 2040 2003 se

1197 2039 1285 2079 prae
1301 2020 1441 2066 nimio
1461 2023 1609 2068 dolore
1631 2039 1722 2066 non
1743 2038 1865 2079 posse
1882 2023 2042 2068 deliciis

1196 2105 1359 2132 vacare.
1376 2113 1432 2121 —
1452 2090 1523 2131 Ea
1541 2105 1670 2132 rerum
1679 2088 1824 2145 fhrma
1848 2106 2040 2133 mearum.

1196 2154 1347 2196 Rerum
1352 2152 1534 2207 fortuna
1543 2167 1725 2196 mearum
1738 2186 1749 2203 ‚
1772 2152 2013 2213 'l'huaneus
2029 2171 2039 2197 z

1195 2221 1265 2261 bic
1294 2227 1431 2261 status
1457 2218 1603 2275 scripti
1635 2227 1681 2264 et
1713 2218 1817 2261 editi
1852 2235 1863 2262 z
1890 2218 2007 2262 forte
2028 2253 2039 2272 ,

1195 2284 1364 2327 Scilicet
1395 2287 1464 2327 hic
1499 2300 1629 2327 rerum
1661 2291 1802 2326 status
1817 2317 1827 2334 ,
1869 2292 1912 2327 et
1941 2285 2041 2338 (vel

1194 2347 1316 2404 hice)
1343 2348 1524 2404 fortuna
1548 2363 1760 2402 mearum‚·
1788 2347 1874 2390 vid.
1909 2348 2041 2391 Trist.

1197 2414 1246 2468 I,
1269 2427 1340 2469 lx,
1363 2414 1442 2470 373
1464 2413 1539 2456 sed
1558 2422 1603 2457 et
1636 2413 1821 2457 Orosius
1838 2446 1849 2467 ‚
1879 2413 1952 2457 lib.
1987 2414 2008 2457 I
2025 2447 2037 2467 ‚

1195 2497 1254 2523 vs.
1275 2482 1323 2533 5,
1347 2497 1369 2517 «
1393 2479 1530 2523 Victis
1544 2487 1588 2522 et
1606 2480 1838 2524 victoribus
1859 2495 1935 2536 par
1954 2479 2040 2522 for—

1194 2560 1294 2595 ma;
1320 2563 1341 2582 »
1356 2544 1438 2587 nisi
1453 2553 1497 2588 et
1515 2543 1572 2588 ibi
1579 2543 1757 2598 fortuna
1776 2544 1870 2601 quis
1893 2544 2037 2587 malit:

1193 2608 1280 2650 vid.
1309 2607 1573 2664 Quintilian,
1606 2608 1797 2652 Institut.
1821 2607 1945 2652 Orat.
1966 2606 2035 2649 lib.

1194 2673 1263 2727 X,
1288 2689 1378 2729 cap.
1402 2690 1436 2715 1.
1458 2673 1620 2718 BURM.

1262 2739 1324 2781 18.
1364 2738 1510 2781 Possit
1543 2745 1591 2780 ut
1625 2753 1728 2780 esse.
1766 2739 1892 2791 Quod
1915 2746 2039 2793 queat

1196 2800 1369 2844 Thuan.
1389 2799 1506 2843 unde
1531 2800 1739 2843 Heinsius
1758 2833 1770 2855 ,
1805 2817 1884 2856 quo
1901 2811 2035 2858 queat.

1247 2882 1313 2908 20.
1339 2867 1483 2908 Timet.
1519 2866 1632 2907 Velit
1652 2863 1886 2921 Gottorph.
1920 2873 2040 2909 vocet

1192 2930 1230 2972 F
1230 2945 1366 2985 ragm.
1391 2927 1526 2971 Boxh.
1547 2927 1663 2970 unde
1687 2929 1841 2972 Heius.
1864 2938 1994 2974 vovet.

1248 3009 1311 3035 21.
1337 2995 1425 3046 Qui
1448 3000 1514 3035 est
1537 2995 1669 3035 cibus.
1694 2993 1886 3038 Somnus
1917 2995 2035 3038 enim

1192 3057 1364 3113 corpori
1398 3057 1589 3099 multum
1629 3058 1833 3102 conducit
1863 3077 1874 3112 ;
1916 3059 2035 3102 unde

1192 3121 1324 3166 Ovid.
1345 3121 1455 3163 Met.
1479 3120 1547 3165 lib.
1569 3122 1635 3165 XI
1657 3154 1668 3177 ,
1701 3139 1810 3167 vers.
1835 3124 1916 3167 623
1933 3156 1945 3178 ,
1976 3124 2037 3167 ita

1190 3185 1347 3230 cecinit
1375 3201 1385 3228 z
1414 3203 1436 3222 κ
1473 3185 1638 3229 Somne
1663 3220 1674 3242 ,
1708 3188 1827 3244 quies
1857 3191 2033 3242 rerum,

1191 3250 1475 3307 placidissime
1499 3250 1663 3294 Somne
1687 3251 1887 3295 Deorum
1904 3284 1916 3306 ‚
1946 3252 2036 3294 Pax

1192 3314 1355 3368 animi,
1379 3330 1511 3370 quem
1535 3331 1638 3357 cura
1660 3315 1798 3371 fugit,
1826 3315 1900 3371 qui
1924 3329 2033 3358 cor-

1191 3395 1296 3435 pora
1309 3379 1428 3422 duris
1442 3379 1569 3422 Fessa
1584 3379 1832 3424 ministeriis
1846 3379 2005 3423 mulces
2017 3411 2029 3431 ‚

1192 3459 1447 3499 reparasque
1469 3443 1616 3486 labori.
1636 3461 1657 3480 υ
