<?xml version="1.0" encoding="UTF-8"?>
<!DOCTYPE html PUBLIC "-//W3C//DTD XHTML 1.0 Transitional//EN"
    "http://www.w3.org/TR/xhtml1/DTD/xhtml1-transitional.dtd">
<html xmlns="http://www.w3.org/1999/xhtml" xml:lang="en" lang="en">
 <head>
  <title>
</title>
<meta http-equiv="Content-Type" content="text/html;charset=utf-8" />
  <meta name='ocr-system' content='tesseract 3.04.00' />
  <meta name='ocr-capabilities' content='ocr_page ocr_carea ocr_par ocr_line ocrx_word'/>
</head>
<body>
  <div class='ocr_page' id='page_1' title='image "./quaeextantomniao07oviduoft_0170.png"; bbox 0 0 2280 3776; ppageno 0'>
   <div class='ocr_carea' id='block_1_1' title="bbox 317 307 421 362">
    <p class='ocr_par' dir='ltr' id='par_1_1' title="bbox 317 307 421 362">
     <span class='ocr_line' id='line_1_1' title="bbox 317 307 421 362; baseline 0.019 -2"><span class='ocrx_word' id='word_1_1' title='bbox 317 307 421 362; x_wconf 87' lang='lat'><strong>156</strong></span> 
     </span>
    </p>
   </div>
   <div class='ocr_carea' id='block_1_2' title="bbox 755 311 1614 373">
    <p class='ocr_par' dir='ltr' id='par_1_2' title="bbox 755 311 1614 373">
     <span class='ocr_line' id='line_1_2' title="bbox 755 311 1614 373; baseline 0.009 -7"><span class='ocrx_word' id='word_1_2' title='bbox 755 312 822 366; x_wconf 91' lang='lat' dir='ltr'><strong>P.</strong></span> <span class='ocrx_word' id='word_1_3' title='bbox 869 311 1175 370; x_wconf 91' lang='lat' dir='ltr'><strong>OVIDII</strong></span> <span class='ocrx_word' id='word_1_4' title='bbox 1225 315 1614 373; x_wconf 88' lang='lat' dir='ltr'><strong>NASONIS</strong></span> 
     </span>
    </p>
   </div>
   <div class='ocr_carea' id='block_1_3' title="bbox 300 424 2078 1474">
    <p class='ocr_par' dir='ltr' id='par_1_3' title="bbox 300 424 2078 1474">
     <span class='ocr_line' id='line_1_3' title="bbox 308 424 1914 519; baseline 0.009 -36"><span class='ocrx_word' id='word_1_5' title='bbox 308 424 504 485; x_wconf 85' lang='lat' dir='ltr'><strong>Vivere</strong></span> <span class='ocrx_word' id='word_1_6' title='bbox 535 450 697 508; x_wconf 90' lang='lat' dir='ltr'><strong>quam</strong></span> <span class='ocrx_word' id='word_1_7' title='bbox 722 429 981 489; x_wconf 87' lang='lat' dir='ltr'><strong>miserum</strong></span> <span class='ocrx_word' id='word_1_8' title='bbox 1014 446 1097 491; x_wconf 92' lang='lat' dir='ltr'><strong>est</strong></span> <span class='ocrx_word' id='word_1_9' title='bbox 1122 433 1265 493; x_wconf 89' lang='lat' dir='ltr'><strong>inter</strong></span> <span class='ocrx_word' id='word_1_10' title='bbox 1293 435 1604 517; x_wconf 87' lang='lat' dir='ltr'><strong>Bessosque</strong></span> <span class='ocrx_word' id='word_1_11' title='bbox 1639 434 1914 519; x_wconf 82' lang='lat' dir='ltr'><strong>Getasque</strong></span> 
     </span>
     <span class='ocr_line' id='line_1_4' title="bbox 382 519 1475 609; baseline 0.01 -31"><span class='ocrx_word' id='word_1_12' title='bbox 382 519 504 591; x_wconf 88' lang='lat' dir='ltr'><strong>Illi,</strong></span> <span class='ocrx_word' id='word_1_13' title='bbox 539 522 631 602; x_wconf 90' lang='lat' dir='ltr'><strong>qui</strong></span> <span class='ocrx_word' id='word_1_14' title='bbox 661 522 859 604; x_wconf 90' lang='lat' dir='ltr'><strong>populi</strong></span> <span class='ocrx_word' id='word_1_15' title='bbox 883 549 1096 609; x_wconf 88' lang='lat' dir='ltr'><strong>semper</strong></span> <span class='ocrx_word' id='word_1_16' title='bbox 1125 528 1184 587; x_wconf 91' lang='lat' dir='ltr'><strong>in</strong></span> <span class='ocrx_word' id='word_1_17' title='bbox 1209 553 1303 589; x_wconf 90' lang='lat' dir='ltr'><strong>ore</strong></span> <span class='ocrx_word' id='word_1_18' title='bbox 1333 528 1475 589; x_wconf 85' lang='lat' dir='ltr'><strong>fuit!</strong></span> 
     </span>
     <span class='ocr_line' id='line_1_5' title="bbox 306 615 1683 707; baseline 0.01 -34"><span class='ocrx_word' id='word_1_19' title='bbox 306 615 489 694; x_wconf 84' lang='lat' dir='ltr'><strong>Quam</strong></span> <span class='ocrx_word' id='word_1_20' title='bbox 521 618 806 689; x_wconf 77' lang='lat' dir='ltr'><strong>miserum,</strong></span> <span class='ocrx_word' id='word_1_21' title='bbox 838 637 999 702; x_wconf 86' lang='lat' dir='ltr'><strong>porta</strong></span> <span class='ocrx_word' id='word_1_22' title='bbox 1029 623 1191 684; x_wconf 85' lang='lat' dir='ltr'><strong>vitam</strong></span> <span class='ocrx_word' id='word_1_23' title='bbox 1220 648 1489 707; x_wconf 88' lang='lat' dir='ltr'><strong>muroque</strong></span> <span class='ocrx_word' id='word_1_24' title='bbox 1516 627 1683 700; x_wconf 86' lang='lat' dir='ltr'><strong>tueri,</strong></span> 
     </span>
     <span class='ocr_line' id='line_1_6' title="bbox 388 712 2078 797; baseline 0.01 -28"><span class='ocrx_word' id='word_1_25' title='bbox 388 712 606 795; x_wconf 85' lang='lat' dir='ltr'><strong>Vixque</strong></span> <span class='ocrx_word' id='word_1_26' title='bbox 632 716 716 775; x_wconf 89' lang='lat' dir='ltr'><strong>sui</strong></span> <span class='ocrx_word' id='word_1_27' title='bbox 749 732 928 776; x_wconf 85' lang='lat' dir='ltr'><strong>tutum</strong></span> <span class='ocrx_word' id='word_1_28' title='bbox 958 719 1167 780; x_wconf 88' lang='lat' dir='ltr'><strong>viribus</strong></span> <span class='ocrx_word' id='word_1_29' title='bbox 1197 744 1312 781; x_wconf 89' lang='lat' dir='ltr'><strong>esse</strong></span> <span class='ocrx_word' id='word_1_30' title='bbox 1342 721 1483 781; x_wconf 80' lang='lat' dir='ltr'><strong>loci!</strong></span> <span class='ocrx_word' id='word_1_31' title='bbox 2021 753 2078 797; x_wconf 81' lang='lat'><strong>7⁰</strong></span> 
     </span>
     <span class='ocr_line' id='line_1_7' title="bbox 301 808 1556 895; baseline 0.009 -28"><span class='ocrx_word' id='word_1_32' title='bbox 301 808 513 890; x_wconf 89' lang='lat' dir='ltr'><strong>Aspera</strong></span> <span class='ocrx_word' id='word_1_33' title='bbox 543 811 748 872; x_wconf 82' lang='lat' dir='ltr'><strong>militiae</strong></span> <span class='ocrx_word' id='word_1_34' title='bbox 772 814 988 894; x_wconf 88' lang='lat' dir='ltr'><strong>juvenis</strong></span> <span class='ocrx_word' id='word_1_35' title='bbox 1019 819 1311 877; x_wconf 88' lang='lat' dir='ltr'><strong>certamina</strong></span> <span class='ocrx_word' id='word_1_36' title='bbox 1340 818 1488 895; x_wconf 84' lang='lat' dir='ltr'><strong>fugi,</strong></span> <span class='ocrx_word' id='word_1_37' title='bbox 1554 849 1556 851; x_wconf 56' lang='grc'>’</span> 
     </span>
     <span class='ocr_line' id='line_1_8' title="bbox 383 909 1558 975; baseline 0.009 -9"><span class='ocrx_word' id='word_1_38' title='bbox 383 909 495 967; x_wconf 88' lang='lat' dir='ltr'><strong>Nec</strong></span> <span class='ocrx_word' id='word_1_39' title='bbox 521 909 626 969; x_wconf 90' lang='lat' dir='ltr'><strong>nisi</strong></span> <span class='ocrx_word' id='word_1_40' title='bbox 658 910 844 972; x_wconf 87' lang='lat' dir='ltr'><strong>lusura</strong></span> <span class='ocrx_word' id='word_1_41' title='bbox 873 915 1145 974; x_wconf 86' lang='lat' dir='ltr'><strong>movimus</strong></span> <span class='ocrx_word' id='word_1_42' title='bbox 1176 939 1323 975; x_wconf 85' lang='lat' dir='ltr'><strong>arma</strong></span> <span class='ocrx_word' id='word_1_43' title='bbox 1355 939 1558 975; x_wconf 88' lang='lat' dir='ltr'><strong>manu:</strong></span> 
     </span>
     <span class='ocr_line' id='line_1_9' title="bbox 300 1003 1880 1094; baseline 0.007 -33"><span class='ocrx_word' id='word_1_44' title='bbox 300 1003 460 1063; x_wconf 88' lang='lat' dir='ltr'><strong>Nunc</strong></span> <span class='ocrx_word' id='word_1_45' title='bbox 490 1005 701 1077; x_wconf 78' lang='lat' dir='ltr'><strong>senior,</strong></span> <span class='ocrx_word' id='word_1_46' title='bbox 735 1006 1028 1090; x_wconf 85' lang='lat' dir='ltr'><strong>gladioque</strong></span> <span class='ocrx_word' id='word_1_47' title='bbox 1055 1009 1231 1083; x_wconf 85' lang='lat' dir='ltr'><strong>latus,</strong></span> <span class='ocrx_word' id='word_1_48' title='bbox 1265 1026 1533 1094; x_wconf 88' lang='lat' dir='ltr'><strong>scutoque</strong></span> <span class='ocrx_word' id='word_1_49' title='bbox 1566 1011 1880 1088; x_wconf 78' lang='lat' dir='ltr'><strong>sinistram;</strong></span> 
     </span>
     <span class='ocr_line' id='line_1_10' title="bbox 387 1097 1464 1186; baseline 0.008 -31"><span class='ocrx_word' id='word_1_50' title='bbox 387 1097 656 1157; x_wconf 78' lang='lat' dir='ltr'><strong>Canitiem</strong></span> <span class='ocrx_word' id='word_1_51' title='bbox 693 1100 854 1177; x_wconf 89' lang='lat' dir='ltr'><strong>galeae</strong></span> <span class='ocrx_word' id='word_1_52' title='bbox 884 1103 1230 1186; x_wconf 88' lang='lat' dir='ltr'><strong>subjicioque</strong></span> <span class='ocrx_word' id='word_1_53' title='bbox 1256 1128 1464 1166; x_wconf 87' lang='lat' dir='ltr'><strong>meam:</strong></span> 
     </span>
     <span class='ocr_line' id='line_1_11' title="bbox 303 1194 2078 1281; baseline 0.006 -26"><span class='ocrx_word' id='word_1_54' title='bbox 303 1194 441 1255; x_wconf 81' lang='lat' dir='ltr'><strong>Nam</strong></span> <span class='ocrx_word' id='word_1_55' title='bbox 476 1196 625 1256; x_wconf 82' lang='lat' dir='ltr'><strong>dedit</strong></span> <span class='ocrx_word' id='word_1_56' title='bbox 655 1221 683 1257; x_wconf 88' lang='lat' dir='ltr'><strong>e</strong></span> <span class='ocrx_word' id='word_1_57' title='bbox 711 1199 933 1281; x_wconf 87' lang='lat' dir='ltr'><strong>specula</strong></span> <span class='ocrx_word' id='word_1_58' title='bbox 963 1216 1148 1261; x_wconf 90' lang='lat' dir='ltr'><strong>custos</strong></span> <span class='ocrx_word' id='word_1_59' title='bbox 1179 1202 1278 1261; x_wconf 90' lang='lat' dir='ltr'><strong>ubi</strong></span> <span class='ocrx_word' id='word_1_60' title='bbox 1311 1203 1468 1281; x_wconf 85' lang='lat' dir='ltr'><strong>signa</strong></span> <span class='ocrx_word' id='word_1_61' title='bbox 1497 1202 1798 1276; x_wconf 90' lang='lat' dir='ltr'><strong>tumultus,</strong></span> <span class='ocrx_word' id='word_1_62' title='bbox 2025 1220 2078 1277; x_wconf 83' lang='lat'><strong>75</strong></span> 
     </span>
     <span class='ocr_line' id='line_1_12' title="bbox 383 1291 1639 1378; baseline 0.007 -28"><span class='ocrx_word' id='word_1_63' title='bbox 383 1291 675 1353; x_wconf 86' lang='lat' dir='ltr'><strong>Induimur</strong></span> <span class='ocrx_word' id='word_1_64' title='bbox 706 1297 918 1378; x_wconf 80' lang='lat' dir='ltr'><strong>trepida</strong></span> <span class='ocrx_word' id='word_1_65' title='bbox 949 1297 1204 1378; x_wconf 89' lang='lat' dir='ltr'><strong>protinus</strong></span> <span class='ocrx_word' id='word_1_66' title='bbox 1232 1321 1378 1357; x_wconf 86' lang='lat' dir='ltr'><strong>arma</strong></span> <span class='ocrx_word' id='word_1_67' title='bbox 1406 1322 1592 1358; x_wconf 86' lang='lat' dir='ltr'><strong>manu.</strong></span> <span class='ocrx_word' id='word_1_68' title='bbox 1635 1366 1639 1369; x_wconf 74' lang='lat'><strong>.</strong></span> 
     </span>
     <span class='ocr_line' id='line_1_13' title="bbox 307 1387 1747 1474; baseline 0.006 -29"><span class='ocrx_word' id='word_1_69' title='bbox 307 1387 529 1459; x_wconf 72' lang='lat' dir='ltr'><strong>Hostis,</strong></span> <span class='ocrx_word' id='word_1_70' title='bbox 562 1389 772 1449; x_wconf 87' lang='lat' dir='ltr'><strong>habens</strong></span> <span class='ocrx_word' id='word_1_71' title='bbox 801 1413 982 1463; x_wconf 80' lang='lat' dir='ltr'><strong>arcuS‚</strong></span> <span class='ocrx_word' id='word_1_72' title='bbox 1014 1391 1334 1474; x_wconf 84' lang='lat' dir='ltr'><strong>imbutaque</strong></span> <span class='ocrx_word' id='word_1_73' title='bbox 1363 1392 1468 1453; x_wconf 89' lang='lat' dir='ltr'><strong>tela</strong></span> <span class='ocrx_word' id='word_1_74' title='bbox 1500 1416 1707 1454; x_wconf 86' lang='lat' dir='ltr'><strong>veneno</strong></span> <span class='ocrx_word' id='word_1_75' title='bbox 1726 1441 1747 1468; x_wconf 81' lang='grc'><strong><em>,</em></strong></span> 
     </span>
    </p>
   </div>
   <div class='ocr_carea' id='block_1_4' title="bbox 306 1484 2084 1767">
    <p class='ocr_par' dir='ltr' id='par_1_4' title="bbox 306 1484 2084 1767">
     <span class='ocr_line' id='line_1_14' title="bbox 386 1484 1545 1573; baseline 0.007 -30"><span class='ocrx_word' id='word_1_76' title='bbox 386 1484 571 1545; x_wconf 88' lang='lat' dir='ltr'><strong>Saevus</strong></span> <span class='ocrx_word' id='word_1_77' title='bbox 601 1486 877 1547; x_wconf 82' lang='lat' dir='ltr'><strong>anhelanti</strong></span> <span class='ocrx_word' id='word_1_78' title='bbox 906 1490 1104 1548; x_wconf 87' lang='lat' dir='ltr'><strong>moenia</strong></span> <span class='ocrx_word' id='word_1_79' title='bbox 1136 1489 1333 1551; x_wconf 87' lang='lat' dir='ltr'><strong>lustrat</strong></span> <span class='ocrx_word' id='word_1_80' title='bbox 1361 1515 1504 1573; x_wconf 92' lang='lat' dir='ltr'><strong>equo</strong></span> <span class='ocrx_word' id='word_1_81' title='bbox 1531 1516 1545 1550; x_wconf 74' lang='grc' dir='ltr'>ε</span> 
     </span>
     <span class='ocr_line' id='line_1_15' title="bbox 306 1581 1746 1668; baseline 0.004 -28"><span class='ocrx_word' id='word_1_82' title='bbox 306 1581 492 1664; x_wconf 88' lang='lat' dir='ltr'><strong>thue</strong></span> <span class='ocrx_word' id='word_1_83' title='bbox 522 1608 689 1666; x_wconf 78' lang='lat' dir='ltr'><strong>rapax</strong></span> <span class='ocrx_word' id='word_1_84' title='bbox 719 1585 1015 1667; x_wconf 66' lang='lat' dir='ltr'><strong>pecudem,</strong></span> <span class='ocrx_word' id='word_1_85' title='bbox 1046 1610 1165 1668; x_wconf 87' lang='lat' dir='ltr'><strong>quae</strong></span> <span class='ocrx_word' id='word_1_86' title='bbox 1196 1609 1252 1647; x_wconf 91' lang='lat' dir='ltr'><strong>se</strong></span> <span class='ocrx_word' id='word_1_87' title='bbox 1280 1611 1393 1647; x_wconf 90' lang='lat' dir='ltr'><strong>non</strong></span> <span class='ocrx_word' id='word_1_88' title='bbox 1424 1589 1559 1646; x_wconf 86' lang='lat' dir='ltr'><strong>texit</strong></span> <span class='ocrx_word' id='word_1_89' title='bbox 1589 1585 1746 1659; x_wconf 88' lang='lat' dir='ltr'><strong>ovili,</strong></span> 
     </span>
     <span class='ocr_line' id='line_1_16' title="bbox 382 1679 2084 1767; baseline 0.002 -29"><span class='ocrx_word' id='word_1_90' title='bbox 382 1679 491 1739; x_wconf 90' lang='lat' dir='ltr'><strong>Per</strong></span> <span class='ocrx_word' id='word_1_91' title='bbox 518 1696 630 1740; x_wconf 87' lang='lat' dir='ltr'><strong>sata</strong></span> <span class='ocrx_word' id='word_1_92' title='bbox 650 1728 665 1754; x_wconf 83' lang='lat'><strong>‚</strong></span> <span class='ocrx_word' id='word_1_93' title='bbox 698 1706 797 1765; x_wconf 90' lang='lat' dir='ltr'><strong>per</strong></span> <span class='ocrx_word' id='word_1_94' title='bbox 828 1683 1017 1757; x_wconf 83' lang='lat' dir='ltr'><strong>silvas,</strong></span> <span class='ocrx_word' id='word_1_95' title='bbox 1049 1684 1264 1767; x_wconf 85' lang='lat' dir='ltr'><strong>fertque</strong></span> <span class='ocrx_word' id='word_1_96' title='bbox 1295 1683 1572 1766; x_wconf 81' lang='lat' dir='ltr'><strong>trahitque</strong></span> <span class='ocrx_word' id='word_1_97' title='bbox 1595 1682 1792 1767; x_wconf 88' lang='lat' dir='ltr'><strong>lupus;</strong></span> <span class='ocrx_word' id='word_1_98' title='bbox 2023 1703 2084 1745; x_wconf 59' lang='grc' dir='ltr'><strong>30Γ</strong></span> 
     </span>
    </p>
   </div>
   <div class='ocr_carea' id='block_1_5' title="bbox 303 1808 1153 3495">
    <p class='ocr_par' dir='ltr' id='par_1_5' title="bbox 304 1808 1147 1926">
     <span class='ocr_line' id='line_1_17' title="bbox 356 1808 1147 1869; baseline 0.006 -19"><span class='ocrx_word' id='word_1_99' title='bbox 356 1808 422 1851; x_wconf 84' lang='grc'><strong>68.</strong></span> <span class='ocrx_word' id='word_1_100' title='bbox 453 1810 590 1852; x_wconf 84' lang='lat' dir='ltr'><strong>Illum.</strong></span> <span class='ocrx_word' id='word_1_101' title='bbox 625 1811 706 1852; x_wconf 81' lang='lat' dir='ltr'><strong>Illi</strong></span> <span class='ocrx_word' id='word_1_102' title='bbox 729 1812 888 1854; x_wconf 83' lang='lat' dir='ltr'><strong>rectius</strong></span> <span class='ocrx_word' id='word_1_103' title='bbox 914 1811 1147 1869; x_wconf 77' lang='lat' dir='ltr'><strong>Gottorpb.</strong></span> 
     </span>
     <span class='ocr_line' id='line_1_18' title="bbox 304 1871 1086 1926; baseline 0.004 -12"><span class='ocrx_word' id='word_1_104' title='bbox 304 1871 522 1916; x_wconf 83' lang='lat' dir='ltr'><strong>Junianus</strong></span> <span class='ocrx_word' id='word_1_105' title='bbox 537 1907 548 1926; x_wconf 90' lang='lat'>,</span> <span class='ocrx_word' id='word_1_106' title='bbox 572 1883 616 1916; x_wconf 93' lang='lat' dir='ltr'><strong>et</strong></span> <span class='ocrx_word' id='word_1_107' title='bbox 630 1874 890 1919; x_wconf 85' lang='lat' dir='ltr'><strong>Moretanus</strong></span> <span class='ocrx_word' id='word_1_108' title='bbox 907 1876 1003 1919; x_wconf 81' lang='lat' dir='ltr'><strong>cod.</strong></span> <span class='ocrx_word' id='word_1_109' title='bbox 1028 1877 1086 1919; x_wconf 90' lang='lat' dir='ltr'><strong>H.</strong></span> 
     </span>
    </p>

    <p class='ocr_par' dir='ltr' id='par_1_6' title="bbox 303 1938 1152 2315">
     <span class='ocr_line' id='line_1_19' title="bbox 361 1938 1152 1991; baseline 0.009 -15"><span class='ocrx_word' id='word_1_110' title='bbox 361 1950 425 1991; x_wconf 91' lang='lat'><strong>70.</strong></span> <span class='ocrx_word' id='word_1_111' title='bbox 456 1938 605 1980; x_wconf 73' lang='lat' dir='ltr'><strong>Tutum</strong></span> <span class='ocrx_word' id='word_1_112' title='bbox 628 1942 785 1981; x_wconf 80' lang='lat' dir='ltr'><strong>viribus</strong></span> <span class='ocrx_word' id='word_1_113' title='bbox 810 1955 903 1982; x_wconf 85' lang='lat' dir='ltr'><strong>esse</strong></span> <span class='ocrx_word' id='word_1_114' title='bbox 926 1944 1023 1982; x_wconf 80' lang='lat' dir='ltr'><em>loci.</em></span> <span class='ocrx_word' id='word_1_115' title='bbox 1062 1941 1152 1982; x_wconf 87' lang='lat' dir='ltr'><strong>Aut</strong></span> 
     </span>
     <span class='ocr_line' id='line_1_20' title="bbox 303 2003 1150 2063; baseline 0.007 -19"><span class='ocrx_word' id='word_1_116' title='bbox 303 2003 439 2045; x_wconf 83' lang='lat' dir='ltr'><strong>scribe</strong></span> <span class='ocrx_word' id='word_1_117' title='bbox 453 2008 643 2051; x_wconf 78' lang='lat' dir='ltr'><strong>turribus,</strong></span> <span class='ocrx_word' id='word_1_118' title='bbox 659 2015 748 2059; x_wconf 73' lang='lat' dir='ltr'><strong>aut,</strong></span> <span class='ocrx_word' id='word_1_119' title='bbox 763 2006 879 2063; x_wconf 85' lang='lat' dir='ltr'><strong>quod</strong></span> <span class='ocrx_word' id='word_1_120' title='bbox 896 2022 974 2063; x_wconf 87' lang='lat' dir='ltr'><strong>pro</strong></span> <span class='ocrx_word' id='word_1_121' title='bbox 985 2006 1150 2050; x_wconf 81' lang='lat' dir='ltr'><strong>diversa</strong></span> 
     </span>
     <span class='ocr_line' id='line_1_21' title="bbox 303 2068 1150 2128; baseline 0.008 -18"><span class='ocrx_word' id='word_1_122' title='bbox 303 2068 488 2112; x_wconf 82' lang='lat' dir='ltr'><strong>lectione</strong></span> <span class='ocrx_word' id='word_1_123' title='bbox 503 2070 547 2112; x_wconf 91' lang='lat' dir='ltr'><strong>in</strong></span> <span class='ocrx_word' id='word_1_124' title='bbox 562 2070 811 2115; x_wconf 88' lang='lat' dir='ltr'><strong>Combiano</strong></span> <span class='ocrx_word' id='word_1_125' title='bbox 824 2082 918 2116; x_wconf 87' lang='lat' dir='ltr'><strong>erat</strong></span> <span class='ocrx_word' id='word_1_126' title='bbox 931 2083 1150 2128; x_wconf 81' lang='lat' dir='ltr'><strong>notatum,</strong></span> 
     </span>
     <span class='ocr_line' id='line_1_22' title="bbox 306 2136 1149 2195; baseline 0.009 -20"><span class='ocrx_word' id='word_1_127' title='bbox 306 2137 530 2188; x_wconf 83' lang='lat' dir='ltr'><strong>moenibus;</strong></span> <span class='ocrx_word' id='word_1_128' title='bbox 548 2136 607 2179; x_wconf 88' lang='lat' dir='ltr'><strong>sic</strong></span> <span class='ocrx_word' id='word_1_129' title='bbox 620 2137 751 2180; x_wconf 83' lang='lat' dir='ltr'><strong>Trist.</strong></span> <span class='ocrx_word' id='word_1_130' title='bbox 767 2139 807 2177; x_wconf 90' lang='lat' dir='ltr'>V</span> <span class='ocrx_word' id='word_1_131' title='bbox 818 2170 829 2191; x_wconf 93' lang='lat'><strong>‚</strong></span> <span class='ocrx_word' id='word_1_132' title='bbox 848 2138 966 2195; x_wconf 88' lang='lat' dir='ltr'><strong>Eleg.</strong></span> <span class='ocrx_word' id='word_1_133' title='bbox 982 2153 1019 2181; x_wconf 89' lang='lat'><strong>11</strong></span> <span class='ocrx_word' id='word_1_134' title='bbox 1036 2172 1047 2192; x_wconf 94' lang='lat'>,</span> <span class='ocrx_word' id='word_1_135' title='bbox 1072 2156 1122 2195; x_wconf 90' lang='lat'><strong>70</strong></span> <span class='ocrx_word' id='word_1_136' title='bbox 1138 2156 1149 2183; x_wconf 78' lang='lat'>2</span> 
     </span>
     <span class='ocr_line' id='line_1_23' title="bbox 306 2198 1150 2255; baseline 0.009 -15"><span class='ocrx_word' id='word_1_137' title='bbox 306 2216 330 2236; x_wconf 72' lang='grc' dir='ltr'><strong><em>κ</em></strong></span> <span class='ocrx_word' id='word_1_138' title='bbox 362 2198 530 2255; x_wconf 86' lang='lat' dir='ltr'><strong>Vixque</strong></span> <span class='ocrx_word' id='word_1_139' title='bbox 562 2201 703 2244; x_wconf 86' lang='lat' dir='ltr'><strong>brevis</strong></span> <span class='ocrx_word' id='word_1_140' title='bbox 736 2211 882 2246; x_wconf 83' lang='lat' dir='ltr'><strong>tutum</strong></span> <span class='ocrx_word' id='word_1_141' title='bbox 915 2219 1068 2247; x_wconf 87' lang='lat' dir='ltr'><strong>murus</strong></span> <span class='ocrx_word' id='word_1_142' title='bbox 1098 2204 1150 2248; x_wconf 80' lang='lat' dir='ltr'><strong>ab</strong></span> 
     </span>
     <span class='ocr_line' id='line_1_24' title="bbox 305 2263 683 2315; baseline 0.005 -8"><span class='ocrx_word' id='word_1_143' title='bbox 305 2263 429 2315; x_wconf 83' lang='lat' dir='ltr'><strong>hoste</strong></span> <span class='ocrx_word' id='word_1_144' title='bbox 447 2264 563 2309; x_wconf 85' lang='lat' dir='ltr'><strong>facit.</strong></span> <span class='ocrx_word' id='word_1_145' title='bbox 577 2283 599 2305; x_wconf 67' lang='grc' dir='ltr'><strong>ι)</strong></span> <span class='ocrx_word' id='word_1_146' title='bbox 622 2267 683 2309; x_wconf 90' lang='grc' dir='ltr'><strong>Η.</strong></span> 
     </span>
    </p>

    <p class='ocr_par' dir='ltr' id='par_1_7' title="bbox 306 2332 1152 2443">
     <span class='ocr_line' id='line_1_25' title="bbox 363 2332 1152 2386; baseline 0.006 -15"><span class='ocrx_word' id='word_1_147' title='bbox 363 2347 383 2386; x_wconf 89' lang='lat'>7</span> <span class='ocrx_word' id='word_1_148' title='bbox 393 2346 425 2373; x_wconf 89' lang='lat'><strong>1.</strong></span> <span class='ocrx_word' id='word_1_149' title='bbox 446 2332 558 2386; x_wconf 76' lang='lat' dir='ltr'><strong>Fugt&#39;</strong></span> <span class='ocrx_word' id='word_1_150' title='bbox 569 2347 719 2386; x_wconf 82' lang='lat' dir='ltr'><strong>aspera</strong></span> <span class='ocrx_word' id='word_1_151' title='bbox 738 2337 966 2376; x_wconf 80' lang='lat' dir='ltr'><strong>certamina</strong></span> <span class='ocrx_word' id='word_1_152' title='bbox 981 2337 1152 2376; x_wconf 79' lang='lat' dir='ltr'><strong>mih‘tiae.</strong></span> 
     </span>
     <span class='ocr_line' id='line_1_26' title="bbox 306 2394 1151 2443; baseline 0.007 -6"><span class='ocrx_word' id='word_1_153' title='bbox 306 2394 337 2436; x_wconf 89' lang='lat' dir='ltr'>J</span> <span class='ocrx_word' id='word_1_154' title='bbox 340 2396 490 2438; x_wconf 89' lang='lat' dir='ltr'><strong>uvenis</strong></span> <span class='ocrx_word' id='word_1_155' title='bbox 502 2396 621 2438; x_wconf 87' lang='lat' dir='ltr'><strong>enim</strong></span> <span class='ocrx_word' id='word_1_156' title='bbox 632 2396 762 2440; x_wconf 89' lang='lat' dir='ltr'><strong>Ovid.</strong></span> <span class='ocrx_word' id='word_1_157' title='bbox 772 2398 817 2440; x_wconf 90' lang='lat' dir='ltr'><strong>in</strong></span> <span class='ocrx_word' id='word_1_158' title='bbox 827 2398 930 2442; x_wconf 89' lang='lat' dir='ltr'><strong>Asia</strong></span> <span class='ocrx_word' id='word_1_159' title='bbox 940 2399 1151 2443; x_wconf 84' lang='lat' dir='ltr'><strong>militavit.</strong></span> 
     </span>
    </p>

    <p class='ocr_par' dir='ltr' id='par_1_8' title="bbox 306 2461 1153 2764">
     <span class='ocr_line' id='line_1_27' title="bbox 365 2461 1151 2514; baseline 0.009 -14"><span class='ocrx_word' id='word_1_160' title='bbox 365 2476 427 2514; x_wconf 86' lang='lat'><strong>72.</strong></span> <span class='ocrx_word' id='word_1_161' title='bbox 449 2461 656 2504; x_wconf 74' lang='lat' dir='ltr'><strong>Mom&#39;mus</strong></span> <span class='ocrx_word' id='word_1_162' title='bbox 667 2478 788 2504; x_wconf 85' lang='lat' dir='ltr'><strong>arma</strong></span> <span class='ocrx_word' id='word_1_163' title='bbox 802 2480 953 2506; x_wconf 84' lang='lat' dir='ltr'><strong>manu:</strong></span> <span class='ocrx_word' id='word_1_164' title='bbox 971 2463 1151 2507; x_wconf 89' lang='lat' dir='ltr'><strong>ludendi</strong></span> 
     </span>
     <span class='ocr_line' id='line_1_28' title="bbox 306 2527 1153 2585; baseline 0.007 -20"><span class='ocrx_word' id='word_1_165' title='bbox 306 2532 479 2566; x_wconf 81' lang='lat' dir='ltr'><strong>tantum</strong></span> <span class='ocrx_word' id='word_1_166' title='bbox 509 2541 633 2568; x_wconf 85' lang='lat' dir='ltr'><strong>causa</strong></span> <span class='ocrx_word' id='word_1_167' title='bbox 656 2558 669 2580; x_wconf 86' lang='lat'>,</span> <span class='ocrx_word' id='word_1_168' title='bbox 712 2536 761 2570; x_wconf 82' lang='lat' dir='ltr'><strong>ut</strong></span> <span class='ocrx_word' id='word_1_169' title='bbox 790 2528 1003 2585; x_wconf 82' lang='lat' dir='ltr'><strong>ingenuos</strong></span> <span class='ocrx_word' id='word_1_170' title='bbox 1027 2527 1153 2571; x_wconf 82' lang='lat' dir='ltr'><strong>decet</strong></span> 
     </span>
     <span class='ocr_line' id='line_1_29' title="bbox 308 2588 1152 2650; baseline 0.006 -19"><span class='ocrx_word' id='word_1_171' title='bbox 308 2588 601 2632; x_wconf 83' lang='lat' dir='ltr'><strong>adolescentes</strong></span> <span class='ocrx_word' id='word_1_172' title='bbox 621 2623 632 2644; x_wconf 92' lang='lat'>‚</span> <span class='ocrx_word' id='word_1_173' title='bbox 662 2591 824 2647; x_wconf 83' lang='lat' dir='ltr'><strong>gladios</strong></span> <span class='ocrx_word' id='word_1_174' title='bbox 859 2601 902 2636; x_wconf 84' lang='lat' dir='ltr'><strong>et</strong></span> <span class='ocrx_word' id='word_1_175' title='bbox 938 2593 982 2635; x_wconf 92' lang='lat' dir='ltr'><strong>id</strong></span> <span class='ocrx_word' id='word_1_176' title='bbox 1015 2609 1152 2650; x_wconf 85' lang='lat' dir='ltr'><strong>genus</strong></span> 
     </span>
     <span class='ocr_line' id='line_1_30' title="bbox 308 2656 1152 2704; baseline 0.006 -8"><span class='ocrx_word' id='word_1_177' title='bbox 308 2671 531 2698; x_wconf 87' lang='lat' dir='ltr'><strong>armorum</strong></span> <span class='ocrx_word' id='word_1_178' title='bbox 564 2656 754 2699; x_wconf 84' lang='lat' dir='ltr'><strong>tractavi.</strong></span> <span class='ocrx_word' id='word_1_179' title='bbox 786 2656 838 2701; x_wconf 87' lang='lat' dir='ltr'><strong>C.</strong></span> <span class='ocrx_word' id='word_1_180' title='bbox 867 2681 920 2690; x_wconf 93' lang='lat'><strong>--</strong></span> <span class='ocrx_word' id='word_1_181' title='bbox 951 2660 1152 2704; x_wconf 69' lang='lat' dir='ltr'><strong>Novimus</strong></span> 
     </span>
     <span class='ocr_line' id='line_1_31' title="bbox 309 2719 797 2764; baseline 0.002 -3"><span class='ocrx_word' id='word_1_182' title='bbox 309 2719 510 2763; x_wconf 87' lang='lat' dir='ltr'><strong>Leidens.</strong></span> <span class='ocrx_word' id='word_1_183' title='bbox 531 2729 574 2763; x_wconf 89' lang='lat' dir='ltr'><strong>et</strong></span> <span class='ocrx_word' id='word_1_184' title='bbox 595 2730 692 2764; x_wconf 81' lang='lat' dir='ltr'><strong>octo</strong></span> <span class='ocrx_word' id='word_1_185' title='bbox 714 2721 797 2764; x_wconf 88' lang='lat' dir='ltr'><strong>alii.</strong></span> 
     </span>
    </p>

    <p class='ocr_par' dir='ltr' id='par_1_9' title="bbox 307 2786 1153 2958">
     <span class='ocr_line' id='line_1_32' title="bbox 366 2786 1153 2843; baseline 0.005 -16"><span class='ocrx_word' id='word_1_186' title='bbox 366 2787 429 2840; x_wconf 84' lang='lat'><strong>75.</strong></span> <span class='ocrx_word' id='word_1_187' title='bbox 456 2786 683 2828; x_wconf 81' lang='lat' dir='ltr'><strong>Tumultus.</strong></span> <span class='ocrx_word' id='word_1_188' title='bbox 701 2786 913 2830; x_wconf 87' lang='lat' dir='ltr'><strong>Timoris:</strong></span> <span class='ocrx_word' id='word_1_189' title='bbox 929 2788 1047 2843; x_wconf 91' lang='lat' dir='ltr'><strong>quod</strong></span> <span class='ocrx_word' id='word_1_190' title='bbox 1059 2787 1153 2831; x_wconf 91' lang='lat' dir='ltr'><strong>Ge-</strong></span> 
     </span>
     <span class='ocr_line' id='line_1_33' title="bbox 309 2850 1151 2898; baseline 0.008 -7"><span class='ocrx_word' id='word_1_191' title='bbox 309 2858 364 2892; x_wconf 71' lang='lat' dir='ltr'><strong>1ae</strong></span> <span class='ocrx_word' id='word_1_192' title='bbox 374 2850 684 2895; x_wconf 79' lang='lat' dir='ltr'><strong>armaticontra</strong></span> <span class='ocrx_word' id='word_1_193' title='bbox 698 2868 778 2895; x_wconf 91' lang='lat' dir='ltr'><strong>nos</strong></span> <span class='ocrx_word' id='word_1_194' title='bbox 792 2852 1025 2898; x_wconf 85' lang='lat' dir='ltr'><strong>adventare</strong></span> <span class='ocrx_word' id='word_1_195' title='bbox 1040 2871 1151 2898; x_wconf 88' lang='lat' dir='ltr'><strong>nun-</strong></span> 
     </span>
     <span class='ocr_line' id='line_1_34' title="bbox 307 2914 546 2958; baseline 0.004 -2"><span class='ocrx_word' id='word_1_196' title='bbox 307 2914 546 2958; x_wconf 86' lang='lat' dir='ltr'><strong>ciabantur.</strong></span> 
     </span>
    </p>

    <p class='ocr_par' dir='ltr' id='par_1_10' title="bbox 305 2980 1151 3495">
     <span class='ocr_line' id='line_1_35' title="bbox 365 2980 1151 3037; baseline 0.006 -16"><span class='ocrx_word' id='word_1_197' title='bbox 365 2997 383 3034; x_wconf 83' lang='lat'>7</span> <span class='ocrx_word' id='word_1_198' title='bbox 390 2980 428 3022; x_wconf 82' lang='grc'><strong>6.</strong></span> <span class='ocrx_word' id='word_1_199' title='bbox 437 2982 652 3024; x_wconf 79' lang='lat' dir='ltr'><strong>Indut’mus</strong></span> <span class='ocrx_word' id='word_1_200' title='bbox 665 2984 824 3035; x_wconf 77' lang='lat' dir='ltr'><strong>trepida</strong></span> <span class='ocrx_word' id='word_1_201' title='bbox 828 2987 1020 3037; x_wconf 78' lang='lat' dir='ltr'><strong>protinus</strong></span> <span class='ocrx_word' id='word_1_202' title='bbox 1032 3000 1151 3027; x_wconf 81' lang='lat' dir='ltr'><strong>arma</strong></span> 
     </span>
     <span class='ocr_line' id='line_1_36' title="bbox 307 3046 1147 3104; baseline 0.005 -16"><span class='ocrx_word' id='word_1_203' title='bbox 307 3063 444 3089; x_wconf 84' lang='lat' dir='ltr'><strong>manu.</strong></span> <span class='ocrx_word' id='word_1_204' title='bbox 469 3046 737 3090; x_wconf 86' lang='lat' dir='ltr'><strong>Combianus</strong></span> <span class='ocrx_word' id='word_1_205' title='bbox 755 3048 880 3104; x_wconf 85' lang='lat' dir='ltr'><strong>longe</strong></span> <span class='ocrx_word' id='word_1_206' title='bbox 901 3049 1121 3103; x_wconf 87' lang='lat' dir='ltr'><strong>venustius</strong></span> <span class='ocrx_word' id='word_1_207' title='bbox 1135 3080 1147 3102; x_wconf 88' lang='lat'>‚</span> 
     </span>
     <span class='ocr_line' id='line_1_37' title="bbox 305 3113 1147 3170; baseline 0.007 -19"><span class='ocrx_word' id='word_1_208' title='bbox 305 3113 521 3154; x_wconf 83' lang='lat' dir='ltr'><strong>Induimur</strong></span> <span class='ocrx_word' id='word_1_209' title='bbox 528 3127 543 3165; x_wconf 87' lang='lat'><em>;</em></span> <span class='ocrx_word' id='word_1_210' title='bbox 553 3113 625 3168; x_wconf 91' lang='lat' dir='ltr'><strong>qui</strong></span> <span class='ocrx_word' id='word_1_211' title='bbox 637 3114 878 3170; x_wconf 76' lang='lat' dir='ltr'><strong>graecismus</strong></span> <span class='ocrx_word' id='word_1_212' title='bbox 892 3115 1051 3158; x_wconf 87' lang='lat' dir='ltr'><strong>Nostro</strong></span> <span class='ocrx_word' id='word_1_213' title='bbox 1062 3114 1147 3157; x_wconf 88' lang='lat' dir='ltr'><strong>val·</strong></span> 
     </span>
     <span class='ocr_line' id='line_1_38' title="bbox 309 3175 1146 3238; baseline 0.002 -21"><span class='ocrx_word' id='word_1_214' title='bbox 309 3175 362 3218; x_wconf 86' lang='lat' dir='ltr'><strong>de</strong></span> <span class='ocrx_word' id='word_1_215' title='bbox 377 3176 596 3220; x_wconf 83' lang='lat' dir='ltr'><strong>familiaris</strong></span> <span class='ocrx_word' id='word_1_216' title='bbox 613 3196 623 3228; x_wconf 90' lang='lat'>;</span> <span class='ocrx_word' id='word_1_217' title='bbox 653 3178 871 3222; x_wconf 86' lang='lat' dir='ltr'><strong>Ausonius</strong></span> <span class='ocrx_word' id='word_1_218' title='bbox 886 3211 898 3234; x_wconf 91' lang='lat'>‚</span> <span class='ocrx_word' id='word_1_219' title='bbox 921 3179 1045 3238; x_wconf 83' lang='lat' dir='ltr'><strong>Idyll.</strong></span> <span class='ocrx_word' id='word_1_220' title='bbox 1062 3180 1146 3232; x_wconf 89' lang='lat' dir='ltr'><strong>lv,</strong></span> 
     </span>
     <span class='ocr_line' id='line_1_39' title="bbox 308 3243 1148 3302; baseline 0.005 -18"><span class='ocrx_word' id='word_1_221' title='bbox 308 3258 361 3300; x_wconf 80' lang='lat'><strong>92</strong></span> <span class='ocrx_word' id='word_1_222' title='bbox 385 3259 394 3284; x_wconf 78' lang='lat' dir='ltr'><strong><em>z</em></strong></span> <span class='ocrx_word' id='word_1_223' title='bbox 421 3260 440 3278; x_wconf 91' lang='lat'>«</span> <span class='ocrx_word' id='word_1_224' title='bbox 466 3243 530 3286; x_wconf 87' lang='lat' dir='ltr'><strong>Ut</strong></span> <span class='ocrx_word' id='word_1_225' title='bbox 553 3245 743 3287; x_wconf 84' lang='lat' dir='ltr'><strong>trabeam</strong></span> <span class='ocrx_word' id='word_1_226' title='bbox 759 3278 773 3300; x_wconf 86' lang='lat'>,</span> <span class='ocrx_word' id='word_1_227' title='bbox 797 3245 1041 3302; x_wconf 85' lang='lat' dir='ltr'><strong>pictamque</strong></span> <span class='ocrx_word' id='word_1_228' title='bbox 1070 3254 1148 3288; x_wconf 82' lang='lat' dir='ltr'><strong>to-</strong></span> 
     </span>
     <span class='ocr_line' id='line_1_40' title="bbox 308 3309 1149 3364; baseline 0.007 -18"><span class='ocrx_word' id='word_1_229' title='bbox 308 3319 406 3361; x_wconf 80' lang='lat' dir='ltr'><strong>gam</strong></span> <span class='ocrx_word' id='word_1_230' title='bbox 422 3338 434 3360; x_wconf 85' lang='lat'>‚</span> <span class='ocrx_word' id='word_1_231' title='bbox 457 3322 554 3348; x_wconf 88' lang='lat' dir='ltr'><strong>mea</strong></span> <span class='ocrx_word' id='word_1_232' title='bbox 571 3310 745 3363; x_wconf 77' lang='lat' dir='ltr'><strong>praemia</strong></span> <span class='ocrx_word' id='word_1_233' title='bbox 761 3342 774 3364; x_wconf 87' lang='lat'>‚</span> <span class='ocrx_word' id='word_1_234' title='bbox 805 3310 956 3353; x_wconf 89' lang='lat' dir='ltr'><strong>consul</strong></span> <span class='ocrx_word' id='word_1_235' title='bbox 983 3309 1149 3354; x_wconf 78' lang='lat' dir='ltr'><strong>Indue-</strong></span> 
     </span>
     <span class='ocr_line' id='line_1_41' title="bbox 307 3371 1145 3427; baseline 0.005 -16"><span class='ocrx_word' id='word_1_236' title='bbox 307 3386 405 3421; x_wconf 81' lang='lat' dir='ltr'><strong>rer3</strong></span> <span class='ocrx_word' id='word_1_237' title='bbox 431 3389 450 3407; x_wconf 79' lang='grc' dir='ltr'><strong>υ</strong></span> <span class='ocrx_word' id='word_1_238' title='bbox 477 3371 587 3413; x_wconf 84' lang='lat' dir='ltr'><strong>Met.</strong></span> <span class='ocrx_word' id='word_1_239' title='bbox 608 3374 738 3426; x_wconf 89' lang='lat' dir='ltr'>XIV,</span> <span class='ocrx_word' id='word_1_240' title='bbox 768 3389 820 3416; x_wconf 89' lang='lat' dir='ltr'><strong>ex</strong></span> <span class='ocrx_word' id='word_1_241' title='bbox 843 3373 980 3416; x_wconf 87' lang='lat' dir='ltr'><strong>veteri</strong></span> <span class='ocrx_word' id='word_1_242' title='bbox 1008 3374 1145 3427; x_wconf 87' lang='lat' dir='ltr'><strong>libro,</strong></span> 
     </span>
     <span class='ocr_line' id='line_1_42' title="bbox 309 3435 1148 3495; baseline 0.005 -18"><span class='ocrx_word' id='word_1_243' title='bbox 309 3435 391 3477; x_wconf 73' lang='lat'><strong>650</strong></span> <span class='ocrx_word' id='word_1_244' title='bbox 419 3450 430 3481; x_wconf 71' lang='lat'>2</span> <span class='ocrx_word' id='word_1_245' title='bbox 455 3453 478 3474; x_wconf 83' lang='lat'>«</span> <span class='ocrx_word' id='word_1_246' title='bbox 507 3435 713 3481; x_wconf 81' lang='lat' dir='ltr'><strong>Induitur</strong></span> <span class='ocrx_word' id='word_1_247' title='bbox 744 3437 900 3495; x_wconf 85' lang='lat' dir='ltr'><strong>scalas,</strong></span> <span class='ocrx_word' id='word_1_248' title='bbox 934 3438 1148 3485; x_wconf 85' lang='lat' dir='ltr'><strong>lecturum</strong></span> 
     </span>
    </p>
   </div>
   <div class='ocr_carea' id='block_1_6' title="bbox 1220 1810 2079 3427">
    <p class='ocr_par' dir='ltr' id='par_1_11' title="bbox 1229 1810 2079 2122">
     <span class='ocr_line' id='line_1_43' title="bbox 1230 1810 2079 1870; baseline 0.001 -16"><span class='ocrx_word' id='word_1_249' title='bbox 1230 1828 1360 1868; x_wconf 85' lang='lat' dir='ltr'><strong>poma</strong></span> <span class='ocrx_word' id='word_1_250' title='bbox 1389 1820 1587 1868; x_wconf 85' lang='lat' dir='ltr'><strong>putares;</strong></span> <span class='ocrx_word' id='word_1_251' title='bbox 1613 1830 1636 1850; x_wconf 84' lang='lat'>»</span> <span class='ocrx_word' id='word_1_252' title='bbox 1655 1811 1757 1855; x_wconf 86' lang='lat' dir='ltr'><strong>ibid.</strong></span> <span class='ocrx_word' id='word_1_253' title='bbox 1781 1813 1858 1870; x_wconf 84' lang='lat'><strong>798</strong></span> <span class='ocrx_word' id='word_1_254' title='bbox 1884 1827 1894 1855; x_wconf 90' lang='lat'><strong>:</strong></span> <span class='ocrx_word' id='word_1_255' title='bbox 1925 1828 1946 1848; x_wconf 90' lang='lat'>«</span> <span class='ocrx_word' id='word_1_256' title='bbox 1970 1810 2079 1855; x_wconf 86' lang='lat' dir='ltr'><strong>dum</strong></span> 
     </span>
     <span class='ocr_line' id='line_1_44' title="bbox 1231 1875 2078 1927; baseline 0.004 -10"><span class='ocrx_word' id='word_1_257' title='bbox 1231 1875 1420 1919; x_wconf 83' lang='lat' dir='ltr'><strong>Martius</strong></span> <span class='ocrx_word' id='word_1_258' title='bbox 1441 1893 1560 1919; x_wconf 87' lang='lat' dir='ltr'><strong>arma</strong></span> <span class='ocrx_word' id='word_1_259' title='bbox 1579 1876 1784 1920; x_wconf 82' lang='lat' dir='ltr'><strong>Induitur</strong></span> <span class='ocrx_word' id='word_1_260' title='bbox 1799 1876 1924 1919; x_wconf 89' lang='lat' dir='ltr'><strong>miles</strong></span> <span class='ocrx_word' id='word_1_261' title='bbox 1941 1894 1952 1927; x_wconf 73' lang='grc' dir='ltr'><strong>ς</strong></span> <span class='ocrx_word' id='word_1_262' title='bbox 1976 1894 1997 1913; x_wconf 89' lang='lat'>»</span> <span class='ocrx_word' id='word_1_263' title='bbox 2018 1877 2078 1920; x_wconf 86' lang='lat' dir='ltr'><strong>sic</strong></span> 
     </span>
     <span class='ocr_line' id='line_1_45' title="bbox 1230 1940 2078 1998; baseline 0.001 -15"><span class='ocrx_word' id='word_1_264' title='bbox 1230 1948 1274 1983; x_wconf 86' lang='lat' dir='ltr'><strong>et</strong></span> <span class='ocrx_word' id='word_1_265' title='bbox 1285 1940 1342 1982; x_wconf 90' lang='lat' dir='ltr'><strong>ibi</strong></span> <span class='ocrx_word' id='word_1_266' title='bbox 1352 1941 1630 1984; x_wconf 84' lang='lat' dir='ltr'><strong>scribendum</strong></span> <span class='ocrx_word' id='word_1_267' title='bbox 1643 1950 1760 1998; x_wconf 84' lang='lat' dir='ltr'><strong>puto.</strong></span> <span class='ocrx_word' id='word_1_268' title='bbox 1770 1942 1889 1984; x_wconf 87' lang='lat' dir='ltr'><strong>H.--</strong></span> <span class='ocrx_word' id='word_1_269' title='bbox 1898 1944 2078 1996; x_wconf 79' lang='lat' dir='ltr'><strong>Trepida</strong></span> 
     </span>
     <span class='ocr_line' id='line_1_46' title="bbox 1229 2007 2076 2064; baseline 0.002 -16"><span class='ocrx_word' id='word_1_270' title='bbox 1229 2023 1368 2049; x_wconf 84' lang='lat' dir='ltr'><strong>manu.</strong></span> <span class='ocrx_word' id='word_1_271' title='bbox 1391 2008 1482 2051; x_wconf 88' lang='lat' dir='ltr'><strong>Nos</strong></span> <span class='ocrx_word' id='word_1_272' title='bbox 1505 2007 1690 2064; x_wconf 88' lang='lat' dir='ltr'><strong>trepidi,</strong></span> <span class='ocrx_word' id='word_1_273' title='bbox 1714 2007 2008 2051; x_wconf 78' lang='lat' dir='ltr'><strong>festinabundi</strong></span> <span class='ocrx_word' id='word_1_274' title='bbox 2029 2009 2076 2050; x_wconf 88' lang='lat' dir='ltr'><strong>in</strong></span> 
     </span>
     <span class='ocr_line' id='line_1_47' title="bbox 1230 2071 1549 2122; baseline 0.003 -9"><span class='ocrx_word' id='word_1_275' title='bbox 1230 2071 1389 2122; x_wconf 72' lang='lat' dir='ltr'><strong>timore</strong></span> <span class='ocrx_word' id='word_1_276' title='bbox 1412 2081 1549 2116; x_wconf 83' lang='lat' dir='ltr'><strong>tanto.</strong></span> 
     </span>
    </p>

    <p class='ocr_par' dir='ltr' id='par_1_12' title="bbox 1228 2140 2078 3101">
     <span class='ocr_line' id='line_1_48' title="bbox 1289 2140 2076 2196; baseline 0 -14"><span class='ocrx_word' id='word_1_277' title='bbox 1289 2141 1352 2195; x_wconf 86' lang='lat'><strong>78.</strong></span> <span class='ocrx_word' id='word_1_278' title='bbox 1371 2140 1533 2182; x_wconf 73' lang='lat' dir='ltr'><em>Maem&#39;n</em></span> <span class='ocrx_word' id='word_1_279' title='bbox 1546 2142 1821 2196; x_wconf 71' lang='lat' dir='ltr'><strong>lustratequo.</strong></span> <span class='ocrx_word' id='word_1_280' title='bbox 1839 2141 1981 2194; x_wconf 76' lang='lat' dir='ltr'><strong>Cingt&#39;l</strong></span> <span class='ocrx_word' id='word_1_281' title='bbox 1990 2148 2076 2182; x_wconf 83' lang='lat' dir='ltr'><strong>tres</strong></span> 
     </span>
     <span class='ocr_line' id='line_1_49' title="bbox 1230 2203 2078 2260; baseline -0.002 -13"><span class='ocrx_word' id='word_1_282' title='bbox 1230 2203 1377 2260; x_wconf 84' lang='lat' dir='ltr'><strong>scripti</strong></span> <span class='ocrx_word' id='word_1_283' title='bbox 1398 2204 1511 2260; x_wconf 86' lang='lat' dir='ltr'><strong>apud</strong></span> <span class='ocrx_word' id='word_1_284' title='bbox 1526 2220 1624 2258; x_wconf 85' lang='lat' dir='ltr'><strong>me,</strong></span> <span class='ocrx_word' id='word_1_285' title='bbox 1644 2203 1719 2247; x_wconf 89' lang='lat' dir='ltr'><strong>sed</strong></span> <span class='ocrx_word' id='word_1_286' title='bbox 1741 2219 1832 2246; x_wconf 89' lang='lat' dir='ltr'><strong>non</strong></span> <span class='ocrx_word' id='word_1_287' title='bbox 1855 2221 1904 2245; x_wconf 83' lang='lat' dir='ltr'><strong>ex</strong></span> <span class='ocrx_word' id='word_1_288' title='bbox 1925 2204 2078 2246; x_wconf 89' lang='lat' dir='ltr'><strong>melio-</strong></span> 
     </span>
     <span class='ocr_line' id='line_1_50' title="bbox 1228 2268 2078 2326; baseline 0 -14"><span class='ocrx_word' id='word_1_289' title='bbox 1228 2270 1374 2321; x_wconf 85' lang='lat' dir='ltr'><strong>ribus;</strong></span> <span class='ocrx_word' id='word_1_290' title='bbox 1401 2270 1624 2326; x_wconf 88' lang='lat' dir='ltr'><strong>quomodo</strong></span> <span class='ocrx_word' id='word_1_291' title='bbox 1651 2278 1695 2312; x_wconf 90' lang='lat' dir='ltr'><strong>et</strong></span> <span class='ocrx_word' id='word_1_292' title='bbox 1721 2285 1773 2312; x_wconf 83' lang='lat' dir='ltr'><strong>ex</strong></span> <span class='ocrx_word' id='word_1_293' title='bbox 1797 2268 2078 2312; x_wconf 85' lang='lat' dir='ltr'><strong>Pircheime-</strong></span> 
     </span>
     <span class='ocr_line' id='line_1_51' title="bbox 1228 2333 2077 2390; baseline -0.001 -14"><span class='ocrx_word' id='word_1_294' title='bbox 1228 2334 1352 2377; x_wconf 88' lang='lat' dir='ltr'><strong>riano</strong></span> <span class='ocrx_word' id='word_1_295' title='bbox 1365 2366 1376 2386; x_wconf 88' lang='lat'>‚</span> <span class='ocrx_word' id='word_1_296' title='bbox 1397 2349 1530 2389; x_wconf 90' lang='lat' dir='ltr'><strong>quem</strong></span> <span class='ocrx_word' id='word_1_297' title='bbox 1547 2349 1626 2390; x_wconf 84' lang='lat' dir='ltr'><strong>ego</strong></span> <span class='ocrx_word' id='word_1_298' title='bbox 1638 2333 1989 2376; x_wconf 72' lang='lat' dir='ltr'><strong>Arond‘elianum</strong></span> <span class='ocrx_word' id='word_1_299' title='bbox 2005 2349 2077 2375; x_wconf 87' lang='lat' dir='ltr'><strong>vo·</strong></span> 
     </span>
     <span class='ocr_line' id='line_1_52' title="bbox 1230 2397 2076 2453; baseline -0.002 -11"><span class='ocrx_word' id='word_1_300' title='bbox 1230 2414 1283 2442; x_wconf 88' lang='lat' dir='ltr'><strong>co</strong></span> <span class='ocrx_word' id='word_1_301' title='bbox 1296 2432 1308 2453; x_wconf 93' lang='lat'>‚</span> <span class='ocrx_word' id='word_1_302' title='bbox 1326 2398 1598 2452; x_wconf 85' lang='lat' dir='ltr'><strong>Gronovius,</strong></span> <span class='ocrx_word' id='word_1_303' title='bbox 1615 2397 1798 2441; x_wconf 80' lang='lat' dir='ltr'><strong>Observ.</strong></span> <span class='ocrx_word' id='word_1_304' title='bbox 1818 2397 1888 2441; x_wconf 83' lang='lat' dir='ltr'><strong>lib.</strong></span> <span class='ocrx_word' id='word_1_305' title='bbox 1902 2399 1947 2442; x_wconf 92' lang='lat'><strong>11</strong></span> <span class='ocrx_word' id='word_1_306' title='bbox 1961 2430 1973 2452; x_wconf 91' lang='lat'>,</span> <span class='ocrx_word' id='word_1_307' title='bbox 1989 2414 2024 2441; x_wconf 84' lang='lat' dir='ltr'><strong>c.</strong></span> <span class='ocrx_word' id='word_1_308' title='bbox 2037 2399 2076 2440; x_wconf 58' lang='lat'><strong>3.</strong></span> 
     </span>
     <span class='ocr_line' id='line_1_53' title="bbox 1231 2461 2074 2520; baseline -0.004 -14"><span class='ocrx_word' id='word_1_309' title='bbox 1231 2463 1318 2507; x_wconf 88' lang='lat' dir='ltr'><strong>Sed</strong></span> <span class='ocrx_word' id='word_1_310' title='bbox 1351 2463 1526 2520; x_wconf 36' lang='lat' dir='ltr'><strong>vulgata*</strong></span> <span class='ocrx_word' id='word_1_311' title='bbox 1546 2464 1674 2507; x_wconf 83' lang='lat' dir='ltr'><strong>lectio</strong></span> <span class='ocrx_word' id='word_1_312' title='bbox 1704 2479 1794 2507; x_wconf 90' lang='lat' dir='ltr'><strong>non</strong></span> <span class='ocrx_word' id='word_1_313' title='bbox 1819 2472 1884 2507; x_wconf 82' lang='lat' dir='ltr'><strong>est</strong></span> <span class='ocrx_word' id='word_1_314' title='bbox 1910 2461 2074 2506; x_wconf 87' lang='lat' dir='ltr'><strong>sollici-</strong></span> 
     </span>
     <span class='ocr_line' id='line_1_54' title="bbox 1228 2526 2075 2586; baseline -0.004 -14"><span class='ocrx_word' id='word_1_315' title='bbox 1228 2529 1389 2581; x_wconf 70' lang='lat' dir='ltr'><strong>tand2‘3</strong></span> <span class='ocrx_word' id='word_1_316' title='bbox 1411 2529 1538 2572; x_wconf 89' lang='lat' dir='ltr'><strong>Pont.</strong></span> <span class='ocrx_word' id='word_1_317' title='bbox 1561 2529 1582 2572; x_wconf 93' lang='lat' dir='ltr'>I</span> <span class='ocrx_word' id='word_1_318' title='bbox 1599 2562 1611 2583; x_wconf 91' lang='lat'>,</span> <span class='ocrx_word' id='word_1_319' title='bbox 1637 2528 1756 2586; x_wconf 87' lang='lat' dir='ltr'><strong>Eleg.</strong></span> <span class='ocrx_word' id='word_1_320' title='bbox 1779 2543 1814 2571; x_wconf 91' lang='lat'><strong>11</strong></span> <span class='ocrx_word' id='word_1_321' title='bbox 1830 2562 1842 2583; x_wconf 86' lang='lat'>,</span> <span class='ocrx_word' id='word_1_322' title='bbox 1865 2528 1938 2584; x_wconf 88' lang='lat' dir='ltr'><strong>qui</strong></span> <span class='ocrx_word' id='word_1_323' title='bbox 1957 2526 2075 2570; x_wconf 80' lang='lat' dir='ltr'><strong>locus</strong></span> 
     </span>
     <span class='ocr_line' id='line_1_55' title="bbox 1229 2594 2073 2654; baseline -0.002 -17"><span class='ocrx_word' id='word_1_324' title='bbox 1229 2594 1330 2638; x_wconf 86' lang='lat' dir='ltr'><strong>huic</strong></span> <span class='ocrx_word' id='word_1_325' title='bbox 1351 2595 1549 2652; x_wconf 86' lang='lat' dir='ltr'><strong>geminus</strong></span> <span class='ocrx_word' id='word_1_326' title='bbox 1565 2629 1580 2650; x_wconf 80' lang='lat'>,</span> <span class='ocrx_word' id='word_1_327' title='bbox 1605 2613 1679 2654; x_wconf 81' lang='lat'><strong>19:</strong></span> <span class='ocrx_word' id='word_1_328' title='bbox 1695 2614 1717 2633; x_wconf 91' lang='lat'>«</span> <span class='ocrx_word' id='word_1_329' title='bbox 1742 2596 1824 2639; x_wconf 88' lang='lat' dir='ltr'><strong>His</strong></span> <span class='ocrx_word' id='word_1_330' title='bbox 1844 2611 1975 2650; x_wconf 85' lang='lat' dir='ltr'><strong>eques</strong></span> <span class='ocrx_word' id='word_1_331' title='bbox 1994 2594 2073 2636; x_wconf 85' lang='lat' dir='ltr'><strong>in-</strong></span> 
     </span>
     <span class='ocr_line' id='line_1_56' title="bbox 1229 2660 2071 2717; baseline -0.004 -14"><span class='ocrx_word' id='word_1_332' title='bbox 1229 2669 1415 2703; x_wconf 89' lang='lat' dir='ltr'><strong>structus</strong></span> <span class='ocrx_word' id='word_1_333' title='bbox 1446 2661 1676 2717; x_wconf 76' lang='lat' dir='ltr'><strong>perterrita</strong></span> <span class='ocrx_word' id='word_1_334' title='bbox 1702 2660 1861 2702; x_wconf 85' lang='lat' dir='ltr'><strong>moenia</strong></span> <span class='ocrx_word' id='word_1_335' title='bbox 1887 2660 2039 2701; x_wconf 83' lang='lat' dir='ltr'><strong>lustrat</strong></span> <span class='ocrx_word' id='word_1_336' title='bbox 2060 2691 2071 2713; x_wconf 91' lang='lat'>,</span> 
     </span>
     <span class='ocr_line' id='line_1_57' title="bbox 1230 2723 2071 2782; baseline -0.002 -13"><span class='ocrx_word' id='word_1_337' title='bbox 1230 2727 1361 2769; x_wconf 88' lang='lat' dir='ltr'><strong>More</strong></span> <span class='ocrx_word' id='word_1_338' title='bbox 1373 2725 1461 2782; x_wconf 91' lang='lat' dir='ltr'><strong>lupi</strong></span> <span class='ocrx_word' id='word_1_339' title='bbox 1473 2725 1646 2782; x_wconf 81' lang='lat' dir='ltr'><strong>pavidas</strong></span> <span class='ocrx_word' id='word_1_340' title='bbox 1655 2723 1914 2769; x_wconf 77' lang='lat' dir='ltr'><strong>circueuntis</strong></span> <span class='ocrx_word' id='word_1_341' title='bbox 1927 2739 2071 2767; x_wconf 75' lang='lat' dir='ltr'><strong>oves.»</strong></span> 
     </span>
     <span class='ocr_line' id='line_1_58' title="bbox 1232 2789 2074 2846; baseline -0.001 -15"><span class='ocrx_word' id='word_1_342' title='bbox 1232 2790 1357 2846; x_wconf 75' lang='lat' dir='ltr'><strong>Vix-g.</strong></span> <span class='ocrx_word' id='word_1_343' title='bbox 1383 2791 1485 2833; x_wconf 88' lang='lat' dir='ltr'><strong>AEn.</strong></span> <span class='ocrx_word' id='word_1_344' title='bbox 1499 2791 1588 2841; x_wconf 79' lang='lat' dir='ltr'><strong>IX,</strong></span> <span class='ocrx_word' id='word_1_345' title='bbox 1609 2791 1660 2832; x_wconf 89' lang='lat'><strong>58</strong></span> <span class='ocrx_word' id='word_1_346' title='bbox 1677 2805 1688 2831; x_wconf 91' lang='lat'><strong>:</strong></span> <span class='ocrx_word' id='word_1_347' title='bbox 1707 2806 1728 2826; x_wconf 89' lang='lat'>«</span> <span class='ocrx_word' id='word_1_348' title='bbox 1745 2789 1919 2830; x_wconf 84' lang='lat' dir='ltr'><strong>Lustrat</strong></span> <span class='ocrx_word' id='word_1_349' title='bbox 1941 2804 2074 2843; x_wconf 86' lang='lat' dir='ltr'><strong>eques</strong></span> 
     </span>
     <span class='ocr_line' id='line_1_59' title="bbox 1228 2853 2073 2910; baseline -0.007 -10"><span class='ocrx_word' id='word_1_350' title='bbox 1228 2873 1407 2910; x_wconf 84' lang='lat' dir='ltr'><strong>muros,</strong></span> <span class='ocrx_word' id='word_1_351' title='bbox 1439 2855 1692 2910; x_wconf 81' lang='lat' dir='ltr'><strong>aditumque</strong></span> <span class='ocrx_word' id='word_1_352' title='bbox 1721 2870 1800 2910; x_wconf 89' lang='lat' dir='ltr'><strong>per</strong></span> <span class='ocrx_word' id='word_1_353' title='bbox 1831 2853 1922 2895; x_wconf 84' lang='lat' dir='ltr'><strong>avia</strong></span> <span class='ocrx_word' id='word_1_354' title='bbox 1953 2869 2073 2909; x_wconf 83' lang='lat' dir='ltr'><strong>quae-</strong></span> 
     </span>
     <span class='ocr_line' id='line_1_60' title="bbox 1231 2918 2071 2976; baseline -0.004 -15"><span class='ocrx_word' id='word_1_355' title='bbox 1231 2921 1314 2970; x_wconf 87' lang='lat' dir='ltr'><strong>rit;</strong></span> <span class='ocrx_word' id='word_1_356' title='bbox 1338 2938 1359 2956; x_wconf 86' lang='lat'>»</span> <span class='ocrx_word' id='word_1_357' title='bbox 1381 2919 1537 2972; x_wconf 87' lang='lat' dir='ltr'><strong>Silius,</strong></span> <span class='ocrx_word' id='word_1_358' title='bbox 1562 2918 1635 2960; x_wconf 87' lang='lat' dir='ltr'><strong>lib.</strong></span> <span class='ocrx_word' id='word_1_359' title='bbox 1658 2919 1679 2962; x_wconf 88' lang='lat' dir='ltr'>I</span> <span class='ocrx_word' id='word_1_360' title='bbox 1695 2949 1706 2971; x_wconf 89' lang='lat'>,</span> <span class='ocrx_word' id='word_1_361' title='bbox 1730 2919 1809 2976; x_wconf 82' lang='lat'><strong>298</strong></span> <span class='ocrx_word' id='word_1_362' title='bbox 1833 2933 1908 2972; x_wconf 88' lang='lat' dir='ltr'><strong>sq:</strong></span> <span class='ocrx_word' id='word_1_363' title='bbox 1930 2935 1952 2954; x_wconf 90' lang='lat'>«</span> <span class='ocrx_word' id='word_1_364' title='bbox 1975 2918 2071 2973; x_wconf 87' lang='lat' dir='ltr'><strong>Ipse</strong></span> 
     </span>
     <span class='ocr_line' id='line_1_61' title="bbox 1229 2981 2074 3039; baseline -0.002 -13"><span class='ocrx_word' id='word_1_365' title='bbox 1229 2990 1358 3039; x_wconf 86' lang='lat' dir='ltr'><strong>caput</strong></span> <span class='ocrx_word' id='word_1_366' title='bbox 1381 2998 1584 3039; x_wconf 82' lang='lat' dir='ltr'><strong>quassans</strong></span> <span class='ocrx_word' id='word_1_367' title='bbox 1603 2981 1964 3025; x_wconf 85' lang='lat' dir='ltr'><strong>circumlustravit</strong></span> <span class='ocrx_word' id='word_1_368' title='bbox 1985 2997 2074 3024; x_wconf 85' lang='lat' dir='ltr'><strong>an·—</strong></span> 
     </span>
     <span class='ocr_line' id='line_1_62' title="bbox 1229 3045 1927 3101; baseline -0.003 -12"><span class='ocrx_word' id='word_1_369' title='bbox 1229 3046 1330 3090; x_wconf 85' lang='lat' dir='ltr'><strong>helo</strong></span> <span class='ocrx_word' id='word_1_370' title='bbox 1348 3047 1515 3090; x_wconf 84' lang='lat' dir='ltr'><strong>Moenia</strong></span> <span class='ocrx_word' id='word_1_371' title='bbox 1529 3062 1663 3090; x_wconf 81' lang='lat' dir='ltr'><strong>saevus</strong></span> <span class='ocrx_word' id='word_1_372' title='bbox 1683 3061 1808 3101; x_wconf 89' lang='lat' dir='ltr'><strong>equo.</strong></span> <span class='ocrx_word' id='word_1_373' title='bbox 1824 3063 1846 3082; x_wconf 86' lang='lat'>»</span> <span class='ocrx_word' id='word_1_374' title='bbox 1868 3045 1927 3087; x_wconf 91' lang='lat' dir='ltr'><strong>H.</strong></span> 
     </span>
    </p>

    <p class='ocr_par' dir='ltr' id='par_1_13' title="bbox 1220 3109 2072 3427">
     <span class='ocr_line' id='line_1_63' title="bbox 1286 3109 2072 3169; baseline -0.001 -17"><span class='ocrx_word' id='word_1_375' title='bbox 1286 3128 1348 3169; x_wconf 83' lang='lat'><strong>79.</strong></span> <span class='ocrx_word' id='word_1_376' title='bbox 1367 3113 1499 3166; x_wconf 80' lang='lat' dir='ltr'><strong>thue</strong></span> <span class='ocrx_word' id='word_1_377' title='bbox 1510 3126 1646 3166; x_wconf 77' lang='lat' dir='ltr'><em>rapax</em></span> <span class='ocrx_word' id='word_1_378' title='bbox 1656 3114 1867 3165; x_wconf 79' lang='lat' dir='ltr'><strong>pecudem.</strong></span> <span class='ocrx_word' id='word_1_379' title='bbox 1882 3109 2072 3152; x_wconf 78' lang='lat' dir='ltr'><strong>Pradam</strong></span> 
     </span>
     <span class='ocr_line' id='line_1_64' title="bbox 1227 3174 2069 3233; baseline 0 -16"><span class='ocrx_word' id='word_1_380' title='bbox 1227 3191 1311 3233; x_wconf 83' lang='lat' dir='ltr'><strong>pro.</strong></span> <span class='ocrx_word' id='word_1_381' title='bbox 1322 3176 1488 3219; x_wconf 84' lang='lat' dir='ltr'><strong>diversa</strong></span> <span class='ocrx_word' id='word_1_382' title='bbox 1504 3176 1688 3218; x_wconf 85' lang='lat' dir='ltr'><strong>lectione</strong></span> <span class='ocrx_word' id='word_1_383' title='bbox 1700 3174 2069 3230; x_wconf 78' lang='lat' dir='ltr'><strong>Gottorphianus;</strong></span> 
     </span>
     <span class='ocr_line' id='line_1_65' title="bbox 1228 3239 2070 3297; baseline -0.004 -14"><span class='ocrx_word' id='word_1_384' title='bbox 1228 3241 1448 3297; x_wconf 86' lang='lat' dir='ltr'><strong>eleganter</strong></span> <span class='ocrx_word' id='word_1_385' title='bbox 1457 3257 1470 3283; x_wconf 84' lang='grc'>;</span> <span class='ocrx_word' id='word_1_386' title='bbox 1479 3239 1581 3283; x_wconf 87' lang='lat' dir='ltr'><strong>hinc</strong></span> <span class='ocrx_word' id='word_1_387' title='bbox 1589 3242 1803 3295; x_wconf 72' lang='lat' dir='ltr'><strong>predones</strong></span> <span class='ocrx_word' id='word_1_388' title='bbox 1815 3242 1934 3293; x_wconf 80' lang='lat' dir='ltr'><strong>lupos</strong></span> <span class='ocrx_word' id='word_1_389' title='bbox 1946 3247 2070 3281; x_wconf 77' lang='lat' dir='ltr'><strong>vocat</strong></span> 
     </span>
     <span class='ocr_line' id='line_1_66' title="bbox 1227 3305 2068 3358; baseline -0.005 -9"><span class='ocrx_word' id='word_1_390' title='bbox 1227 3307 1342 3349; x_wconf 80' lang='lat' dir='ltr'><strong>Met.</strong></span> <span class='ocrx_word' id='word_1_391' title='bbox 1357 3307 1397 3349; x_wconf 92' lang='lat' dir='ltr'>X</span> <span class='ocrx_word' id='word_1_392' title='bbox 1412 3324 1422 3358; x_wconf 80' lang='lat'>3</span> <span class='ocrx_word' id='word_1_393' title='bbox 1445 3322 1527 3349; x_wconf 80' lang='lat' dir='ltr'><strong>vox</strong></span> <span class='ocrx_word' id='word_1_394' title='bbox 1544 3315 1608 3350; x_wconf 86' lang='lat' dir='ltr'><strong>est</strong></span> <span class='ocrx_word' id='word_1_395' title='bbox 1628 3305 1871 3348; x_wconf 53' lang='lat' dir='ltr'><strong>venatoria„</strong></span> <span class='ocrx_word' id='word_1_396' title='bbox 1889 3305 2068 3347; x_wconf 83' lang='lat' dir='ltr'><strong>Actaeon</strong></span> 
     </span>
     <span class='ocr_line' id='line_1_67' title="bbox 1220 3368 2066 3427; baseline -0.007 -12"><span class='ocrx_word' id='word_1_397' title='bbox 1220 3376 1365 3427; x_wconf 77' lang='lat' dir='ltr'><strong>pra-da</strong></span> <span class='ocrx_word' id='word_1_398' title='bbox 1379 3376 1470 3414; x_wconf 82' lang='lat' dir='ltr'><strong>suis</strong></span> <span class='ocrx_word' id='word_1_399' title='bbox 1481 3374 1654 3413; x_wconf 77' lang='lat' dir='ltr'><strong>canibus</strong></span> <span class='ocrx_word' id='word_1_400' title='bbox 1668 3369 1824 3413; x_wconf 82' lang='lat' dir='ltr'><strong>dicitur</strong></span> <span class='ocrx_word' id='word_1_401' title='bbox 1836 3401 1847 3421; x_wconf 94' lang='lat'>,</span> <span class='ocrx_word' id='word_1_402' title='bbox 1864 3369 1992 3411; x_wconf 83' lang='lat' dir='ltr'><strong>Trist.</strong></span> <span class='ocrx_word' id='word_1_403' title='bbox 2008 3368 2066 3411; x_wconf 91' lang='lat' dir='ltr'><strong>II.</strong></span> 
     </span>
    </p>
   </div>
   <div class='ocr_carea' id='block_1_7' title="bbox 1283 3436 2067 3494">
    <p class='ocr_par' dir='ltr' id='par_1_14' title="bbox 1283 3436 2067 3494">
     <span class='ocr_line' id='line_1_68' title="bbox 1283 3436 2067 3494; baseline -0.008 -11"><span class='ocrx_word' id='word_1_404' title='bbox 1283 3439 1348 3483; x_wconf 88' lang='lat'><strong>80.</strong></span> <span class='ocrx_word' id='word_1_405' title='bbox 1359 3438 1533 3494; x_wconf 50' lang='lat' dir='ltr'><strong>Fertque</strong></span> <span class='ocrx_word' id='word_1_406' title='bbox 1542 3436 1741 3494; x_wconf 76' lang='lat' dir='ltr'><strong>refertque</strong></span> <span class='ocrx_word' id='word_1_407' title='bbox 1750 3439 1884 3492; x_wconf 81' lang='lat' dir='ltr'><strong>lupus.</strong></span> <span class='ocrx_word' id='word_1_408' title='bbox 1897 3436 2067 3492; x_wconf 66' lang='lat' dir='ltr'><strong>fibrtque</strong></span> 
     </span>
    </p>
   </div>
  </div>
 </body>
</html>
