2280 3776
492 295 940 352 TRISTIUM
990 296 1156 350 LIB.
1208 298 1322 353 IV.
1374 298 1615 355 ELEG.
1670 303 1744 356 X.

1909 323 2001 378 191

249 408 450 471 Editus
476 411 566 471 hic
594 435 694 491 ego
726 434 882 484 sum;
921 434 1161 485 necnon,
1194 428 1256 473 ut
1286 430 1531 499 tempora
1558 416 1710 477 noris
1729 463 1744 489 ‚
1806 430 1818 475 :'
1986 436 2011 475 5

333 507 522 586 Quum
551 507 744 569 cecidit
767 508 881 568 sato
912 507 1103 576 consul
1135 525 1366 595 uterque
1393 513 1529 595 pari.

253 602 311 663 Si
336 604 469 687 quid
490 605 546 665 id
567 619 675 678 est,
704 627 878 688 usque
899 629 929 665 a
951 606 1169 689 proavis
1192 623 1346 669 vetus
1371 609 1582 669 ordinis
1609 609 1793 683 hereti,

332 702 462 763 Non
489 702 653 764 modo
683 701 914 763 fortunae
943 726 1166 764 munere
1195 701 1371 766 sactus
1398 728 1582 789 eques.

254 800 367 861 Nec
396 798 562 883 stirps
586 798 760 884 prima
787 799 899 872 sui;
930 800 1115 879 genito
1134 802 1245 882 jam
1271 801 1435 863 fratre
1466 815 1677 863 creatus
1696 850 1712 875 ‚

335 895 451 975 Qui
480 896 659 957 tribus
685 910 810 956 ante
837 910 1029 980 quater
1054 898 1336 958 mensibus
1367 914 1524 959 ortus
1553 913 1682 959 erat.
1971 929 2018 958 ιο

252 992 473 1053 Lucifer
499 980 786 1053 amborum
816 992 1092 1054 natalibus
1117 992 1292 1053 adfuit
1317 991 1461 1054 idem
1484 1018 1496 1053 :

333 1087 459 1146 Una
485 1085 750 1148 celebrata
780 1101 861 1148 est
888 1109 986 1171 per
1012 1088 1122 1148 duo
1153 1086 1264 1147 liba
1287 1087 1419 1148 dies.

252 1179 383 1240 Haec
413 1194 493 1240 est
524 1180 783 1242 armiferae
810 1180 965 1242 festis
992 1181 1058 1241 de
1087 1181 1331 1264 quinque
1360 1182 1621 1242 Minervae
1639 1229 1655 1253 ‚

332 1276 473 1356 quae
499 1275 617 1336 fieri
644 1295 829 1359 pugna
859 1276 1036 1359 prima
1065 1291 1288 1337 cruenta
1317 1275 1474 1337 solet.

251 1424 342 1454 non
366 1422 423 1454 xc
440 1442 453 1465 ,
477 1409 552 1454 sed
570 1410 639 1453 vix
659 1410 837 1453 tandem
854 1424 939 1453 Lxx
961 1408 1093 1453 millia

251 1490 454 1532 passuum
480 1490 600 1519 nunc
627 1474 768 1518 Roma
794 1474 938 1518 abesse
959 1505 972 1528 ‚
1006 1489 1094 1531 op-

251 1545 440 1594 portune
464 1537 534 1582 hie
555 1536 837 1582 indicandum
863 1537 975 1581 duxi.
1001 1537 1095 1580 Co-

255 1601 474 1658 gnoscitur
493 1602 625 1645 etiam
654 1618 704 1645 ex
731 1602 840 1645 libro
867 1601 1010 1658 primo
1039 1599 1093 1644 de

253 1664 378 1725 Bello
403 1663 514 1709 civiti
531 1698 542 1720 ,
566 1666 639 1709 ubi
662 1664 809 1709 Caesar
831 1665 1094 1709 Sulmonem

259 1727 459 1774 Corfinio
481 1732 497 1785 (
516 1731 638 1786 cujus
655 1730 784 1774 hodie
814 1731 881 1773 vix
904 1730 1097 1775 minimae

255 1804 487 1852 supersunt
498 1795 718 1853 parietinae
732 1798 826 1850 )v11
839 1794 1023 1838 millium
1037 1795 1097 1839 in-

227 1878 230 1884 ·
255 1858 434 1902 tervallo
452 1859 595 1903 abesse
617 1860 701 1911 ait;
724 1875 859 1916 quum
882 1859 1010 1903 hodie
1031 1861 1097 1903 vix

254 1922 445 1980 quinque
467 1923 622 1968 distare
645 1934 813 1968 certum
839 1922 903 1968 sit.
935 1925 1097 1967 Bumu.

309 1992 346 2032 5.
368 1991 523 2033 Editus
541 1992 640 2033 lu'nc
663 2006 738 2045 ego
760 2001 864 2033 sum.
884 1991 969 2033 Hic
992 2005 1096 2033 me-

253 2050 406 2106 liores;
425 2068 507 2110 pro
521 2062 569 2097 ut
581 2060 764 2110 tempora
777 2058 910 2105 nores,
936 2053 1099 2098 Richa-

253 2116 391 2163 lianus
402 2151 414 2174 ,
428 2123 469 2164 si
480 2127 663 2176 tempora
678 2127 826 2176 queris
840 2134 854 2173 ,·
868 2136 970 2163 nam
985 2124 1098 2163 noris

253 2191 526 2239 processerat
547 2182 634 2228 :sic
658 2184 703 2227 in
727 2184 887 2238 Fastis,
908 2183 980 2227 lib.
1003 2185 1066 2228 Vl
1083 2218 1094 2238 ,

253 2262 314 2291 vs.
329 2247 405 2306 767
421 2263 432 2292 ι
449 2266 471 2287 «ι
487 2246 707 2306 Tempora
723 2249 757 2292 si
773 2249 930 2293 veteris
944 2250 1098 2308 quaeris

191 2328 194 2330 ·
254 2313 486 2356 temeraria
507 2313 665 2357 damni.
683 2331 704 2351 ³»
724 2314 785 2357 H.

308 2377 349 2420 6.
367 2378 500 2432 Qum
513 2379 766 2435 cec1'ditsatv
777 2383 930 2423 consul
937 2387 1101 2436 uterque

249 2445 359 2496 pari.
396 2442 595 2485 Hirtium
623 2451 666 2486 et
692 2444 879 2487 Pansam
903 2444 1099 2488 consules

257 2507 481 2566 designat,
513 2508 587 2565 qui
614 2509 728 2566 apud
762 2511 983 2553 Mutinam
1009 2526 1101 2566 pu-

258 2581 439 2628 gnantes
447 2582 597 2618 contra
607 2573 869 2630 Antonium,
881 2592 978 2632 pop.
990 2589 1099 2618 rom.

257 2635 429 2682 hostem
447 2638 688 2697 judicatum
705 2669 716 2694 ,
737 2639 1001 2684 ceciderunt.

316 2720 354 2760 7.
381 2705 433 2747 Se·
450 2707 556 2761 quid
575 2707 626 2747 id
637 2714 722 2755 est,
746 2722 873 2762 usque
891 2723 919 2750 a
931 2711 1102 2762 pmam‘s

256 2777 376 2813 utus
396 2773 555 2814 ordinis
572 2774 699 2814 heres.
723 2773 772 2814 Se·
795 2777 887 2828 quis
906 2781 948 2815 et
962 2791 990 2816 a
1002 2791 1102 2829 pro—

257 2836 350 2874 avis
358 2848 487 2890 osque
498 2842 575 2889 est,
591 2835 659 2878 vel
671 2840 834 2892 siquid,
849 2838 1102 2880 vetustiores

258 2908 418 2952 magno
441 2913 663 2952 numm-03
694 2900 763 2943 alii
797 2901 932 2944 aliter.
960 2902 1102 2959 Lego:

259 2975 282 2996 κ
304 2959 354 3003 Si
373 2962 476 3017 qnid
493 2964 539 3007 id
557 2979 580 3007 a
600 2964 769 3021 proavis
789 2981 924 3022 usque
948 2976 1011 3009 est
1031 2983 1103 3011 ve-

259 3031 330 3067 tus
348 3025 512 3070 ordinis
532 3027 658 3073 heres
674 3048 684 3081 ;
703 3047 725 3068 »
747 3031 900 3074 Amor.
920 3031 989 3075 lib.
1007 3033 1075 3076 111
1089 3066 1100 3086 ,

262 3086 382 3144 Eleg.
395 3089 472 3132 uit.
485 3107 544 3134 vs.
565 3097 612 3136 5:
630 3112 652 3131 «ι
667 3094 715 3137 Si
737 3095 843 3151 quid
863 3095 907 3139 id
926 3104 1015 3150 est,
1037 3111 1104 3138 us-

260 3167 345 3207 que
363 3168 388 3195 a
407 3155 575 3209 proavis
587 3167 710 3201 vetus
728 3159 891 3202 ordinis
906 3159 1031 3203 heres
1046 3179 1056 3212 ;
1081 3178 1102 3197 »

262 3215 308 3258 in
325 3216 515 3262 Ponticis
526 3250 538 3274 ,
553 3219 623 3263 lib.
640 3221 723 3276 1V,
738 3223 917 3279 Ep.v111
932 3256 944 3278 ,
962 3241 1019 3266 vs.
1036 3241 1102 3283 17:

263 3298 287 3319 «
308 3280 356 3324 Si
371 3299 505 3338 genus
525 3286 709 3330 excutias
722 3320 734 3339 ,
756 3289 924 3344 equites
945 3289 996 3332 ab
1016 3290 1105 3332 ori-

266 3344 365 3401 gine
394 3349 534 3403 prima
566 3351 714 3406 Usque
746 3366 824 3408 per
851 3354 1105 3399 innumeros

269 3407 546 3456 inveniemur
561 3430 672 3460 avos,
694 3433 715 3453 »ι
737 3416 898 3461 H.--Si
918 3421 1022 3474 quid
1036 3422 1102 3472 id,

1176 1413 1396 1464 oproave's.
1421 1406 1548 1453 ordo
1571 1418 1635 1453 est
1659 1427 1669 1452 ·.
1692 1421 1750 1454 er
1762 1427 1857 1454 sum
1882 1412 2017 1457 sactus

1176 1488 1309 1529 eques
1324 1488 1414 1516 non
1427 1486 1546 1517 nunc
1559 1481 1604 1517 et
1617 1489 1768 1517 reeens
1780 1476 1912 1518 modo
1928 1493 2019 1519 mu-

1176 1552 1283 1579 nere
1293 1535 1500 1591 tor-tune,
1509 1536 1719 1595 sedlonga
1726 1540 1991 1583 successione
2004 1574 2015 1592 ,

1176 1608 1220 1644 et
1240 1600 1357 1644 unde
1384 1614 1407 1644 a
1432 1600 1667 1659 majoribus
1690 1602 1813 1645 heres
1835 1620 1931 1646 sum
1952 1603 2020 1646 di-

1176 1664 1349 1721 gnitatis
1367 1665 1644 1722 equestris.-
1652 1668 2020 1723 Muneresbrtunae.

1178 1729 1279 1772 Non
1302 1729 1434 1781 modo
1455 1730 1612 1775 divitiis
1627 1764 1639 1786 ,
1664 1747 1758 1787 quae
1780 1741 1882 1775 sunt
1901 1733 2019 1775 bona

1174 1795 1365 1838 fortunae
1381 1792 1481 1853 {qui
1496 1797 1614 1840 enim
1629 1798 1947 1855 quadringenta
1960 1816 2020 1841 se-

1158 1859 1323 1903 stertia
1342 1859 1644 1917 possidebant,
1665 1864 1855 1919 equestri
1877 1862 2020 1919 digni—

1178 1934 1262 1969 tate
1283 1925 1581 1982 donabantur,
1604 1937 1649 1971 et
1673 1931 1718 1981 ¹4
1736 1928 1960 1972 ordinibus
1975 1928 2020 1971 in

1176 1989 1347 2034 theatro
1377 1991 1596 2047 spectandi
1629 1994 1764 2050 gratia
1799 1993 2021 2037 sedebant.

1178 2054 1375 2111 Quidam
1394 2056 1544 2114 legum
1559 2089 1572 2111 ,
1598 2058 1692 2101 Non
1709 2073 1799 2101 sm
1807 2057 1992 2114 fortune
2004 2075 2020 2103 .·

1178 2122 1289 2165 maie
1312 2123 1506 2166 omnino.
1531 2122 1662 2166 Cror.

1228 2203 1268 2245 9.
1291 2190 1446 2231 Genito
1467 2203 1559 2231 sum
1571 2188 1711 2242 fiale-e
1732 2196 1908 2231 creatas.
1934 2191 2022 2231 Ge·-

1175 2253 1368 2307 m'lojam
1387 2253 1546 2296 rectius
1559 2252 1604 2296 in
1619 2252 1916 2306 Medonian03
1932 2253 2021 2297 duo

1178 2315 1247 2359 atii
1265 2321 1406 2371 genito
1427 2321 1530 2359 sine.
1553 2318 1611 2360 H.

1238 2397 1252 2422 1
1265 2398 1279 2423 1
1287 2413 1296 2422 .
1309 2382 1545 2424 Amborum.
1556 2381 1772 2424 Ambobus
1783 2380 2021 2426 Mediceus.

1238 2461 1299 2487 ια.
1326 2447 1423 2487 Una
1447 2449 1658 2489 celebrata
1675 2452 1752 2489 est.
1782 2446 1905 2491 Idem
1933 2447 2024 2491 dies

1177 2509 1329 2551 natatis
1343 2541 1354 2563 ,
1382 2508 1490 2551 mihi
1509 2509 1656 2566 iiiique
1677 2511 1927 2554 celebratus.

1238 2590 1252 2615 ι
1261 2573 1299 2615 3.
1315 2574 1360 2614 A
1360 2579 1540 2629 rmtgrerae
1541 2575 1673 2629 sestis
1685 2578 1737 2618 de
1747 2581 1924 2632 quinque
1933 2579 2023 2620 Mi-

1179 2652 1320 2679 neme.
1342 2638 1595 2682 Secundum
1615 2639 1732 2682 diem
1755 2657 1806 2682 ex
1830 2642 2022 2697 quinque

1183 2702 1397 2745 Minervae
1416 2705 1672 2748 consecratis
1694 2706 1901 2763 designat.
1924 2708 2025 2751 Pri-

1181 2782 1253 2809 ma
1272 2767 1391 2810 enim
1409 2768 1479 2812 die
1499 2769 1588 2812 iudi
1603 2770 1863 2827 gladiatorii,
1885 2781 1933 2815 ut
1953 2789 2024 2815 se-

1183 2834 1415 2888 quentibus
1436 2833 1586 2877 diebus
1601 2868 1612 2889 ,
1646 2851 1735 2878 non
1759 2836 2022 2880 exhibeban-

1183 2906 1267 2940 tur.
1296 2899 1437 2941 Fuere
1467 2909 1612 2942 autem
1644 2906 1907 2957 quinquatria
1932 2904 2025 2945 Mi-

1184 2980 1330 3007 nervae
1350 2964 1459 3007 festa
1484 2966 1531 3008 13
1554 2966 1651 3010 Kal.
1675 2968 1809 3024 April.
1832 2969 1911 3011 hoc
1930 2978 2023 3022 est,

1184 3045 1237 3072 20
1259 3029 1330 3071 die
1355 3029 1506 3072 Martii
1527 3064 1539 3085 ,
1569 3031 1680 3076 dieta
1713 3049 1736 3075 a
1762 3034 2025 3089 quinquatro

1185 3094 1277 3147 die,
1299 3094 1415 3149 quod
1432 3104 1528 3150 post
1547 3096 1664 3138 diem
1686 3098 1889 3151 quintum
1911 3098 2025 3141 ceie-

1183 3161 1367 3202 brentur
1382 3175 1392 3201 ε
1410 3159 1506 3202 vide
1525 3160 1645 3203 Alex.
1667 3161 1718 3203 ab
1735 3162 1853 3204 Alex.
1868 3163 1939 3205 lib.
1954 3163 1997 3205 11
2010 3197 2022 3217 ‚

1184 3242 1273 3282 cap.
1302 3242 1385 3275 22;
1419 3234 1462 3268 et
1487 3226 1589 3270 ibid.
1625 3227 1855 3283 Tiraquell.
1887 3229 2026 3272 Natus

1185 3307 1288 3348 ergo
1304 3290 1433 3333 Ovid.
1460 3308 1508 3333 12
1527 3291 1714 3335 Kalend.
1736 3293 1872 3350 April.
1892 3309 1947 3337 sc.
1974 3312 2020 3337 21

1187 3355 1352 3398 Martii.
1567 3367 1577 3372 “

1249 3422 1309 3474 14.
1340 3421 1705 3477 Quaficripngna.
1735 3423 1836 3477 ραι·
1851 3431 2029 3466 veteres.
