2268 3848
465 357 914 415 TRISTIUM
963 360 1127 414 LIB.
1182 361 1228 414 1.
1272 360 1526 416 L'LL'G.
1571 361 1721 415 Vll.
1920 358 1989 431 37

200 473 566 559 Effigiemque
594 499 766 536 meam
798 474 951 537 fulvo
982 474 1303 559 complexus
1332 475 1387 535 in
1420 498 1584 547 aum,

286 573 424 634 Cara
451 572 706 652 relegati,
739 595 847 656 qua
880 587 1067 658 potes,
1099 596 1191 633 ora
1224 572 1402 642 vides;

203 667 343 747 Quae
369 666 588 751 quoties
616 684 856 751 spectaS,
894 668 1091 728 subeat
1126 667 1225 728 tibi
1258 668 1435 730 dicere
1464 666 1680 740 forsan,

287 761 468 841 Quam
498 761 692 849 procul
721 789 750 824 a
778 763 943 823 nobis
971 765 1117 824 Naso
1143 762 1348 825 sodalis
1378 762 1566 824 abest!
1951 791 1998 819 1⁰

208 857 376 919 Grata
409 872 502 919 tua
531 874 614 919 est
641 859 818 943 pietas
846 884 857 920 :
887 858 984 921 sed
1012 859 1250 923 carmina
1273 860 1450 942 major
1473 859 1657 939 imago

286 957 431 1017 Sunt
460 981 613 1030 mea3
648 982 768 1042 quae
799 957 1001 1018 maudo
1033 958 1455 1042 qualiacumque
1487 958 1669 1038 legas;

206 1053 464 1115 Carmina
491 1068 728 1115 mutatas
751 1054 1039 1115 hominum
1071 1054 1307 1117 dicentia
1336 1055 1567 1129 formaS,

286 1149 484 1211 Infelix
513 1149 725 1211 domini
758 1150 910 1234 quod
942 1150 1072 1231 suga
1105 1152 1259 1236 rupit
1289 1175 1463 1236 opus:

204 1246 336 1308 Haec
366 1270 469 1327 ego
501 1247 811 1320 discedens,
843 1247 987 1308 sicut
1011 1248 1153 1310 bene
1177 1247 1350 1309 multa
1378 1272 1654 1322 meorum,
1950 1265 1997 1307 15

285 1346 412 1430 Ipse
441 1369 557 1408 mea
582 1346 745 1430 posui
774 1360 1003 1407 moestus
1031 1346 1087 1407 in
1119 1346 1245 1425 igne
1272 1371 1470 1420 manu;

205 1445 394 1528 thue
424 1467 689 1507 cremasse
715 1468 878 1506 suum
902 1445 1077 1506 fertur
1105 1446 1212 1507 sub
1244 1446 1435 1530 stipite
1461 1460 1659 1508 natum

289 1539 543 1603 Thestias
561 1587 575 1614 ‚
606 1555 662 1602 et
684 1539 879 1602 melior
905 1554 1077 1601 matre
1108 1540 1279 1602 fuisse
1304 1565 1498 1614 soror;

210 1636 300 1697 Sic
328 1659 430 1716 ego
457 1662 571 1729 pon
602 1638 826 1699 meritos
845 1684 859 1710 ‚
887 1660 1099 1699 mecum
1130 1639 1406 1723 peritura,
1439 1637 1659 1700 libellos

209 1807 391 1864 Persque
410 1805 625 1863 refersque.
648 1807 855 1862 Feras-que
876 1805 1068 1850 scriben-

211 1873 317 1917 dum
331 1873 528 1925 videtum
545 1874 604 1918 sir.
614 1874 745 1917 Trist.
760 1875 826 1918 ΙΙΙ
842 1906 853 1927 ,
871 1872 935 1916 ΕΙ.
951 1885 1040 1915 vm
1052 1905 1064 1926 ,

214 1956 262 1984 ια
278 1972 289 1994 ,
313 1956 392 1998 pro
400 1940 568 1996 fertque
571 1939 765 1996 feretque
777 1973 786 1989 .
809 1938 954 1994 scripti
971 1937 1065 1982 fere

210 2003 542 2062 omnes-fertque
564 2005 786 2062 nstrlque‚·
818 2006 947 2049 Pont.
978 2004 1064 2058 lv,

209 2071 278 2116 El.
303 2085 320 2115 1
334 2104 346 2126 ,
369 2071 421 2114 πθ
440 2086 450 2114 :
466 2070 690 2115 Auxilium
707 2070 974 2126 vitae'sertque
987 2086 1064 2112 re-

194 2138 363 2195 fertque
382 2154 508 2190 πιθα,
536 2137 609 2182 ubi
639 2153 797 2182 censeo
828 2152 1063 2195 reponen-

210 2201 319 2246 dum
339 2203 534 2260 feretque
547 2236 558 2255 ,
597 2202 712 2261 quod
746 2203 972 2261 sequentia
1004 2201 1062 2246 ibi

210 2269 456 2326 requirunt.
481 2269 542 2313 H.

267 2345 305 2388 8.
321 2343 672 2399 Quoepotes.T1-es
683 2343 830 2401 scripti
841 2360 923 2401 qua
929 2348 1065 2399 potes.

272 2423 335 2451 ιο.
354 2411 472 2452 Naso
491 2411 654 2453 sodalis
668 2412 819 2462 abest,·
857 2409 900 2451 in
923 2408 1069 2451 Fran-

215 2471 374 2516 cofurt.
401 2481 494 2516 erat
515 2506 526 2527 ,
562 2477 696 2526 abes;
728 2473 953 2530 eleganter
975 2505 986 2526 ,
1019 2480 1069 2515 ut

218 2536 351 2580 verba
373 2536 462 2580 haec
478 2536 565 2598 sint
580 2537 634 2580 ad
653 2537 789 2594 ipsam
805 2537 1042 2593 imaginem
1054 2569 1067 2591 ,

218 2617 349 2658 quam
371 2601 672 2659 contemplans
692 2602 855 2645 amicus
875 2601 933 2644 ita
956 2600 1071 2644 adlo-

219 2666 370 2723 quitur
383 2699 394 2719 ,
421 2668 483 2709 Tu
494 2669 632 2716 Naso,
658 2683 781 2723 quam
794 2669 947 2721 procul
955 2668 1069 2708 abes.

281 2747 340 2775 11.
355 2732 441 2774 Sed
452 2735 641 2775 carmina
663 2732 803 2786 major
812 2735 950 2786 imago
967 2731 1076 2774 Sunt

220 2810 314 2840 mea
326 2810 342 2850 ,·
364 2795 500 2854 magis
513 2796 739 2854 ingenium
757 2811 906 2838 meum
927 2794 1069 2852 expri-

219 2871 374 2916 munt,
395 2878 529 2920 quam
552 2878 710 2906 aurum
736 2861 840 2905 illud
872 2860 1043 2905 faciem.

280 2945 294 2972 1
303 2929 342 2972 3.
353 2930 576 2971 Hominum
586 2926 951 2982 dli-cntiasormas.
964 2929 1072 2972 Nara

219 2999 360 3057 tentia
382 3003 469 3038 tres
487 2994 648 3051 scripti.
1035 2993 1040 2996 ’

282 3062 342 3116 14.
363 3061 523 3117 Infelix
543 3063 706 3103 domini
718 3062 832 3116 quod
833 3058 946 3115 suga
963 3063 1077 3115 rupit

218 3141 348 3180 opus-3
368 3134 519 3169 utrum
539 3125 689 3168 infelix
704 3141 812 3183 opus
824 3158 836 3179 ,
852 3141 905 3168 au
921 3124 1073 3168 infelix

219 3190 356 3248 fuga?
393 3193 551 3236 rectius
571 3192 655 3236 hoc
678 3192 892 3249 posterius
906 3225 917 3246 ,
947 3202 996 3236 ut
1017 3193 1073 3237 sit

221 3257 458 3300 verborum
478 3274 629 3301 sensus
649 3274 659 3301 :
685 3258 803 3314 quod
825 3275 957 3315 opus,
990 3258 1074 3303 hoe

220 3330 310 3376 est,
333 3320 715 3379 Metamorphosin
732 3355 743 3376 ‚
766 3321 916 3366 infelix
937 3322 1039 3380 fuga
1057 3355 1070 3377 ,

222 3387 419 3432 exsilium
441 3387 609 3431 domiui
636 3387 765 3445 rupit.
788 3386 988 3432 CIOFAN.

282 3455 344 3496 15.
365 3453 484 3496 Sicut
501 3456 610 3496 bona
627 3456 758 3496 mulla
776 3469 967 3496 meorum.
982 3452 1074 3496 Diu

228 3525 308 3574 est,
317 3518 435 3576 quod
451 3517 537 3562 vidi
555 3517 836 3563 scribendum
849 3522 951 3563 bene
963 3522 1075 3563 mul-

1145 1814 1191 1850 ta
1208 1841 1218 1859 ,
1241 1806 1357 1865 quod
1383 1807 1510 1865 prim.
1527 1807 1668 1851 vatic..
1691 1807 1936 1864 Hamburg.
1958 1817 2002 1852 et

1149 1883 1236 1918 tres
1262 1873 1332 1917 alii
1351 1873 1632 1917 confirmant.
1663 1873 1714 1916 ln
1740 1871 1999 1916 Catalertis:

1149 1957 1171 1977 «ι
1195 1939 1328 1998 Triga
1360 1938 1469 1982 mihi
1506 1954 1665 1996 paucos
1697 1938 1814 1981 inter
1844 1937 2001 1981 dilecta

1146 2002 1339 2059 sodales,
1373 2003 1508 2062 Triga
1538 2002 1724 2047 sodalitii
1755 2018 1854 2060 pars
1887 2004 1999 2048 bene

1148 2084 1307 2127 magun
1327 2069 1429 2113 mei.
1453 2087 1475 2108 υ
1500 2070 1644 2126 Atque
1664 2069 1722 2112 ita
1743 2068 1898 2126 passim
1923 2086 1998 2112 ve-

1149 2145 1302 2190 teres,:
1331 2139 1432 2180 bene
1461 2136 1582 2179 enim
1612 2150 1692 2192 pro
1721 2137 1845 2177 wlde
1872 2133 2004 2191 poni-

1150 2211 1247 2257 tur,
1278 2210 1325 2246 ut
1354 2205 1464 2246 bona
1476 2217 1583 2257 pars
1604 2217 1683 2258 pro
1704 2216 1863 2256 magna
1891 2216 2002 2257 pars.

1150 2267 1419 2311 Trebonian.
1437 2266 1629 2321 Institut.
1648 2265 1720 2309 lib.
1738 2267 1801 2310 lv
1819 2297 1832 2319 ,
1849 2266 1914 2308 tit.
1930 2279 1999 2315 vr,

1149 2333 1186 2391 S.
1208 2350 1222 2377 1
1233 2350 1256 2377 a
1268 2367 1282 2386 ,
1302 2338 1494 2378 actiones
1509 2336 1612 2375 bene
1627 2336 1782 2375 multas
1794 2330 1914 2375 dixit.
1930 2331 2005 2375 Si-

1151 2396 1265 2441 milis
1285 2413 1411 2441 error
1434 2396 1547 2454 apud
1574 2396 1854 2454 Propertium
1879 2413 2005 2441 com—

1150 2464 1321 2517 missus,
1336 2462 1405 2505 lib.
1422 2463 1515 2518 111,
1537 2462 1605 2506 El.
1621 2475 1719 2506 xxn
1734 2496 1747 2518 ,
1771 2463 1836 2517 13,
1854 2463 1925 2506 ubi
1942 2463 2004 2506 le·

1153 2529 1347 2588 gendum
1366 2545 1377 2573 ;
1400 2547 1422 2568 «
1443 2530 1516 2573 An
1538 2529 1615 2573 tibi
1635 2529 1782 2573 nescio
1799 2545 1894 2586 quae
1915 2531 2002 2572 visa

1153 2604 1216 2639 est
1241 2595 1507 2640 formosior?
1533 2612 1588 2639 an
1611 2604 1659 2639 tu
1681 2596 1783 2640 Non
1810 2597 1924 2639 bene
1948 2596 2001 2639 de

1151 2663 1276 2706 nobis
1296 2663 1480 2706 crimina
1501 2662 1601 2707 ficta
1621 2661 1754 2719 jacis?
1771 2681 1794 2700 ιο
1817 2663 1876 2707 H.

1211 2745 1272 2784 ¹7·
1292 2730 1375 2772 Sub
1395 2731 1550 2784 stipite.
1567 2728 1662 2772 Sub
1680 2737 1799 2772 torre
1816 2762 1828 2784 ,
1853 2728 1898 2772 in
1915 2746 2004 2787 quo

1153 2795 1368 2853 Meleagri
1388 2796 1477 2840 fata
1498 2804 1637 2840 erant.

1212 2862 1273 2906 18.
1307 2863 1518 2905 Thestias.
1541 2861 1700 2905 Atthea
1715 2860 1883 2906 Thestii
1906 2861 2006 2904 fitia.

1154 2925 1359 2970 Thestius
1379 2926 1499 2970 enim
1523 2927 1807 2971 Pleuroniam
1834 2928 1975 2971 tenuit
1997 2945 2005 2970 ;

1154 2991 1228 3048 qui
1252 2991 1471 3036 Curetum
1493 2992 1673 3047 ductor,
1690 3009 1813 3036 socer
1826 2991 2004 3049 quidem

1152 3056 1239 3100 fuit
1269 3057 1434 3113 OEnei,
1463 3057 1634 3102 Attheae
1660 3074 1763 3100 vero
1792 3067 1928 3114 pater.
1948 3059 2011 3100 Jz't

1153 3128 1302 3168 melior
1308 3133 1440 3168 matre
1442 3121 1586 3181 fitisse
1595 3140 1723 3168 soror.
1742 3123 1899 3167 Althea
1913 3140 2007 3168 me·

1154 3190 1309 3232 liorem
1330 3206 1374 3233 se
1389 3223 1400 3244 ,
1422 3198 1466 3233 et
1490 3188 1682 3232 fratrum
1701 3222 1713 3241 ,
1738 3205 1760 3231 a
1778 3188 2010 3246 Meleagro

1154 3255 1493 3299 interemtorum
1509 3288 1520 3309 ,
1547 3254 1837 3298 amantiorem
1862 3264 2012 3298 osten-

1156 3320 1246 3375 dit,
1269 3313 1400 3377 quam
1424 3320 1515 3363 filii.
1534 3319 1607 3364 Sic
1628 3329 1672 3364 et
1693 3319 1740 3363 in
1760 3321 1873 3366 vul
1897 3322 2007 3363 Met.

1156 3386 1254 3441 464,
1270 3388 1368 3442 475;
1385 3387 1619 3443 «Pugnant
1629 3395 1856 3443 materque
1869 3403 2008 3429 soror-

1155 3468 1266 3508 que,
1283 3452 1342 3496 Et
1362 3451 1529 3495 diversa
1552 3451 1734 3496 trahunt
1755 3468 1895 3494 unum
1917 3452 2006 3493 duo

1156 3517 1338 3561 nomina
1366 3527 1530 3575 pectus.
1565 3517 1725 3574 Incipit
1749 3534 1839 3562 esse
1862 3526 2011 3561 tamen
