<?xml version="1.0" encoding="UTF-8"?>
<!DOCTYPE html PUBLIC "-//W3C//DTD XHTML 1.0 Transitional//EN"
    "http://www.w3.org/TR/xhtml1/DTD/xhtml1-transitional.dtd">
<html xmlns="http://www.w3.org/1999/xhtml" xml:lang="en" lang="en">
 <head>
  <title>
</title>
<meta http-equiv="Content-Type" content="text/html;charset=utf-8" />
  <meta name='ocr-system' content='tesseract 3.04.00' />
  <meta name='ocr-capabilities' content='ocr_page ocr_carea ocr_par ocr_line ocrx_word'/>
</head>
<body>
  <div class='ocr_page' id='page_1' title='image "./quaeextantomniao07oviduoft_0312.png"; bbox 0 0 2280 3776; ppageno 0'>
   <div class='ocr_carea' id='block_1_1' title="bbox 346 293 452 365">
    <p class='ocr_par' dir='ltr' id='par_1_1' title="bbox 346 293 452 365">
     <span class='ocr_line' id='line_1_1' title="bbox 346 293 452 365; baseline 0.009 -22"><span class='ocrx_word' id='word_1_1' title='bbox 346 293 452 365; x_wconf 74' lang='lat'><strong>298</strong></span> 
     </span>
    </p>
   </div>
   <div class='ocr_carea' id='block_1_2' title="bbox 811 290 1639 351">
    <p class='ocr_par' dir='ltr' id='par_1_2' title="bbox 811 290 1639 351">
     <span class='ocr_line' id='line_1_2' title="bbox 811 290 1639 351; baseline 0.008 -7"><span class='ocrx_word' id='word_1_2' title='bbox 811 292 874 344; x_wconf 92' lang='lat' dir='ltr'><strong>P.</strong></span> <span class='ocrx_word' id='word_1_3' title='bbox 927 290 1223 347; x_wconf 92' lang='lat' dir='ltr'>OVIDII</span> <span class='ocrx_word' id='word_1_4' title='bbox 1262 292 1639 351; x_wconf 88' lang='lat' dir='ltr'><strong>NASONIS</strong></span> 
     </span>
    </p>
   </div>
   <div class='ocr_carea' id='block_1_3' title="bbox 283 406 2105 1746">
    <p class='ocr_par' dir='ltr' id='par_1_3' title="bbox 343 406 1816 586">
     <span class='ocr_line' id='line_1_3' title="bbox 343 406 1816 487; baseline 0.004 -20"><span class='ocrx_word' id='word_1_5' title='bbox 343 410 483 468; x_wconf 86' lang='lat' dir='ltr'><strong>Nam</strong></span> <span class='ocrx_word' id='word_1_6' title='bbox 508 406 676 466; x_wconf 89' lang='lat' dir='ltr'><strong>modo</strong></span> <span class='ocrx_word' id='word_1_7' title='bbox 706 430 801 465; x_wconf 86' lang='lat' dir='ltr'><strong>vos</strong></span> <span class='ocrx_word' id='word_1_8' title='bbox 833 407 1013 467; x_wconf 90' lang='lat' dir='ltr'><strong>animo</strong></span> <span class='ocrx_word' id='word_1_9' title='bbox 1043 408 1228 470; x_wconf 82' lang='lat' dir='ltr'><strong>dulces</strong></span> <span class='ocrx_word' id='word_1_10' title='bbox 1258 410 1601 483; x_wconf 84' lang='lat' dir='ltr'><strong>reminiscor,</strong></span> <span class='ocrx_word' id='word_1_11' title='bbox 1628 413 1816 487; x_wconf 83' lang='lat' dir='ltr'><strong>amici3</strong></span> 
     </span>
     <span class='ocr_line' id='line_1_4' title="bbox 418 500 1675 586; baseline 0.007 -25"><span class='ocrx_word' id='word_1_12' title='bbox 418 505 580 561; x_wconf 89' lang='lat' dir='ltr'><strong>Nunc</strong></span> <span class='ocrx_word' id='word_1_13' title='bbox 610 500 745 560; x_wconf 87' lang='lat' dir='ltr'><strong>mihi</strong></span> <span class='ocrx_word' id='word_1_14' title='bbox 776 526 899 561; x_wconf 90' lang='lat' dir='ltr'><strong>cum</strong></span> <span class='ocrx_word' id='word_1_15' title='bbox 929 527 1049 563; x_wconf 90' lang='lat' dir='ltr'><strong>cara</strong></span> <span class='ocrx_word' id='word_1_16' title='bbox 1075 505 1304 586; x_wconf 87' lang='lat' dir='ltr'><strong>conjuge</strong></span> <span class='ocrx_word' id='word_1_17' title='bbox 1337 524 1460 567; x_wconf 85' lang='lat' dir='ltr'><strong>nata</strong></span> <span class='ocrx_word' id='word_1_18' title='bbox 1491 509 1675 569; x_wconf 87' lang='lat' dir='ltr'><strong>subit:</strong></span> 
     </span>
    </p>

    <p class='ocr_par' dir='ltr' id='par_1_4' title="bbox 339 598 1854 781">
     <span class='ocr_line' id='line_1_5' title="bbox 339 598 1854 683; baseline 0.006 -26"><span class='ocrx_word' id='word_1_19' title='bbox 339 600 495 680; x_wconf 83' lang='lat' dir='ltr'>Eque</span> <span class='ocrx_word' id='word_1_20' title='bbox 528 598 694 657; x_wconf 81' lang='lat' dir='ltr'><strong>domo</strong></span> <span class='ocrx_word' id='word_1_21' title='bbox 726 622 914 659; x_wconf 87' lang='lat' dir='ltr'><strong>rursus</strong></span> <span class='ocrx_word' id='word_1_22' title='bbox 945 599 1187 683; x_wconf 87' lang='lat' dir='ltr'><strong>pulchrae</strong></span> <span class='ocrx_word' id='word_1_23' title='bbox 1216 602 1342 663; x_wconf 90' lang='lat' dir='ltr'><strong>loca</strong></span> <span class='ocrx_word' id='word_1_24' title='bbox 1362 620 1546 664; x_wconf 88' lang='lat' dir='ltr'><strong>vertor</strong></span> <span class='ocrx_word' id='word_1_25' title='bbox 1573 605 1641 665; x_wconf 90' lang='lat' dir='ltr'><strong>ad</strong></span> <span class='ocrx_word' id='word_1_26' title='bbox 1668 606 1854 679; x_wconf 86' lang='lat' dir='ltr'><strong>urbiS,</strong></span> 
     </span>
     <span class='ocr_line' id='line_1_6' title="bbox 426 696 1688 781; baseline 0.008 -28"><span class='ocrx_word' id='word_1_27' title='bbox 426 696 745 777; x_wconf 83' lang='lat' dir='ltr'><strong>Cunctaque</strong></span> <span class='ocrx_word' id='word_1_28' title='bbox 772 719 926 757; x_wconf 91' lang='lat' dir='ltr'><strong>mens</strong></span> <span class='ocrx_word' id='word_1_29' title='bbox 958 697 1131 758; x_wconf 89' lang='lat' dir='ltr'><strong>oculis</strong></span> <span class='ocrx_word' id='word_1_30' title='bbox 1160 700 1406 781; x_wconf 86' lang='lat' dir='ltr'><strong>pervidet</strong></span> <span class='ocrx_word' id='word_1_31' title='bbox 1434 700 1529 761; x_wconf 87' lang='lat' dir='ltr'><strong>illa</strong></span> <span class='ocrx_word' id='word_1_32' title='bbox 1558 702 1688 763; x_wconf 77' lang='lat' dir='ltr'><strong>suis,</strong></span> 
     </span>
    </p>

    <p class='ocr_par' dir='ltr' id='par_1_5' title="bbox 283 791 2105 1072">
     <span class='ocr_line' id='line_1_7' title="bbox 336 791 2105 873; baseline 0.005 -21"><span class='ocrx_word' id='word_1_33' title='bbox 336 795 498 852; x_wconf 89' lang='lat' dir='ltr'><strong>Nunc</strong></span> <span class='ocrx_word' id='word_1_34' title='bbox 526 791 668 863; x_wconf 87' lang='lat' dir='ltr'><strong>fora,</strong></span> <span class='ocrx_word' id='word_1_35' title='bbox 698 817 844 852; x_wconf 88' lang='lat' dir='ltr'><strong>nunc</strong></span> <span class='ocrx_word' id='word_1_36' title='bbox 875 793 1049 865; x_wconf 83' lang='lat' dir='ltr'><strong>aedeS‚</strong></span> <span class='ocrx_word' id='word_1_37' title='bbox 1083 819 1230 854; x_wconf 91' lang='lat' dir='ltr'><strong>nunc</strong></span> <span class='ocrx_word' id='word_1_38' title='bbox 1260 819 1526 856; x_wconf 88' lang='lat' dir='ltr'><strong>marmore</strong></span> <span class='ocrx_word' id='word_1_39' title='bbox 1556 812 1697 857; x_wconf 89' lang='lat' dir='ltr'><strong>tecta</strong></span> <span class='ocrx_word' id='word_1_40' title='bbox 1724 798 1966 873; x_wconf 90' lang='lat' dir='ltr'><strong>theatra;</strong></span> <span class='ocrx_word' id='word_1_41' title='bbox 2053 819 2105 859; x_wconf 75' lang='lat'><strong>35</strong></span> 
     </span>
     <span class='ocr_line' id='line_1_8' title="bbox 283 882 2076 972; baseline 0.004 -25"><span class='ocrx_word' id='word_1_42' title='bbox 283 882 284 885; x_wconf 22' lang='lat'>¹</span> <span class='ocrx_word' id='word_1_43' title='bbox 418 890 579 948; x_wconf 85' lang='lat' dir='ltr'><strong>Nunc</strong></span> <span class='ocrx_word' id='word_1_44' title='bbox 605 889 758 948; x_wconf 85' lang='lat' dir='ltr'><strong>subit</strong></span> <span class='ocrx_word' id='word_1_45' title='bbox 784 905 993 972; x_wconf 86' lang='lat' dir='ltr'><strong>aequata</strong></span> <span class='ocrx_word' id='word_1_46' title='bbox 1022 891 1270 972; x_wconf 87' lang='lat' dir='ltr'><strong>porticus</strong></span> <span class='ocrx_word' id='word_1_47' title='bbox 1301 894 1481 952; x_wconf 90' lang='lat' dir='ltr'><strong>omnis</strong></span> <span class='ocrx_word' id='word_1_48' title='bbox 1510 892 1698 954; x_wconf 88' lang='lat' dir='ltr'><strong>humo.</strong></span> <span class='ocrx_word' id='word_1_49' title='bbox 2073 897 2076 900; x_wconf 67' lang='grc'><strong>’</strong></span> 
     </span>
     <span class='ocr_line' id='line_1_9' title="bbox 343 985 1938 1072; baseline 0.006 -28"><span class='ocrx_word' id='word_1_50' title='bbox 343 985 600 1045; x_wconf 89' lang='lat' dir='ltr'><strong>Gramina</strong></span> <span class='ocrx_word' id='word_1_51' title='bbox 627 1011 773 1046; x_wconf 89' lang='lat' dir='ltr'><strong>nunc</strong></span> <span class='ocrx_word' id='word_1_52' title='bbox 801 987 976 1070; x_wconf 91' lang='lat' dir='ltr'><strong>campi</strong></span> <span class='ocrx_word' id='word_1_53' title='bbox 1003 988 1268 1070; x_wconf 87' lang='lat' dir='ltr'><strong>pulchros</strong></span> <span class='ocrx_word' id='word_1_54' title='bbox 1295 991 1591 1072; x_wconf 87' lang='lat' dir='ltr'><strong>spectantis</strong></span> <span class='ocrx_word' id='word_1_55' title='bbox 1618 992 1677 1050; x_wconf 91' lang='lat' dir='ltr'><strong>in</strong></span> <span class='ocrx_word' id='word_1_56' title='bbox 1704 992 1901 1053; x_wconf 89' lang='lat' dir='ltr'><strong>hortos</strong></span> <span class='ocrx_word' id='word_1_57' title='bbox 1924 1040 1938 1065; x_wconf 86' lang='lat'><strong>‚</strong></span> 
     </span>
    </p>

    <p class='ocr_par' dir='ltr' id='par_1_6' title="bbox 332 1081 2105 1746">
     <span class='ocr_line' id='line_1_10' title="bbox 417 1081 1730 1168; baseline 0.005 -29"><span class='ocrx_word' id='word_1_58' title='bbox 417 1081 729 1163; x_wconf 87' lang='lat' dir='ltr'><strong>Stagnaque</strong></span> <span class='ocrx_word' id='word_1_59' title='bbox 759 1097 809 1141; x_wconf 90' lang='lat' dir='ltr'><strong>et</strong></span> <span class='ocrx_word' id='word_1_60' title='bbox 841 1083 1070 1165; x_wconf 87' lang='lat' dir='ltr'><strong>Euripi,</strong></span> <span class='ocrx_word' id='word_1_61' title='bbox 1101 1083 1504 1167; x_wconf 78' lang='lat' dir='ltr'>Virgineusque</span> <span class='ocrx_word' id='word_1_62' title='bbox 1532 1085 1730 1168; x_wconf 90' lang='lat' dir='ltr'><strong>liquor.</strong></span> 
     </span>
     <span class='ocr_line' id='line_1_11' title="bbox 336 1175 1817 1265; baseline 0.007 -31"><span class='ocrx_word' id='word_1_63' title='bbox 336 1175 437 1247; x_wconf 88' lang='lat' dir='ltr'><strong>At,</strong></span> <span class='ocrx_word' id='word_1_64' title='bbox 469 1192 636 1259; x_wconf 81' lang='lat' dir='ltr'><strong>putO,</strong></span> <span class='ocrx_word' id='word_1_65' title='bbox 663 1179 741 1238; x_wconf 92' lang='lat' dir='ltr'><strong>sic</strong></span> <span class='ocrx_word' id='word_1_66' title='bbox 771 1179 927 1239; x_wconf 90' lang='lat' dir='ltr'><strong>urbis</strong></span> <span class='ocrx_word' id='word_1_67' title='bbox 956 1180 1156 1241; x_wconf 91' lang='lat' dir='ltr'><strong>misero</strong></span> <span class='ocrx_word' id='word_1_68' title='bbox 1185 1196 1269 1241; x_wconf 93' lang='lat' dir='ltr'><strong>est</strong></span> <span class='ocrx_word' id='word_1_69' title='bbox 1296 1197 1480 1264; x_wconf 90' lang='lat' dir='ltr'><strong>erepta</strong></span> <span class='ocrx_word' id='word_1_70' title='bbox 1509 1181 1764 1265; x_wconf 85' lang='lat' dir='ltr'><strong>voluptas</strong></span> <span class='ocrx_word' id='word_1_71' title='bbox 1787 1216 1817 1257; x_wconf 82' lang='lat'><strong>,-</strong></span> 
     </span>
     <span class='ocr_line' id='line_1_12' title="bbox 417 1274 2105 1354; baseline 0.005 -20"><span class='ocrx_word' id='word_1_72' title='bbox 417 1274 691 1354; x_wconf 80' lang='lat' dir='ltr'><strong>Quolibet</strong></span> <span class='ocrx_word' id='word_1_73' title='bbox 713 1292 776 1337; x_wconf 89' lang='lat' dir='ltr'><strong>ut</strong></span> <span class='ocrx_word' id='word_1_74' title='bbox 800 1277 989 1338; x_wconf 87' lang='lat' dir='ltr'><strong>saltem</strong></span> <span class='ocrx_word' id='word_1_75' title='bbox 1020 1303 1144 1339; x_wconf 88' lang='lat' dir='ltr'><strong>rure</strong></span> <span class='ocrx_word' id='word_1_76' title='bbox 1168 1279 1276 1339; x_wconf 87' lang='lat' dir='ltr'><strong>frui</strong></span> <span class='ocrx_word' id='word_1_77' title='bbox 1309 1279 1483 1340; x_wconf 90' lang='lat' dir='ltr'><strong>liceat.</strong></span> <span class='ocrx_word' id='word_1_78' title='bbox 1580 1329 1582 1331; x_wconf 58' lang='grc'><em>»</em></span> <span class='ocrx_word' id='word_1_79' title='bbox 2051 1298 2105 1353; x_wconf 74' lang='grc' dir='ltr'><strong>4ο</strong></span> 
     </span>
     <span class='ocr_line' id='line_1_13' title="bbox 332 1372 1662 1455; baseline 0.007 -27"><span class='ocrx_word' id='word_1_80' title='bbox 332 1372 461 1430; x_wconf 86' lang='lat' dir='ltr'><strong>Non</strong></span> <span class='ocrx_word' id='word_1_81' title='bbox 490 1397 643 1434; x_wconf 90' lang='lat' dir='ltr'><strong>meus</strong></span> <span class='ocrx_word' id='word_1_82' title='bbox 670 1375 897 1435; x_wconf 89' lang='lat' dir='ltr'><strong>amissos</strong></span> <span class='ocrx_word' id='word_1_83' title='bbox 926 1375 1140 1435; x_wconf 90' lang='lat' dir='ltr'><strong>animus</strong></span> <span class='ocrx_word' id='word_1_84' title='bbox 1170 1376 1443 1437; x_wconf 85' lang='lat' dir='ltr'><strong>desiderat</strong></span> <span class='ocrx_word' id='word_1_85' title='bbox 1467 1400 1627 1455; x_wconf 86' lang='lat' dir='ltr'><strong>agros</strong></span> <span class='ocrx_word' id='word_1_86' title='bbox 1648 1425 1662 1449; x_wconf 82' lang='lat'><strong>,</strong></span> 
     </span>
     <span class='ocr_line' id='line_1_14' title="bbox 412 1470 1535 1555; baseline 0.004 -27"><span class='ocrx_word' id='word_1_87' title='bbox 412 1470 671 1552; x_wconf 88' lang='lat' dir='ltr'><strong>Ruraque</strong></span> <span class='ocrx_word' id='word_1_88' title='bbox 701 1471 932 1550; x_wconf 85' lang='lat' dir='ltr'><strong>Peligno</strong></span> <span class='ocrx_word' id='word_1_89' title='bbox 968 1473 1350 1555; x_wconf 87' lang='lat' dir='ltr'><strong>conspicienda</strong></span> <span class='ocrx_word' id='word_1_90' title='bbox 1382 1473 1535 1545; x_wconf 91' lang='lat' dir='ltr'><strong>solo;</strong></span> 
     </span>
     <span class='ocr_line' id='line_1_15' title="bbox 332 1565 1705 1649; baseline 0.003 -26"><span class='ocrx_word' id='word_1_91' title='bbox 332 1566 445 1624; x_wconf 89' lang='lat' dir='ltr'><strong>Nec</strong></span> <span class='ocrx_word' id='word_1_92' title='bbox 475 1588 614 1646; x_wconf 92' lang='lat' dir='ltr'><strong>quos</strong></span> <span class='ocrx_word' id='word_1_93' title='bbox 644 1565 893 1647; x_wconf 79' lang='lat' dir='ltr'><strong>piniferis</strong></span> <span class='ocrx_word' id='word_1_94' title='bbox 918 1567 1133 1649; x_wconf 82' lang='lat' dir='ltr'><strong>positos</strong></span> <span class='ocrx_word' id='word_1_95' title='bbox 1163 1568 1220 1626; x_wconf 91' lang='lat' dir='ltr'><strong>in</strong></span> <span class='ocrx_word' id='word_1_96' title='bbox 1248 1567 1483 1628; x_wconf 88' lang='lat' dir='ltr'><strong>collibus</strong></span> <span class='ocrx_word' id='word_1_97' title='bbox 1510 1569 1705 1627; x_wconf 84' lang='lat' dir='ltr'><strong>hortos</strong></span> 
     </span>
     <span class='ocr_line' id='line_1_16' title="bbox 414 1661 1516 1746; baseline 0.003 -25"><span class='ocrx_word' id='word_1_98' title='bbox 414 1661 636 1743; x_wconf 79' lang='lat' dir='ltr'><strong>Spectat</strong></span> <span class='ocrx_word' id='word_1_99' title='bbox 660 1661 937 1723; x_wconf 84' lang='lat' dir='ltr'><strong>Flaminiae</strong></span> <span class='ocrx_word' id='word_1_100' title='bbox 970 1662 1207 1724; x_wconf 84' lang='lat' dir='ltr'><strong>Clodia</strong></span> <span class='ocrx_word' id='word_1_101' title='bbox 1191 1680 1381 1746; x_wconf 74' lang='lat' dir='ltr'><strong>juncta</strong></span> <span class='ocrx_word' id='word_1_102' title='bbox 1404 1664 1516 1724; x_wconf 85' lang='lat' dir='ltr'><strong>viae.</strong></span> 
     </span>
    </p>
   </div>
   <div class='ocr_carea' id='block_1_4' title="bbox 328 1790 1183 3285">
    <p class='ocr_par' dir='ltr' id='par_1_7' title="bbox 328 1790 1179 1903">
     <span class='ocr_line' id='line_1_17' title="bbox 330 1790 1177 1852; baseline 0.007 -20"><span class='ocrx_word' id='word_1_103' title='bbox 330 1790 412 1833; x_wconf 89' lang='lat' dir='ltr'><strong>hoc</strong></span> <span class='ocrx_word' id='word_1_104' title='bbox 434 1800 523 1845; x_wconf 92' lang='lat' dir='ltr'><strong>est,</strong></span> <span class='ocrx_word' id='word_1_105' title='bbox 548 1809 635 1849; x_wconf 90' lang='lat' dir='ltr'><strong>quo</strong></span> <span class='ocrx_word' id='word_1_106' title='bbox 661 1793 829 1850; x_wconf 89' lang='lat' dir='ltr'><strong>vesperi</strong></span> <span class='ocrx_word' id='word_1_107' title='bbox 853 1811 982 1852; x_wconf 86' lang='lat' dir='ltr'><strong>supra</strong></span> <span class='ocrx_word' id='word_1_108' title='bbox 1013 1804 1177 1838; x_wconf 84' lang='lat' dir='ltr'><strong>terram</strong></span> 
     </span>
     <span class='ocr_line' id='line_1_18' title="bbox 328 1853 1179 1903; baseline 0.004 -6"><span class='ocrx_word' id='word_1_109' title='bbox 328 1853 535 1899; x_wconf 81' lang='lat' dir='ltr'><strong>feruntur</strong></span> <span class='ocrx_word' id='word_1_110' title='bbox 557 1873 566 1899; x_wconf 73' lang='grc' dir='ltr'><strong>ε</strong></span> <span class='ocrx_word' id='word_1_111' title='bbox 588 1858 631 1899; x_wconf 89' lang='lat' dir='ltr'><strong>id</strong></span> <span class='ocrx_word' id='word_1_112' title='bbox 653 1859 774 1901; x_wconf 88' lang='lat' dir='ltr'><strong>enim</strong></span> <span class='ocrx_word' id='word_1_113' title='bbox 797 1859 847 1902; x_wconf 88' lang='lat' dir='ltr'><strong>fit</strong></span> <span class='ocrx_word' id='word_1_114' title='bbox 868 1869 1092 1903; x_wconf 81' lang='lat' dir='ltr'><strong>autumno.</strong></span> <span class='ocrx_word' id='word_1_115' title='bbox 1112 1859 1179 1901; x_wconf 88' lang='lat' dir='ltr'><strong>M.</strong></span> 
     </span>
    </p>

    <p class='ocr_par' dir='ltr' id='par_1_8' title="bbox 330 1921 1181 2423">
     <span class='ocr_line' id='line_1_19' title="bbox 384 1921 1180 1980; baseline 0.005 -17"><span class='ocrx_word' id='word_1_116' title='bbox 384 1921 451 1963; x_wconf 85' lang='lat'><strong>33.</strong></span> <span class='ocrx_word' id='word_1_117' title='bbox 468 1924 606 1978; x_wconf 82' lang='lat' dir='ltr'><strong>Atque</strong></span> <span class='ocrx_word' id='word_1_118' title='bbox 623 1925 746 1966; x_wconf 86' lang='lat' dir='ltr'><strong>domo</strong></span> <span class='ocrx_word' id='word_1_119' title='bbox 761 1941 914 1967; x_wconf 79' lang='lat' dir='ltr'><strong>mrsus.</strong></span> <span class='ocrx_word' id='word_1_120' title='bbox 928 1927 1046 1980; x_wconf 81' lang='lat' dir='ltr'><strong>Eque</strong></span> <span class='ocrx_word' id='word_1_121' title='bbox 1059 1927 1180 1967; x_wconf 87' lang='lat' dir='ltr'><strong>domo</strong></span> 
     </span>
     <span class='ocr_line' id='line_1_20' title="bbox 331 1983 1181 2042; baseline 0.007 -17"><span class='ocrx_word' id='word_1_122' title='bbox 331 1983 443 2027; x_wconf 87' lang='lat' dir='ltr'><strong>bene</strong></span> <span class='ocrx_word' id='word_1_123' title='bbox 462 1985 643 2042; x_wconf 85' lang='lat' dir='ltr'><strong>Argent.</strong></span> <span class='ocrx_word' id='word_1_124' title='bbox 663 1997 706 2031; x_wconf 90' lang='lat' dir='ltr'><strong>et</strong></span> <span class='ocrx_word' id='word_1_125' title='bbox 724 1997 810 2031; x_wconf 88' lang='lat' dir='ltr'><strong>tres</strong></span> <span class='ocrx_word' id='word_1_126' title='bbox 831 1988 922 2040; x_wconf 89' lang='lat' dir='ltr'><strong>alii;</strong></span> <span class='ocrx_word' id='word_1_127' title='bbox 945 1989 1072 2031; x_wconf 90' lang='lat' dir='ltr'><strong>multi</strong></span> <span class='ocrx_word' id='word_1_128' title='bbox 1094 1991 1181 2030; x_wconf 85' lang='lat' dir='ltr'><strong>De-</strong></span> 
     </span>
     <span class='ocr_line' id='line_1_21' title="bbox 330 2053 1181 2110; baseline 0.007 -20"><span class='ocrx_word' id='word_1_129' title='bbox 330 2065 407 2103; x_wconf 80' lang='lat' dir='ltr'><strong>que</strong></span> <span class='ocrx_word' id='word_1_130' title='bbox 424 2066 436 2092; x_wconf 93' lang='lat'><em>:</em></span> <span class='ocrx_word' id='word_1_131' title='bbox 454 2053 654 2107; x_wconf 85' lang='lat' dir='ltr'><strong>sequenti</strong></span> <span class='ocrx_word' id='word_1_132' title='bbox 669 2069 795 2096; x_wconf 88' lang='lat' dir='ltr'><strong>versu</strong></span> <span class='ocrx_word' id='word_1_133' title='bbox 811 2070 890 2110; x_wconf 89' lang='lat' dir='ltr'><strong>pro</strong></span> <span class='ocrx_word' id='word_1_134' title='bbox 900 2057 1100 2109; x_wconf 71' lang='lat' dir='ltr'><strong>pra-videt</strong></span> <span class='ocrx_word' id='word_1_135' title='bbox 1110 2070 1181 2096; x_wconf 90' lang='lat' dir='ltr'><strong>re-</strong></span> 
     </span>
     <span class='ocr_line' id='line_1_22' title="bbox 334 2115 1181 2174; baseline 0.006 -18"><span class='ocrx_word' id='word_1_136' title='bbox 334 2115 589 2169; x_wconf 81' lang='lat' dir='ltr'><strong>ponendum</strong></span> <span class='ocrx_word' id='word_1_137' title='bbox 606 2133 694 2160; x_wconf 91' lang='lat' dir='ltr'><strong>esse</strong></span> <span class='ocrx_word' id='word_1_138' title='bbox 704 2121 909 2172; x_wconf 71' lang='lat' dir='ltr'><strong>pervidet,</strong></span> <span class='ocrx_word' id='word_1_139' title='bbox 934 2135 1069 2174; x_wconf 90' lang='lat' dir='ltr'><strong>quum</strong></span> <span class='ocrx_word' id='word_1_140' title='bbox 1077 2136 1181 2174; x_wconf 85' lang='lat' dir='ltr'><strong>pro-</strong></span> 
     </span>
     <span class='ocr_line' id='line_1_23' title="bbox 331 2181 1180 2241; baseline 0.005 -17"><span class='ocrx_word' id='word_1_141' title='bbox 331 2184 442 2224; x_wconf 78' lang='lat' dir='ltr'><strong>videt</strong></span> <span class='ocrx_word' id='word_1_142' title='bbox 458 2181 513 2224; x_wconf 87' lang='lat' dir='ltr'><strong>sit</strong></span> <span class='ocrx_word' id='word_1_143' title='bbox 533 2182 579 2224; x_wconf 91' lang='lat' dir='ltr'><strong>in</strong></span> <span class='ocrx_word' id='word_1_144' title='bbox 599 2183 821 2226; x_wconf 83' lang='lat' dir='ltr'><strong>nonnullis</strong></span> <span class='ocrx_word' id='word_1_145' title='bbox 834 2184 1000 2239; x_wconf 86' lang='lat' dir='ltr'><strong>scriptis</strong></span> <span class='ocrx_word' id='word_1_146' title='bbox 1014 2218 1026 2239; x_wconf 92' lang='lat'><strong>,</strong></span> <span class='ocrx_word' id='word_1_147' title='bbox 1050 2201 1180 2241; x_wconf 91' lang='lat' dir='ltr'><strong>supe-</strong></span> 
     </span>
     <span class='ocr_line' id='line_1_24' title="bbox 334 2245 1179 2304; baseline 0.007 -18"><span class='ocrx_word' id='word_1_148' title='bbox 334 2245 439 2287; x_wconf 88' lang='lat' dir='ltr'><strong>riori</strong></span> <span class='ocrx_word' id='word_1_149' title='bbox 454 2246 602 2304; x_wconf 87' lang='lat' dir='ltr'><strong>Elegia</strong></span> <span class='ocrx_word' id='word_1_150' title='bbox 615 2248 881 2290; x_wconf 88' lang='lat' dir='ltr'><strong>monuimus.</strong></span> <span class='ocrx_word' id='word_1_151' title='bbox 896 2249 1179 2292; x_wconf 88' lang='lat' dir='ltr'><strong>Arondelian.</strong></span> 
     </span>
     <span class='ocr_line' id='line_1_25' title="bbox 334 2316 1178 2368; baseline 0.006 -16"><span class='ocrx_word' id='word_1_152' title='bbox 334 2327 450 2353; x_wconf 81' lang='lat' dir='ltr'><strong>mens</strong></span> <span class='ocrx_word' id='word_1_153' title='bbox 475 2316 608 2355; x_wconf 84' lang='lat' dir='ltr'><strong>oculis</strong></span> <span class='ocrx_word' id='word_1_154' title='bbox 626 2317 828 2368; x_wconf 72' lang='lat' dir='ltr'><strong>proem‘det</strong></span> <span class='ocrx_word' id='word_1_155' title='bbox 848 2330 928 2355; x_wconf 86' lang='lat' dir='ltr'><strong>usa</strong></span> <span class='ocrx_word' id='word_1_156' title='bbox 952 2318 1042 2357; x_wconf 74' lang='lat' dir='ltr'><strong>suis</strong></span> <span class='ocrx_word' id='word_1_157' title='bbox 1055 2348 1066 2366; x_wconf 84' lang='lat'>‚</span> <span class='ocrx_word' id='word_1_158' title='bbox 1086 2330 1178 2357; x_wconf 87' lang='lat' dir='ltr'><strong>non</strong></span> 
     </span>
     <span class='ocr_line' id='line_1_26' title="bbox 335 2378 613 2423; baseline 0.011 -5"><span class='ocrx_word' id='word_1_159' title='bbox 335 2380 426 2420; x_wconf 78' lang='lat' dir='ltr'><em>illa.</em></span> <span class='ocrx_word' id='word_1_160' title='bbox 446 2378 613 2423; x_wconf 72' lang='lat' dir='ltr'><strong>Hnms.</strong></span> 
     </span>
    </p>

    <p class='ocr_par' dir='ltr' id='par_1_9' title="bbox 332 2445 1183 3154">
     <span class='ocr_line' id='line_1_27' title="bbox 386 2445 1179 2502; baseline 0.005 -16"><span class='ocrx_word' id='word_1_161' title='bbox 386 2445 451 2487; x_wconf 88' lang='lat'><strong>35.</strong></span> <span class='ocrx_word' id='word_1_162' title='bbox 466 2446 588 2488; x_wconf 84' lang='lat' dir='ltr'><strong>Nunc</strong></span> <span class='ocrx_word' id='word_1_163' title='bbox 599 2462 798 2489; x_wconf 81' lang='lat' dir='ltr'><strong>marmore</strong></span> <span class='ocrx_word' id='word_1_164' title='bbox 810 2447 1179 2502; x_wconf 78' lang='lat' dir='ltr'><strong>lecta.Vitruvius,</strong></span> 
     </span>
     <span class='ocr_line' id='line_1_28' title="bbox 333 2507 1181 2571; baseline 0.007 -22"><span class='ocrx_word' id='word_1_165' title='bbox 333 2507 405 2550; x_wconf 90' lang='lat' dir='ltr'><strong>lib.</strong></span> <span class='ocrx_word' id='word_1_166' title='bbox 420 2508 487 2552; x_wconf 89' lang='lat' dir='ltr'><strong>V:</strong></span> <span class='ocrx_word' id='word_1_167' title='bbox 506 2528 528 2547; x_wconf 89' lang='lat'>«</span> <span class='ocrx_word' id='word_1_168' title='bbox 552 2511 657 2554; x_wconf 89' lang='lat' dir='ltr'><strong>Post</strong></span> <span class='ocrx_word' id='word_1_169' title='bbox 671 2528 845 2555; x_wconf 87' lang='lat' dir='ltr'><strong>scenam</strong></span> <span class='ocrx_word' id='word_1_170' title='bbox 866 2513 1058 2571; x_wconf 81' lang='lat' dir='ltr'><strong>porticus</strong></span> <span class='ocrx_word' id='word_1_171' title='bbox 1077 2521 1181 2555; x_wconf 85' lang='lat' dir='ltr'><strong>sunt</strong></span> 
     </span>
     <span class='ocr_line' id='line_1_29' title="bbox 333 2574 1181 2633; baseline 0.005 -17"><span class='ocrx_word' id='word_1_172' title='bbox 333 2574 670 2631; x_wconf 77' lang='lat' dir='ltr'><strong>constituemlae,</strong></span> <span class='ocrx_word' id='word_1_173' title='bbox 693 2578 758 2620; x_wconf 87' lang='lat' dir='ltr'><strong>uti</strong></span> <span class='ocrx_word' id='word_1_174' title='bbox 779 2593 916 2633; x_wconf 82' lang='lat' dir='ltr'><strong>quum</strong></span> <span class='ocrx_word' id='word_1_175' title='bbox 933 2578 1094 2620; x_wconf 85' lang='lat' dir='ltr'><strong>imbres</strong></span> <span class='ocrx_word' id='word_1_176' title='bbox 1109 2595 1181 2620; x_wconf 88' lang='lat' dir='ltr'><strong>re-</strong></span> 
     </span>
     <span class='ocr_line' id='line_1_30' title="bbox 333 2641 1182 2700; baseline 0.007 -19"><span class='ocrx_word' id='word_1_177' title='bbox 333 2641 502 2694; x_wconf 86' lang='lat' dir='ltr'><strong>pentini</strong></span> <span class='ocrx_word' id='word_1_178' title='bbox 517 2641 910 2698; x_wconf 82' lang='lat' dir='ltr'><strong>interpellaverint,</strong></span> <span class='ocrx_word' id='word_1_179' title='bbox 926 2643 1082 2686; x_wconf 87' lang='lat' dir='ltr'><strong>habeat</strong></span> <span class='ocrx_word' id='word_1_180' title='bbox 1101 2659 1182 2700; x_wconf 85' lang='lat' dir='ltr'><strong>po·-</strong></span> 
     </span>
     <span class='ocr_line' id='line_1_31' title="bbox 332 2702 1179 2762; baseline 0.004 -18"><span class='ocrx_word' id='word_1_181' title='bbox 332 2702 457 2758; x_wconf 90' lang='lat' dir='ltr'><strong>pulus</strong></span> <span class='ocrx_word' id='word_1_182' title='bbox 480 2722 567 2762; x_wconf 93' lang='lat' dir='ltr'><strong>quo</strong></span> <span class='ocrx_word' id='word_1_183' title='bbox 587 2722 631 2748; x_wconf 92' lang='lat' dir='ltr'><strong>se</strong></span> <span class='ocrx_word' id='word_1_184' title='bbox 660 2705 839 2762; x_wconf 88' lang='lat' dir='ltr'><strong>recipiat</strong></span> <span class='ocrx_word' id='word_1_185' title='bbox 867 2722 917 2748; x_wconf 86' lang='lat' dir='ltr'><strong>ex</strong></span> <span class='ocrx_word' id='word_1_186' title='bbox 949 2706 1135 2749; x_wconf 84' lang='lat' dir='ltr'><strong>theatro.</strong></span> <span class='ocrx_word' id='word_1_187' title='bbox 1157 2724 1179 2744; x_wconf 87' lang='lat'><strong>&gt;›</strong></span> 
     </span>
     <span class='ocr_line' id='line_1_32' title="bbox 333 2772 1183 2829; baseline 0 -15"><span class='ocrx_word' id='word_1_188' title='bbox 333 2772 467 2814; x_wconf 89' lang='lat' dir='ltr'><strong>Potes</strong></span> <span class='ocrx_word' id='word_1_189' title='bbox 489 2772 620 2814; x_wconf 80' lang='lat' dir='ltr'><strong>etiam</strong></span> <span class='ocrx_word' id='word_1_190' title='bbox 644 2789 723 2829; x_wconf 92' lang='lat' dir='ltr'><strong>per</strong></span> <span class='ocrx_word' id='word_1_191' title='bbox 742 2772 911 2815; x_wconf 86' lang='lat' dir='ltr'><strong>theatra</strong></span> <span class='ocrx_word' id='word_1_192' title='bbox 933 2782 1044 2816; x_wconf 86' lang='lat' dir='ltr'><strong>tecta</strong></span> <span class='ocrx_word' id='word_1_193' title='bbox 1065 2789 1183 2815; x_wconf 90' lang='lat' dir='ltr'><strong>mar-</strong></span> 
     </span>
     <span class='ocr_line' id='line_1_33' title="bbox 334 2837 1181 2894; baseline 0.004 -16"><span class='ocrx_word' id='word_1_194' title='bbox 334 2852 476 2891; x_wconf 83' lang='lat' dir='ltr'><strong>more,</strong></span> <span class='ocrx_word' id='word_1_195' title='bbox 489 2837 731 2894; x_wconf 86' lang='lat' dir='ltr'><strong>intelligere</strong></span> <span class='ocrx_word' id='word_1_196' title='bbox 740 2837 962 2881; x_wconf 85' lang='lat' dir='ltr'><strong>theatrum</strong></span> <span class='ocrx_word' id='word_1_197' title='bbox 975 2839 1040 2883; x_wconf 87' lang='lat' dir='ltr'><strong>M.</strong></span> <span class='ocrx_word' id='word_1_198' title='bbox 1052 2839 1181 2883; x_wconf 88' lang='lat' dir='ltr'><strong>Scau-</strong></span> 
     </span>
     <span class='ocr_line' id='line_1_34' title="bbox 334 2902 1181 2959; baseline 0.004 -16"><span class='ocrx_word' id='word_1_199' title='bbox 334 2902 398 2956; x_wconf 88' lang='lat' dir='ltr'><strong>ri,</strong></span> <span class='ocrx_word' id='word_1_200' title='bbox 423 2902 539 2957; x_wconf 87' lang='lat' dir='ltr'><strong>quod</strong></span> <span class='ocrx_word' id='word_1_201' title='bbox 566 2903 806 2945; x_wconf 85' lang='lat' dir='ltr'><strong>maximum</strong></span> <span class='ocrx_word' id='word_1_202' title='bbox 833 2904 1058 2958; x_wconf 90' lang='lat' dir='ltr'><strong>omnium,</strong></span> <span class='ocrx_word' id='word_1_203' title='bbox 1085 2919 1181 2959; x_wconf 84' lang='lat' dir='ltr'><strong>quae</strong></span> 
     </span>
     <span class='ocr_line' id='line_1_35' title="bbox 332 2967 1180 3022; baseline 0.001 -14"><span class='ocrx_word' id='word_1_204' title='bbox 332 2983 529 3022; x_wconf 90' lang='lat' dir='ltr'><strong>unquam</strong></span> <span class='ocrx_word' id='word_1_205' title='bbox 547 2967 671 3010; x_wconf 85' lang='lat' dir='ltr'><strong>fuere</strong></span> <span class='ocrx_word' id='word_1_206' title='bbox 690 2967 883 3011; x_wconf 89' lang='lat' dir='ltr'><strong>humana</strong></span> <span class='ocrx_word' id='word_1_207' title='bbox 902 2985 1037 3011; x_wconf 90' lang='lat' dir='ltr'><strong>manu</strong></span> <span class='ocrx_word' id='word_1_208' title='bbox 1057 2968 1180 3011; x_wconf 80' lang='lat' dir='ltr'><strong>facta.</strong></span> 
     </span>
     <span class='ocr_line' id='line_1_36' title="bbox 342 3033 1180 3089; baseline 0.001 -15"><span class='ocrx_word' id='word_1_209' title='bbox 342 3060 344 3062; x_wconf 96' lang='lat'>-</span> <span class='ocrx_word' id='word_1_210' title='bbox 388 3033 452 3088; x_wconf 88' lang='lat'><strong>37.</strong></span> <span class='ocrx_word' id='word_1_211' title='bbox 479 3034 683 3075; x_wconf 79' lang='lat' dir='ltr'><strong>Gramina</strong></span> <span class='ocrx_word' id='word_1_212' title='bbox 705 3050 814 3076; x_wconf 80' lang='lat' dir='ltr'><strong>nunc</strong></span> <span class='ocrx_word' id='word_1_213' title='bbox 835 3038 984 3089; x_wconf 85' lang='lat' dir='ltr'><strong>campi.</strong></span> <span class='ocrx_word' id='word_1_214' title='bbox 1010 3033 1180 3076; x_wconf 87' lang='lat' dir='ltr'><strong>Herbas</strong></span> 
     </span>
     <span class='ocr_line' id='line_1_37' title="bbox 334 3097 1054 3154; baseline 0.006 -17"><span class='ocrx_word' id='word_1_215' title='bbox 334 3097 475 3152; x_wconf 88' lang='lat' dir='ltr'><strong>campi</strong></span> <span class='ocrx_word' id='word_1_216' title='bbox 502 3098 685 3153; x_wconf 85' lang='lat' dir='ltr'><strong>proximi</strong></span> <span class='ocrx_word' id='word_1_217' title='bbox 705 3115 859 3154; x_wconf 88' lang='lat' dir='ltr'><strong>campo</strong></span> <span class='ocrx_word' id='word_1_218' title='bbox 878 3099 1054 3142; x_wconf 90' lang='lat' dir='ltr'><strong>Martio.</strong></span> 
     </span>
    </p>

    <p class='ocr_par' dir='ltr' id='par_1_10' title="bbox 334 3163 1181 3285">
     <span class='ocr_line' id='line_1_38' title="bbox 387 3163 1181 3219; baseline 0.004 -17"><span class='ocrx_word' id='word_1_219' title='bbox 387 3163 452 3203; x_wconf 84' lang='lat'><strong>38.</strong></span> <span class='ocrx_word' id='word_1_220' title='bbox 471 3163 706 3219; x_wconf 72' lang='lat' dir='ltr'><strong>Stagnaque</strong></span> <span class='ocrx_word' id='word_1_221' title='bbox 724 3172 767 3206; x_wconf 83' lang='lat' dir='ltr'><strong>et</strong></span> <span class='ocrx_word' id='word_1_222' title='bbox 785 3165 946 3218; x_wconf 80' lang='lat' dir='ltr'><strong>Euripi.</strong></span> <span class='ocrx_word' id='word_1_223' title='bbox 976 3163 1033 3206; x_wconf 90' lang='lat' dir='ltr'><strong>Et</strong></span> <span class='ocrx_word' id='word_1_224' title='bbox 1060 3178 1181 3219; x_wconf 84' lang='lat' dir='ltr'><strong>aquae</strong></span> 
     </span>
     <span class='ocr_line' id='line_1_39' title="bbox 334 3226 1180 3285; baseline 0.002 -17"><span class='ocrx_word' id='word_1_225' title='bbox 334 3234 494 3269; x_wconf 88' lang='lat' dir='ltr'><strong>stantes</strong></span> <span class='ocrx_word' id='word_1_226' title='bbox 514 3226 559 3269; x_wconf 91' lang='lat' dir='ltr'><strong>in</strong></span> <span class='ocrx_word' id='word_1_227' title='bbox 578 3228 764 3285; x_wconf 89' lang='lat' dir='ltr'><strong>Euripis.</strong></span> <span class='ocrx_word' id='word_1_228' title='bbox 785 3229 886 3272; x_wconf 91' lang='lat' dir='ltr'><strong>Hoc</strong></span> <span class='ocrx_word' id='word_1_229' title='bbox 906 3228 1032 3272; x_wconf 81' lang='lat' dir='ltr'><strong>dicit:</strong></span> <span class='ocrx_word' id='word_1_230' title='bbox 1053 3237 1180 3283; x_wconf 84' lang='lat' dir='ltr'><strong>etca-</strong></span> 
     </span>
    </p>
   </div>
   <div class='ocr_carea' id='block_1_5' title="bbox 334 3289 1188 3349">
    <p class='ocr_par' dir='ltr' id='par_1_11' title="bbox 334 3289 1188 3349">
     <span class='ocr_line' id='line_1_40' title="bbox 334 3289 1188 3349; baseline 0.004 -19"><span class='ocrx_word' id='word_1_231' title='bbox 334 3289 452 3332; x_wconf 88' lang='lat' dir='ltr'><strong>nales</strong></span> <span class='ocrx_word' id='word_1_232' title='bbox 467 3306 513 3332; x_wconf 87' lang='lat' dir='ltr'><strong>ac</strong></span> <span class='ocrx_word' id='word_1_233' title='bbox 527 3290 679 3335; x_wconf 86' lang='lat' dir='ltr'><strong>ductus</strong></span> <span class='ocrx_word' id='word_1_234' title='bbox 695 3309 902 3347; x_wconf 90' lang='lat' dir='ltr'><strong>aquarum</strong></span> <span class='ocrx_word' id='word_1_235' title='bbox 915 3326 926 3346; x_wconf 95' lang='lat'><strong>,</strong></span> <span class='ocrx_word' id='word_1_236' title='bbox 946 3293 1018 3349; x_wconf 92' lang='lat' dir='ltr'><strong>qui</strong></span> <span class='ocrx_word' id='word_1_237' title='bbox 1036 3294 1188 3346; x_wconf 81' lang='lat' dir='ltr'><strong>Euripi</strong></span> 
     </span>
    </p>
   </div>
   <div class='ocr_carea' id='block_1_6' title="bbox 335 3354 1181 3478">
    <p class='ocr_par' dir='ltr' id='par_1_12' title="bbox 335 3354 1181 3478">
     <span class='ocr_line' id='line_1_41' title="bbox 337 3354 1180 3413; baseline 0.004 -17"><span class='ocrx_word' id='word_1_238' title='bbox 337 3354 610 3410; x_wconf 89' lang='lat' dir='ltr'><strong>adpellantur</strong></span> <span class='ocrx_word' id='word_1_239' title='bbox 620 3389 631 3409; x_wconf 92' lang='lat'><strong>,</strong></span> <span class='ocrx_word' id='word_1_240' title='bbox 646 3356 755 3398; x_wconf 89' lang='lat' dir='ltr'><strong>mihi</strong></span> <span class='ocrx_word' id='word_1_241' title='bbox 767 3358 956 3400; x_wconf 88' lang='lat' dir='ltr'><strong>subeunt</strong></span> <span class='ocrx_word' id='word_1_242' title='bbox 971 3373 981 3399; x_wconf 76' lang='grc' dir='ltr'>ε</span> <span class='ocrx_word' id='word_1_243' title='bbox 995 3373 1099 3413; x_wconf 90' lang='lat' dir='ltr'><strong>quas</strong></span> <span class='ocrx_word' id='word_1_244' title='bbox 1113 3372 1180 3399; x_wconf 88' lang='lat' dir='ltr'><strong>res</strong></span> 
     </span>
     <span class='ocr_line' id='line_1_42' title="bbox 335 3419 1181 3478; baseline 0.004 -16"><span class='ocrx_word' id='word_1_245' title='bbox 335 3419 526 3463; x_wconf 83' lang='lat' dir='ltr'><strong>Romani</strong></span> <span class='ocrx_word' id='word_1_246' title='bbox 559 3420 750 3463; x_wconf 86' lang='lat' dir='ltr'><strong>maximo</strong></span> <span class='ocrx_word' id='word_1_247' title='bbox 786 3420 1010 3477; x_wconf 86' lang='lat' dir='ltr'><strong>impendio</strong></span> <span class='ocrx_word' id='word_1_248' title='bbox 1046 3424 1181 3478; x_wconf 85' lang='lat' dir='ltr'><strong>para—</strong></span> 
     </span>
    </p>
   </div>
   <div class='ocr_carea' id='block_1_7' title="bbox 1258 1791 2110 3478">
    <p class='ocr_par' dir='ltr' id='par_1_13' title="bbox 1258 1791 2110 2421">
     <span class='ocr_line' id='line_1_43' title="bbox 1259 1791 2106 1849; baseline -0.008 -10"><span class='ocrx_word' id='word_1_249' title='bbox 1259 1795 1674 1849; x_wconf 75' lang='lat' dir='ltr'><strong>bant.—Slagnaque</strong></span> <span class='ocrx_word' id='word_1_250' title='bbox 1691 1798 1734 1835; x_wconf 83' lang='lat' dir='ltr'><strong>el</strong></span> <span class='ocrx_word' id='word_1_251' title='bbox 1751 1793 1910 1846; x_wconf 81' lang='lat' dir='ltr'><strong>Euripi.</strong></span> <span class='ocrx_word' id='word_1_252' title='bbox 1932 1791 2106 1847; x_wconf 90' lang='lat' dir='ltr'><strong>Aquam</strong></span> 
     </span>
     <span class='ocr_line' id='line_1_44' title="bbox 1261 1856 2106 1916; baseline -0.005 -14"><span class='ocrx_word' id='word_1_253' title='bbox 1261 1861 1475 1916; x_wconf 86' lang='lat' dir='ltr'><strong>virginem</strong></span> <span class='ocrx_word' id='word_1_254' title='bbox 1498 1857 1689 1914; x_wconf 79' lang='lat' dir='ltr'><strong>intellige</strong></span> <span class='ocrx_word' id='word_1_255' title='bbox 1712 1890 1723 1911; x_wconf 96' lang='lat'><strong>,</strong></span> <span class='ocrx_word' id='word_1_256' title='bbox 1760 1872 1891 1912; x_wconf 88' lang='lat' dir='ltr'><strong>quam</strong></span> <span class='ocrx_word' id='word_1_257' title='bbox 1916 1856 2106 1913; x_wconf 86' lang='lat' dir='ltr'><strong>Agrippa</strong></span> 
     </span>
     <span class='ocr_line' id='line_1_45' title="bbox 1261 1920 2105 1979; baseline -0.006 -13"><span class='ocrx_word' id='word_1_258' title='bbox 1261 1924 1395 1967; x_wconf 86' lang='lat' dir='ltr'><strong>aedilis</strong></span> <span class='ocrx_word' id='word_1_259' title='bbox 1411 1924 1457 1965; x_wconf 91' lang='lat' dir='ltr'><strong>in</strong></span> <span class='ocrx_word' id='word_1_260' title='bbox 1474 1938 1577 1979; x_wconf 87' lang='lat' dir='ltr'><strong>agro</strong></span> <span class='ocrx_word' id='word_1_261' title='bbox 1591 1920 1844 1964; x_wconf 86' lang='lat' dir='ltr'><strong>Luculliano</strong></span> <span class='ocrx_word' id='word_1_262' title='bbox 1857 1920 2081 1963; x_wconf 86' lang='lat' dir='ltr'><strong>collectam</strong></span> <span class='ocrx_word' id='word_1_263' title='bbox 2093 1952 2105 1973; x_wconf 94' lang='lat'><strong>,</strong></span> 
     </span>
     <span class='ocr_line' id='line_1_46' title="bbox 1262 1983 2106 2042; baseline -0.005 -12"><span class='ocrx_word' id='word_1_264' title='bbox 1262 1987 1452 2030; x_wconf 88' lang='lat' dir='ltr'><strong>Romam</strong></span> <span class='ocrx_word' id='word_1_265' title='bbox 1477 1985 1677 2042; x_wconf 78' lang='lat' dir='ltr'><strong>perduxit</strong></span> <span class='ocrx_word' id='word_1_266' title='bbox 1692 2014 1704 2038; x_wconf 87' lang='lat'><strong>,</strong></span> <span class='ocrx_word' id='word_1_267' title='bbox 1731 1983 1857 2028; x_wconf 68' lang='lat' dir='ltr'><strong>Coss.⁴</strong></span> <span class='ocrx_word' id='word_1_268' title='bbox 1876 1983 1927 2026; x_wconf 87' lang='lat' dir='ltr'><strong>C.</strong></span> <span class='ocrx_word' id='word_1_269' title='bbox 1951 1984 2106 2026; x_wconf 89' lang='lat' dir='ltr'><strong>Sentio</strong></span> 
     </span>
     <span class='ocr_line' id='line_1_47' title="bbox 1261 2051 2108 2108; baseline -0.004 -12"><span class='ocrx_word' id='word_1_270' title='bbox 1261 2062 1304 2096; x_wconf 90' lang='lat' dir='ltr'><strong>et</strong></span> <span class='ocrx_word' id='word_1_271' title='bbox 1320 2053 1393 2108; x_wconf 89' lang='lat' dir='ltr'><strong>Sp.</strong></span> <span class='ocrx_word' id='word_1_272' title='bbox 1414 2053 1632 2096; x_wconf 85' lang='lat' dir='ltr'><strong>Lucretio.</strong></span> <span class='ocrx_word' id='word_1_273' title='bbox 1655 2054 1700 2095; x_wconf 89' lang='lat' dir='ltr'><em>V</em></span> <span class='ocrx_word' id='word_1_274' title='bbox 1693 2056 1780 2107; x_wconf 59' lang='grc' dir='ltr'><strong>ἔνθα</strong></span> <span class='ocrx_word' id='word_1_275' title='bbox 1799 2060 1946 2095; x_wconf 86' lang='lat' dir='ltr'><strong>autem</strong></span> <span class='ocrx_word' id='word_1_276' title='bbox 1963 2051 2108 2107; x_wconf 89' lang='lat' dir='ltr'><strong>adpel-</strong></span> 
     </span>
     <span class='ocr_line' id='line_1_48' title="bbox 1259 2120 2107 2176; baseline -0.002 -13"><span class='ocrx_word' id='word_1_277' title='bbox 1259 2120 1343 2163; x_wconf 85' lang='lat' dir='ltr'><strong>lata</strong></span> <span class='ocrx_word' id='word_1_278' title='bbox 1362 2120 1468 2173; x_wconf 81' lang='lat' dir='ltr'><strong>suit,</strong></span> <span class='ocrx_word' id='word_1_279' title='bbox 1495 2120 1611 2176; x_wconf 89' lang='lat' dir='ltr'><strong>quod</strong></span> <span class='ocrx_word' id='word_1_280' title='bbox 1636 2120 1931 2175; x_wconf 75' lang='lat' dir='ltr'><strong>quaerentibus</strong></span> <span class='ocrx_word' id='word_1_281' title='bbox 1949 2135 2107 2175; x_wconf 91' lang='lat' dir='ltr'><strong>aquam</strong></span> 
     </span>
     <span class='ocr_line' id='line_1_49' title="bbox 1260 2182 2108 2240; baseline -0.001 -14"><span class='ocrx_word' id='word_1_282' title='bbox 1260 2184 1466 2227; x_wconf 85' lang='lat' dir='ltr'><strong>militibus</strong></span> <span class='ocrx_word' id='word_1_283' title='bbox 1480 2183 1620 2240; x_wconf 87' lang='lat' dir='ltr'><strong>puella</strong></span> <span class='ocrx_word' id='word_1_284' title='bbox 1634 2183 1886 2240; x_wconf 80' lang='lat' dir='ltr'><strong>virguncula</strong></span> <span class='ocrx_word' id='word_1_285' title='bbox 1898 2182 2108 2239; x_wconf 90' lang='lat' dir='ltr'><strong>quasdam</strong></span> 
     </span>
     <span class='ocr_line' id='line_1_50' title="bbox 1261 2247 2109 2304; baseline -0.004 -12"><span class='ocrx_word' id='word_1_286' title='bbox 1261 2266 1392 2292; x_wconf 89' lang='lat' dir='ltr'><strong>venas</strong></span> <span class='ocrx_word' id='word_1_287' title='bbox 1423 2249 1680 2291; x_wconf 84' lang='lat' dir='ltr'><strong>monstravit</strong></span> <span class='ocrx_word' id='word_1_288' title='bbox 1705 2282 1716 2302; x_wconf 91' lang='lat'>‚</span> <span class='ocrx_word' id='word_1_289' title='bbox 1750 2264 1853 2304; x_wconf 90' lang='lat' dir='ltr'><strong>quas</strong></span> <span class='ocrx_word' id='word_1_290' title='bbox 1875 2247 2009 2290; x_wconf 87' lang='lat' dir='ltr'><strong>secuti</strong></span> <span class='ocrx_word' id='word_1_291' title='bbox 2033 2247 2109 2303; x_wconf 86' lang='lat' dir='ltr'><strong>qui</strong></span> 
     </span>
     <span class='ocr_line' id='line_1_51' title="bbox 1258 2311 2110 2369; baseline -0.001 -15"><span class='ocrx_word' id='word_1_292' title='bbox 1258 2312 1494 2367; x_wconf 85' lang='lat' dir='ltr'><strong>foderant,</strong></span> <span class='ocrx_word' id='word_1_293' title='bbox 1525 2313 1752 2369; x_wconf 85' lang='lat' dir='ltr'><strong>ingentem</strong></span> <span class='ocrx_word' id='word_1_294' title='bbox 1776 2327 1898 2367; x_wconf 84' lang='lat' dir='ltr'><strong>aquae</strong></span> <span class='ocrx_word' id='word_1_295' title='bbox 1925 2311 2110 2354; x_wconf 86' lang='lat' dir='ltr'><strong>modum</strong></span> 
     </span>
     <span class='ocr_line' id='line_1_52' title="bbox 1260 2378 1747 2421; baseline -0.002 -1"><span class='ocrx_word' id='word_1_296' title='bbox 1260 2378 1543 2421; x_wconf 83' lang='lat' dir='ltr'><strong>invenerunt.</strong></span> <span class='ocrx_word' id='word_1_297' title='bbox 1574 2379 1747 2421; x_wconf 79' lang='lat' dir='ltr'>MICYL.</span> 
     </span>
    </p>

    <p class='ocr_par' dir='ltr' id='par_1_14' title="bbox 1260 2439 2108 2627">
     <span class='ocr_line' id='line_1_53' title="bbox 1316 2439 2106 2498; baseline -0.005 -12"><span class='ocrx_word' id='word_1_298' title='bbox 1316 2445 1381 2498; x_wconf 73' lang='lat'><strong>41.</strong></span> <span class='ocrx_word' id='word_1_299' title='bbox 1393 2443 1438 2485; x_wconf 87' lang='lat' dir='ltr'><em>A</em></span> <span class='ocrx_word' id='word_1_300' title='bbox 1440 2447 1592 2485; x_wconf 79' lang='lat' dir='ltr'><strong>missos</strong></span> <span class='ocrx_word' id='word_1_301' title='bbox 1605 2458 1742 2498; x_wconf 69' lang='lat' dir='ltr'><strong>agros.</strong></span> <span class='ocrx_word' id='word_1_302' title='bbox 1759 2442 1899 2498; x_wconf 82' lang='lat' dir='ltr'><strong>Agros</strong></span> <span class='ocrx_word' id='word_1_303' title='bbox 1910 2439 2106 2493; x_wconf 83' lang='lat' dir='ltr'><strong>relictos,</strong></span> 
     </span>
     <span class='ocr_line' id='line_1_54' title="bbox 1261 2503 2108 2563; baseline -0.005 -13"><span class='ocrx_word' id='word_1_304' title='bbox 1261 2524 1353 2551; x_wconf 90' lang='lat' dir='ltr'><strong>non</strong></span> <span class='ocrx_word' id='word_1_305' title='bbox 1363 2516 1509 2551; x_wconf 89' lang='lat' dir='ltr'><strong>autem</strong></span> <span class='ocrx_word' id='word_1_306' title='bbox 1523 2516 1694 2563; x_wconf 87' lang='lat' dir='ltr'><strong>ereptos</strong></span> <span class='ocrx_word' id='word_1_307' title='bbox 1704 2507 1958 2563; x_wconf 81' lang='lat' dir='ltr'><strong>abAugusto</strong></span> <span class='ocrx_word' id='word_1_308' title='bbox 1968 2521 1978 2548; x_wconf 72' lang='grc' dir='ltr'>ε</span> <span class='ocrx_word' id='word_1_309' title='bbox 1989 2503 2108 2561; x_wconf 90' lang='lat' dir='ltr'><strong>quod</strong></span> 
     </span>
     <span class='ocr_line' id='line_1_55' title="bbox 1260 2570 2107 2627; baseline -0.007 -10"><span class='ocrx_word' id='word_1_310' title='bbox 1260 2574 1473 2618; x_wconf 84' lang='lat' dir='ltr'><strong>exsulibus</strong></span> <span class='ocrx_word' id='word_1_311' title='bbox 1487 2573 1581 2617; x_wconf 85' lang='lat' dir='ltr'><strong>fieri</strong></span> <span class='ocrx_word' id='word_1_312' title='bbox 1595 2574 1758 2617; x_wconf 86' lang='lat' dir='ltr'><strong>solebat</strong></span> <span class='ocrx_word' id='word_1_313' title='bbox 1770 2606 1781 2627; x_wconf 90' lang='lat'><strong>,</strong></span> <span class='ocrx_word' id='word_1_314' title='bbox 1792 2589 1883 2616; x_wconf 89' lang='lat' dir='ltr'><strong>non</strong></span> <span class='ocrx_word' id='word_1_315' title='bbox 1894 2570 2107 2627; x_wconf 82' lang='lat' dir='ltr'><strong>relegatis.</strong></span> 
     </span>
    </p>

    <p class='ocr_par' dir='ltr' id='par_1_15' title="bbox 1261 2635 2106 2758">
     <span class='ocr_line' id='line_1_56' title="bbox 1316 2635 2106 2694; baseline -0.005 -13"><span class='ocrx_word' id='word_1_316' title='bbox 1316 2642 1382 2694; x_wconf 76' lang='lat'><strong>42.</strong></span> <span class='ocrx_word' id='word_1_317' title='bbox 1402 2641 1498 2682; x_wconf 85' lang='lat' dir='ltr'><strong>Solo</strong></span> <span class='ocrx_word' id='word_1_318' title='bbox 1509 2642 1695 2694; x_wconf 68' lang='lat' dir='ltr'><strong>Pehgrno.</strong></span> <span class='ocrx_word' id='word_1_319' title='bbox 1715 2639 1768 2681; x_wconf 90' lang='lat' dir='ltr'><strong>In</strong></span> <span class='ocrx_word' id='word_1_320' title='bbox 1785 2646 1902 2680; x_wconf 86' lang='lat' dir='ltr'><strong>terra</strong></span> <span class='ocrx_word' id='word_1_321' title='bbox 1916 2635 2106 2691; x_wconf 87' lang='lat' dir='ltr'><strong>Pelignae</strong></span> 
     </span>
     <span class='ocr_line' id='line_1_57' title="bbox 1261 2698 1983 2758; baseline -0.006 -13"><span class='ocrx_word' id='word_1_322' title='bbox 1261 2703 1448 2758; x_wconf 85' lang='lat' dir='ltr'><strong>regionis</strong></span> <span class='ocrx_word' id='word_1_323' title='bbox 1464 2721 1474 2755; x_wconf 77' lang='lat'><em>3</em></span> <span class='ocrx_word' id='word_1_324' title='bbox 1497 2703 1552 2745; x_wconf 64' lang='lat' dir='ltr'><strong>in&gt;</strong></span> <span class='ocrx_word' id='word_1_325' title='bbox 1565 2717 1669 2758; x_wconf 72' lang='lat' dir='ltr'><strong>agno</strong></span> <span class='ocrx_word' id='word_1_326' title='bbox 1690 2698 1983 2743; x_wconf 81' lang='lat' dir='ltr'><strong>Sulmonensi.</strong></span> 
     </span>
    </p>

    <p class='ocr_par' dir='ltr' id='par_1_16' title="bbox 1258 2763 2109 3201">
     <span class='ocr_line' id='line_1_58' title="bbox 1315 2763 2107 2822; baseline -0.003 -14"><span class='ocrx_word' id='word_1_327' title='bbox 1315 2768 1382 2821; x_wconf 81' lang='grc'><strong>43.</strong></span> <span class='ocrx_word' id='word_1_328' title='bbox 1401 2769 1490 2811; x_wconf 87' lang='lat' dir='ltr'><strong>Nec</strong></span> <span class='ocrx_word' id='word_1_329' title='bbox 1516 2782 1619 2822; x_wconf 82' lang='lat' dir='ltr'><strong>quos</strong></span> <span class='ocrx_word' id='word_1_330' title='bbox 1638 2763 1857 2820; x_wconf 47' lang='lat' dir='ltr'><strong>pomiferas·</strong></span> <span class='ocrx_word' id='word_1_331' title='bbox 1874 2767 2040 2817; x_wconf 78' lang='lat' dir='ltr'><strong>positos</strong></span> <span class='ocrx_word' id='word_1_332' title='bbox 2062 2766 2107 2806; x_wconf 83' lang='lat' dir='ltr'><strong>in</strong></span> 
     </span>
     <span class='ocr_line' id='line_1_59' title="bbox 1260 2829 2108 2884; baseline -0.006 -10"><span class='ocrx_word' id='word_1_333' title='bbox 1260 2835 1465 2874; x_wconf 77' lang='lat' dir='ltr'><strong>montibus</strong></span> <span class='ocrx_word' id='word_1_334' title='bbox 1481 2834 1634 2873; x_wconf 78' lang='lat' dir='ltr'><strong>hortos.</strong></span> <span class='ocrx_word' id='word_1_335' title='bbox 1646 2829 1846 2884; x_wconf 54' lang='lat' dir='ltr'><strong>Pinifer&amp;</strong></span> <span class='ocrx_word' id='word_1_336' title='bbox 1867 2835 1912 2870; x_wconf 83' lang='lat' dir='ltr'><strong>in</strong></span> <span class='ocrx_word' id='word_1_337' title='bbox 1931 2831 2108 2871; x_wconf 81' lang='lat' dir='ltr'><strong>collibus</strong></span> 
     </span>
     <span class='ocr_line' id='line_1_60' title="bbox 1262 2896 2109 2953; baseline -0.004 -13"><span class='ocrx_word' id='word_1_338' title='bbox 1262 2897 1407 2953; x_wconf 86' lang='lat' dir='ltr'><strong>scripti</strong></span> <span class='ocrx_word' id='word_1_339' title='bbox 1429 2896 1746 2953; x_wconf 81' lang='lat' dir='ltr'><strong>praestantiores</strong></span> <span class='ocrx_word' id='word_1_340' title='bbox 1768 2910 1927 2952; x_wconf 81' lang='lat' dir='ltr'><strong>magno</strong></span> <span class='ocrx_word' id='word_1_341' title='bbox 1950 2911 2109 2938; x_wconf 88' lang='lat' dir='ltr'><strong>nume—</strong></span> 
     </span>
     <span class='ocr_line' id='line_1_61' title="bbox 1260 2960 2109 3015; baseline -0.002 -11"><span class='ocrx_word' id='word_1_342' title='bbox 1260 2978 1323 3004; x_wconf 88' lang='lat' dir='ltr'><strong>ro.</strong></span> <span class='ocrx_word' id='word_1_343' title='bbox 1357 2960 1627 3015; x_wconf 85' lang='lat' dir='ltr'><strong>Columella,</strong></span> <span class='ocrx_word' id='word_1_344' title='bbox 1646 2960 1720 3004; x_wconf 89' lang='lat' dir='ltr'><strong>lib.</strong></span> <span class='ocrx_word' id='word_1_345' title='bbox 1742 2962 1783 3004; x_wconf 93' lang='lat' dir='ltr'>X</span> <span class='ocrx_word' id='word_1_346' title='bbox 1796 2993 1808 3014; x_wconf 94' lang='lat'><strong>,</strong></span> <span class='ocrx_word' id='word_1_347' title='bbox 1831 2964 2016 3003; x_wconf 85' lang='lat' dir='ltr'><strong>dumosis</strong></span> <span class='ocrx_word' id='word_1_348' title='bbox 2026 2976 2109 3015; x_wconf 87' lang='lat' dir='ltr'><strong>po·-</strong></span> 
     </span>
     <span class='ocr_line' id='line_1_62' title="bbox 1258 3023 2108 3069; baseline -0.004 -1"><span class='ocrx_word' id='word_1_349' title='bbox 1258 3030 1339 3068; x_wconf 82' lang='lat' dir='ltr'><strong>siti</strong></span> <span class='ocrx_word' id='word_1_350' title='bbox 1367 3029 1443 3069; x_wconf 86' lang='lat' dir='ltr'><strong>sub</strong></span> <span class='ocrx_word' id='word_1_351' title='bbox 1481 3029 1657 3068; x_wconf 76' lang='lat' dir='ltr'><strong>collibus</strong></span> <span class='ocrx_word' id='word_1_352' title='bbox 1689 3027 1813 3068; x_wconf 81' lang='lat' dir='ltr'><em>horti.</em></span> <span class='ocrx_word' id='word_1_353' title='bbox 1847 3024 1975 3067; x_wconf 83' lang='lat' dir='ltr'><strong>Idem</strong></span> <span class='ocrx_word' id='word_1_354' title='bbox 2008 3023 2108 3066; x_wconf 87' lang='lat' dir='ltr'><strong>alibi</strong></span> 
     </span>
     <span class='ocr_line' id='line_1_63' title="bbox 1260 3091 2108 3137; baseline -0.007 0"><span class='ocrx_word' id='word_1_355' title='bbox 1260 3093 1438 3137; x_wconf 88' lang='lat' dir='ltr'><strong>collibus</strong></span> <span class='ocrx_word' id='word_1_356' title='bbox 1464 3093 1615 3136; x_wconf 85' lang='lat' dir='ltr'><strong>insitos</strong></span> <span class='ocrx_word' id='word_1_357' title='bbox 1644 3100 1798 3135; x_wconf 89' lang='lat' dir='ltr'><strong>monet</strong></span> <span class='ocrx_word' id='word_1_358' title='bbox 1826 3091 1987 3135; x_wconf 88' lang='lat' dir='ltr'><strong>debere</strong></span> <span class='ocrx_word' id='word_1_359' title='bbox 2017 3105 2108 3132; x_wconf 86' lang='lat' dir='ltr'><strong>esse</strong></span> 
     </span>
     <span class='ocr_line' id='line_1_64' title="bbox 1259 3157 1426 3201; baseline 0.006 -1"><span class='ocrx_word' id='word_1_360' title='bbox 1259 3157 1426 3201; x_wconf 91' lang='lat' dir='ltr'><strong>hortos.</strong></span> 
     </span>
    </p>

    <p class='ocr_par' dir='ltr' id='par_1_17' title="bbox 1260 3220 2110 3478">
     <span class='ocr_line' id='line_1_65' title="bbox 1315 3220 2108 3279; baseline -0.008 -11"><span class='ocrx_word' id='word_1_361' title='bbox 1315 3227 1380 3279; x_wconf 77' lang='grc'><strong>44,</strong></span> <span class='ocrx_word' id='word_1_362' title='bbox 1391 3226 1558 3279; x_wconf 80' lang='lat' dir='ltr'><strong>Spectat</strong></span> <span class='ocrx_word' id='word_1_363' title='bbox 1567 3225 1786 3267; x_wconf 84' lang='lat' dir='ltr'><strong>Flamim&#39;oe</strong></span> <span class='ocrx_word' id='word_1_364' title='bbox 1803 3226 1990 3267; x_wconf 80' lang='lat' dir='ltr'><strong>Claudia.</strong></span> <span class='ocrx_word' id='word_1_365' title='bbox 2010 3220 2108 3263; x_wconf 86' lang='lat' dir='ltr'><strong>Alia</strong></span> 
     </span>
     <span class='ocr_line' id='line_1_66' title="bbox 1260 3286 2105 3344; baseline -0.007 -12"><span class='ocrx_word' id='word_1_366' title='bbox 1260 3289 1344 3332; x_wconf 89' lang='lat' dir='ltr'><strong>hoc</strong></span> <span class='ocrx_word' id='word_1_367' title='bbox 1356 3290 1449 3332; x_wconf 85' lang='lat' dir='ltr'><strong>loco</strong></span> <span class='ocrx_word' id='word_1_368' title='bbox 1462 3287 1647 3332; x_wconf 88' lang='lat' dir='ltr'><strong>Claudia</strong></span> <span class='ocrx_word' id='word_1_369' title='bbox 1659 3287 1906 3344; x_wconf 88' lang='lat' dir='ltr'><strong>accipienda</strong></span> <span class='ocrx_word' id='word_1_370' title='bbox 1915 3286 2105 3339; x_wconf 85' lang='lat' dir='ltr'><strong>videtur,</strong></span> 
     </span>
     <span class='ocr_line' id='line_1_67' title="bbox 1263 3350 2109 3413; baseline -0.006 -14"><span class='ocrx_word' id='word_1_371' title='bbox 1263 3373 1394 3412; x_wconf 91' lang='lat' dir='ltr'><strong>quam</strong></span> <span class='ocrx_word' id='word_1_372' title='bbox 1413 3372 1508 3413; x_wconf 86' lang='lat' dir='ltr'><strong>quae</strong></span> <span class='ocrx_word' id='word_1_373' title='bbox 1525 3356 1666 3413; x_wconf 89' lang='lat' dir='ltr'><strong>Appia</strong></span> <span class='ocrx_word' id='word_1_374' title='bbox 1680 3356 1749 3398; x_wconf 85' lang='lat' dir='ltr'><strong>via</strong></span> <span class='ocrx_word' id='word_1_375' title='bbox 1764 3354 1865 3397; x_wconf 92' lang='lat' dir='ltr'><strong>alias</strong></span> <span class='ocrx_word' id='word_1_376' title='bbox 1882 3353 1994 3396; x_wconf 85' lang='lat' dir='ltr'><strong>dicta</strong></span> <span class='ocrx_word' id='word_1_377' title='bbox 2009 3350 2109 3394; x_wconf 84' lang='lat' dir='ltr'><strong>fuit.</strong></span> 
     </span>
     <span class='ocr_line' id='line_1_68' title="bbox 1263 3417 2110 3478; baseline -0.006 -14"><span class='ocrx_word' id='word_1_378' title='bbox 1263 3421 1321 3464; x_wconf 80' lang='lat' dir='ltr'><strong>Et</strong></span> <span class='ocrx_word' id='word_1_379' title='bbox 1335 3420 1574 3465; x_wconf 85' lang='lat' dir='ltr'><strong>videndum</strong></span> <span class='ocrx_word' id='word_1_380' title='bbox 1588 3453 1600 3476; x_wconf 89' lang='lat'><strong>,</strong></span> <span class='ocrx_word' id='word_1_381' title='bbox 1620 3436 1729 3463; x_wconf 89' lang='lat' dir='ltr'><strong>num</strong></span> <span class='ocrx_word' id='word_1_382' title='bbox 1744 3419 1887 3478; x_wconf 84' lang='lat' dir='ltr'><strong>potius</strong></span> <span class='ocrx_word' id='word_1_383' title='bbox 1901 3417 1955 3461; x_wconf 83' lang='lat' dir='ltr'><strong>de</strong></span> <span class='ocrx_word' id='word_1_384' title='bbox 1971 3433 2021 3461; x_wconf 90' lang='lat' dir='ltr'><strong>ea</strong></span> <span class='ocrx_word' id='word_1_385' title='bbox 2039 3417 2110 3460; x_wconf 84' lang='lat' dir='ltr'><strong>via</strong></span> 
     </span>
    </p>
   </div>
  </div>
 </body>
</html>
