2280 3776
486 318 585 378 EX
626 319 924 377 PONTO
958 320 1119 376 LIB.
1163 322 1251 376 II.
1301 322 1574 380 EPIST.
1621 326 1708 379 II.

1877 328 1985 403 319

294 436 550 499 Servatus
582 461 681 521 per
707 452 759 497 te
778 483 793 509 ‚
826 438 873 497 si
901 436 1069 497 modo
1102 460 1311 511 server,
1340 462 1452 500 ero.

216 533 376 595 Nunc
405 550 498 594 tua
524 558 625 618 pro
654 533 820 616 lapsis
849 534 1058 594 nitatur
1086 535 1256 612 gratia
1291 538 1454 598 rebus
1473 584 1488 610 ‚

300 631 572 715 Principis
601 645 854 692 aeternam
882 653 1044 714 quam
1075 630 1177 691 tibi
1205 647 1426 713 praestet
1453 657 1637 694 amor:
1931 652 1985 695 ει.

216 729 376 789 Nunc
405 728 508 789 tibi
540 742 594 787 et
620 727 823 810 eloquii
854 727 1004 787 nitor
1032 725 1122 787 ille
1153 726 1481 790 domesticus
1509 730 1681 801 adsit,

300 825 431 904 Quo
460 838 678 907 poteras
705 822 933 906 trepidis
960 822 1115 883 utilis
1145 845 1262 884 esse
1289 825 1414 884 reis.

216 919 370 981 Vivit
395 920 540 981 enim
570 919 627 979 in
655 920 814 980 vobis
839 919 1057 981 facundi
1087 918 1275 998 lingua
1298 922 1566 1003 parentis,

295 1017 371 1075 Et
399 1038 485 1075 res
511 1014 765 1076 heredem
792 1014 1034 1099 repperit
1063 1013 1156 1075 illa
1187 1038 1362 1076 suum.

217 1111 373 1171 Hanc
404 1134 505 1190 ego
534 1135 677 1183 non,
707 1125 771 1171 ut
795 1133 881 1171 me
913 1110 1199 1172 defendere
1227 1126 1399 1172 tentet
1418 1158 1432 1183 ‚
1461 1112 1665 1185 adoro;
1936 1130 1988 1174 55

295 1211 424 1270 Non
453 1223 537 1270 est
566 1208 804 1269 confessi
831 1232 992 1270 causa
1017 1209 1218 1270 tuenda
1248 1208 1343 1268 rei.

213 1306 360 1365 Num
391 1318 567 1365 tamen
596 1326 817 1365 excuses
848 1304 1048 1365 erroris
1076 1304 1311 1382 imagine
1343 1304 1546 1364 factum
1566 1351 1581 1375 ‚

294 1401 385 1462 An
412 1399 552 1461 nihil
579 1400 830 1483 expediat
859 1399 963 1462 tale
994 1424 1236 1474 movere,
1269 1401 1404 1462 vide.

216 1496 475 1559 Vulneris
497 1497 556 1558 id
579 1520 750 1577 genus
777 1513 890 1571 est,
926 1499 1076 1582 quod
1109 1521 1277 1581 quum
1307 1496 1547 1559 sanabile
1576 1522 1688 1558 non
1714 1498 1819 1572 sit,

299 1596 427 1656 Non
457 1595 781 1656 contrectari
812 1595 986 1656 tutius
1013 1618 1128 1656 esse
1156 1610 1363 1678 putem.
1768 1618 1771 1621 ·
1940 1613 1996 1654 60

217 1691 461 1770 Lingua,
494 1689 622 1763 sile;
651 1714 767 1750 non
795 1705 877 1752 est
904 1690 1046 1751 ultra
1075 1691 1344 1752 narrabile
1377 1690 1671 1775 quidquam
1695 1718 1706 1750 :

301 1787 470 1866 Posse
499 1784 662 1848 velim
688 1787 895 1849 cineres
921 1789 1153 1849 obruere
1181 1789 1299 1871 ipse
1328 1812 1494 1850 meos.

219 1881 308 1942 Sic
335 1881 538 1959 igitur,
570 1881 726 1964 quasi
750 1905 835 1942 me
864 1881 1050 1943 nullus
1080 1882 1353 1965 deceperit
1384 1906 1536 1943 error
1555 1929 1570 1953 ,

297 1975 483 2039 Verba
507 1976 653 2050 face,
682 1993 747 2038 ut
772 1978 879 2039 vita
899 2026 914 2051 ‚
950 2003 1112 2062 quam
1143 1980 1292 2040 dedit
1317 1980 1465 2062 ipse,
1495 1980 1660 2039 fruar.

269 2134 336 2188 48.
367 2134 419 2176 Sa·
438 2135 559 2177 modo
591 2147 739 2176 servor.
770 2134 915 2176 Server
939 2149 1063 2177 non-

219 2197 326 2242 nulli
339 2230 351 2254 ,
372 2197 489 2243 inter
514 2214 621 2255 quos
642 2198 793 2242 nostri.

247 2293 250 2299 ·
273 2266 340 2323 49.
358 2266 442 2308 Pro
460 2267 593 2308 rebus.
611 2265 700 2308 Pro
714 2263 844 2308 rebus
858 2264 981 2307 meis.

272 2332 340 2373 50.
358 2330 572 2384 Prehcepaete
589 2333 735 2372 aterni
745 2345 861 2384 quem
878 2332 1066 2384 tibiproe-

217 2399 301 2436 stet
308 2392 522 2438 amo.,Aut
526 2399 702 2448 prestat
713 2392 949 2448 legendum
962 2408 1065 2436 cum

221 2458 403 2514 Argent.
421 2455 596 2513 aliisque
616 2455 811 2513 plurimis
828 2474 839 2509 3
862 2465 936 2499 aut
949 2465 1066 2499 oeter-

219 2539 316 2568 num
323 2530 512 2578 prestet,
539 2523 607 2566 vel
624 2532 845 2574 aetemmm
867 2523 950 2566 nisi
970 2539 1067 2565 ma-

220 2590 282 2634 vis
295 2593 506 2645 Principis
517 2593 672 2634 alterni
675 2606 798 2645 quam
811 2592 1070 2643 te'biproestat

221 2672 350 2709 amor,
366 2664 415 2700 ut
432 2655 486 2700 de
502 2655 682 2699 Tiberio
701 2655 832 2698 etiam
851 2654 1066 2711 intelliga-

222 2733 320 2768 tur:
338 2723 414 2768 sed
434 2722 578 2766 verius
591 2722 789 2765 alterum.
810 2721 870 2763 H.

275 2790 341 2831 51.
362 2790 485 2831 Nunc
504 2791 592 2830 tibi.
616 2786 774 2829 Malim
798 2788 912 2828 mibi.
936 2785 1067 2828 Nune

219 2851 327 2896 mihi
341 2851 452 2896 adsit
463 2851 689 2908 eloquium
703 2859 843 2894 tuum.
859 2850 1067 2893 H.—Ad-

219 2921 298 2970 sit,
319 2916 364 2960 id
384 2925 473 2972 est,
494 2917 793 2973 patrocinetur
821 2932 830 2958 :
856 2930 960 2957 nam
984 2916 1067 2956 ad-

216 2995 308 3024 esse
323 2979 408 3024 reis
429 2980 624 3024 advocati
648 2979 867 3023 dicuntur.

272 3047 338 3088 52.
373 3046 564 3100 Trepidis·
589 3049 706 3088 viris.
735 3045 851 3100 Lege
883 3047 988 3094 reis,
1015 3058 1067 3085 ex

218 3109 435 3152 veteribus
458 3109 587 3152 libris.
614 3108 745 3152 Clor.

275 3173 343 3216 56.
363 3175 459 3218 Non
477 3181 545 3216 est
561 3173 758 3228 confessi.
782 3173 972 3217 Causam
988 3173 1067 3216 ad-

217 3239 358 3295 signat
375 3270 388 3292 ,
415 3253 598 3281 curnon
619 3246 759 3280 tentet
779 3254 823 3280 se
839 3253 863 3280 3
884 3237 1068 3281 Messal-

217 3301 310 3347 lino
327 3301 532 3355 defendi,
550 3310 600 3344 ut
613 3318 663 3344 ex
680 3317 732 3344 eo
747 3301 902 3358 probet
917 3317 960 3344 se
975 3316 1069 3344 non

221 3369 278 3412 ob
313 3384 411 3412 eam
445 3383 618 3412 causam
648 3367 847 3410 venerari
880 3366 1068 3411 hominis

222 3436 632 3492 linguam—Causa
642 3435 907 3490 relconse'tssi.
925 3434 1068 3479 Causa

1145 2150 1244 2178 mea
1261 2167 1272 2189 ,
1299 2150 1431 2191 quam
1454 2133 1676 2177 consessus
1694 2149 1791 2177 sum
1811 2149 1902 2181 esse
1924 2135 1994 2178 in-

1146 2200 1334 2243 firmam.

1204 2269 1228 2307 5
1234 2282 1253 2320 7
1260 2296 1269 2305 .
1279 2266 1448 2305 Error-125
1458 2267 1617 2318 or1251'ne
1616 2261 1798 2317 sactum.
1809 2264 1997 2319 Imagine-

1150 2326 1312 2370 rectius
1327 2326 1455 2369 multi
1470 2342 1481 2370 :
1498 2327 1557 2369 sic
1574 2326 1644 2368 lib.
1659 2327 1726 2369 ΙΙΙ
1736 2358 1747 2380 ,
1775 2326 1894 2383 Eleg.
1908 2341 1964 2369 111
1978 2360 1992 2380 ‚

1147 2408 1206 2433 vs.
1222 2394 1271 2448 75
1287 2407 1297 2434 ε
1311 2409 1331 2428 «
1346 2391 1418 2434 Tu
1431 2391 1529 2434 licet
1541 2390 1701 2433 erroris
1709 2391 1789 2434 sub
1802 2390 1991 2447 imagine

1146 2456 1315 2499 crimen
1335 2455 1581 2498 obumbres.
1598 2474 1620 2493 »
1643 2456 1808 2499 Hnms.

1201 2520 1266 2562 58.
1291 2521 1395 2563 Tale
1412 2536 1585 2563 monere.
1597 2521 1764 2563 Movere
1779 2537 1881 2564 cum
1900 2538 1994 2566 me·

1145 2585 1324 2629 lioribus
1341 2584 1570 2642 plerisque.
1700 2614 1708 2637 .

1202 2652 1266 2709 59.
1288 2652 1480 2693 Vultu-nl:
1495 2654 1548 2692 id
1557 2666 1688 2704 genus
1703 2657 1778 2693 est.
1803 2650 1992 2695 Causam

1147 2713 1341 2770 adsignat
1357 2747 1370 2769 ,
1392 2730 1474 2757 cur
1486 2713 1602 2757 inter
1615 2715 1907 2758 excusandum
1920 2732 1996 2758 er-

1147 2779 1257 2822 roris
1271 2779 1546 2822 mentionem
1561 2779 1656 2822 fieri
1674 2796 1764 2823 nou
1781 2781 1884 2823 utile
1902 2796 1992 2824 esse

1147 2842 1314 2887 innuat.
1330 2843 1535 2899 Adpetlat
1547 2852 1694 2888 autem
1704 2846 1870 2888 crimen
1884 2878 1895 2899 ,
1906 2861 1994 2902 quo

1147 2909 1398 2964 Augustum
1419 2909 1523 2952 laesit
1537 2942 1549 2964 ,
1575 2914 1747 2962 vulnus,
1770 2910 1902 2967 idque
1922 2912 1995 2954 in-

1147 2975 1337 3019 sanabile
1359 2991 1447 3018 esse
1469 2975 1584 3019 dicit.

1198 3043 1267 3085 60.
1295 3044 1443 3084 Tutius
1464 3057 1557 3084 esse
1575 3049 1695 3096 puto.
1721 3044 1867 3085 Putem
1890 3058 1994 3085 cum

1151 3105 1387 3149 Hasnieusi
1406 3122 1415 3148 :
1432 3122 1619 3162 sequens
1639 3105 1855 3149 distichon
1878 3123 1995 3151 non-

1148 3171 1255 3213 nihil
1269 3179 1333 3213 est
1350 3180 1610 3226 suspectum.
1638 3171 1804 3215 HEIKS.

1202 3236 1268 3278 62.
1278 3237 1399 3279 Meos
1413 3240 1579 3279 cineres.
1595 3235 1733 3291 Quasi
1745 3236 1872 3290 dicat,
1883 3237 1993 3281 velle

1148 3316 1269 3358 posse
1282 3300 1412 3344 celari
1427 3301 1592 3344 cineres
1605 3316 1704 3344 suos
1716 3333 1728 3353 ,
1743 3310 1791 3344 ut
1804 3302 1897 3356 eius
1911 3303 1995 3346 cri—

1148 3383 1253 3410 men
1276 3367 1407 3410 etiam
1427 3383 1529 3410 cum
1547 3367 1628 3410 illis
1646 3367 1787 3411 lateat.
1816 3419 1819 3421 Α

1203 3434 1268 3486 64.
1293 3435 1434 3488 Quasi
1447 3449 1510 3476 me
1533 3435 1675 3477 nullus
1697 3436 1900 3490 deceperit
1919 3452 1995 3476 er—
