2280 3776
454 268 899 326 TRISTIUM
948 270 1106 324 LIB.
1146 271 1236 325 11.
1278 270 1400 326 EL.
1454 270 1754 328 UNICA.
1914 276 1987 350 95

309 383 647 469 Supplicium
682 387 891 471 patitur
918 409 1033 447 non
1061 410 1201 448 nova
1230 387 1389 472 culpa
1416 413 1634 451 novum.

1910 408 1993 466 540

232 477 590 565 Carminaque
621 482 921 556 edideram,
953 507 1123 566 quum
1158 497 1209 544 te
1238 483 1435 547 delicta
1459 501 1738 547 notantem

310 577 557 642 Praeterii,
582 578 741 639 toties
767 579 887 660 jure
919 579 1137 662 quietus
1167 602 1348 664 eques.

230 673 406 753 Ergo,
438 697 555 757 quae
580 673 762 756 juveni
790 673 926 734 mihi
944 698 1069 736 ‘non
1098 678 1347 744 nocitura
1375 681 1565 762 putavi

310 769 522 854 Scripta
549 793 739 853 parum
768 770 1011 853 prudens
1028 817 1043 843 ‚
1077 796 1226 832 nunc
1251 797 1487 835 nocuere
1513 775 1673 837 seni?

230 864 356 925 Sera
384 864 706 926 redundavit
733 866 928 927 veteris
957 866 1195 927 vindicta
1222 865 1425 938 libelli;

1908 886 1989 940 ⁵45

310 962 493 1023 Distat
517 977 571 1023 et
600 987 629 1024 a
657 963 836 1025 meriti
868 978 1110 1048 tempore
1139 988 1303 1048 poena
1328 965 1433 1026 sui.

228 1059 310 1120 Ne
343 1073 522 1121 tamen
551 1084 711 1121 omne
740 1084 921 1122 meum
947 1061 1132 1124 credas
1160 1085 1301 1145 opus
1329 1084 1448 1123 esse
1470 1062 1790 1137 remissum3

307 1155 460 1239 Saepe
490 1156 614 1217 dedi
645 1171 845 1231 nostrae
875 1157 1101 1236 grandia
1129 1156 1243 1219 vela
1274 1157 1396 1217 rati.

227 1253 332 1315 Sex
362 1276 463 1332 ego
493 1256 792 1318 Fastorum
811 1254 1006 1338 scripsi
1037 1254 1374 1338 totidemque
1401 1252 1646 1325 libellos;

308 1349 555 1434 Cumque
587 1374 689 1412 suo
719 1349 883 1428 finem
912 1374 1097 1414 mense
1130 1350 1385 1412 volumen
1411 1350 1582 1411 habet
1606 1376 1618 1412 :
1917 1370 1997 1411 550

228 1441 403 1527 quue
435 1459 531 1506 tuo
558 1469 735 1529 nuper
763 1446 1030 1530 scriptum
1061 1444 1165 1507 sub
1196 1446 1415 1508 nomine
1434 1493 1450 1519 ‚
1484 1446 1691 1518 Caesar,

308 1541 383 1601 Et
410 1541 513 1602 tibi
542 1555 809 1604 sacratum
839 1565 960 1603 sors
985 1565 1104 1603 mea
1131 1542 1283 1626 rupit
1312 1566 1487 1627 opus:

228 1635 303 1695 Et
329 1636 579 1717 dedimus
606 1638 828 1717 tragicis
853 1638 1119 1723 scriptum
1145 1637 1323 1718 regale
1353 1637 1668 1710 cothurnis;

310 1733 562 1818 Quaeque
597 1736 777 1814 gravis
807 1734 972 1797 debet
999 1736 1161 1797 verba
1193 1735 1497 1796 cothurnus
1525 1734 1724 1795 habet:

227 1829 499 1913 Dictaque
529 1846 660 1891 sunt
688 1830 855 1891 nobis
873 1878 888 1903 ‚
922 1832 1170 1914 quamvis
1195 1856 1393 1893 manus
1420 1831 1614 1896 ultima
1630 1846 1813 1915 coepto
1920 1849 1998 1892 555

307 1925 530 2006 Defuit,
562 1928 616 1987 in
646 1926 810 1988 facies
839 1951 1073 2011 corpora
1101 1952 1254 1990 versa
1283 1920 1472 1990 novas.

226 2023 410 2107 Atque
437 2022 644 2086 utinam
674 2047 897 2086 revoces
925 2024 1167 2087 animum
1196 2025 1477 2111 paulisper
1498 2025 1567 2087 ab
1599 2026 1677 2087 ira
1694 2073 1710 2099 ‚

305 2123 380 2182 Et
407 2143 582 2182 vacuo
608 2120 799 2203 jubeas
827 2121 957 2183 hinc
988 2121 1090 2183 tibi
1120 2146 1293 2207 pauca
1323 2123 1431 2204 legi
1459 2127 1473 2185 !

226 2217 434 2291 Pauca,
460 2218 664 2302 quibus
693 2218 879 2302 prima.
897 2242 1127 2298 surgens
1155 2221 1223 2282 ab
1252 2221 1466 2301 origine
1494 2221 1717 2293 mundi,

305 2316 374 2378 In
402 2329 496 2376 tua
523 2314 728 2376 deduxi
760 2329 1007 2399 tempora
1024 2362 1039 2386 ,
1066 2317 1279 2390 Caesar‚
1313 2341 1488 2401 opus:

226 2409 516 2493 Adspicias
534 2457 549 2484 ,
579 2425 843 2494 quantum
874 2411 1088 2472 dederis
1115 2412 1250 2472 mihi
1279 2413 1521 2497 pectoris
1551 2412 1704 2496 ipse,

307 2507 550 2589 Quoque
575 2505 759 2566 favore
795 2506 963 2566 animi
989 2520 1152 2589 teque
1178 2523 1414 2593 tuosque
1444 2532 1647 2570 canam.

281 2669 373 2723 542.
395 2669 640 2724 Irrequoetus
655 2682 789 2724 eques.
810 2667 891 2709 Ille
907 2669 1071 2722 quietus

227 2732 511 2778 emendatum
535 2732 679 2789 Lipsio
704 2731 757 2775 de
783 2731 942 2774 Militia
968 2731 1071 2774 Ro-

227 2815 356 2843 mana
371 2832 384 2854 ‚
399 2797 469 2842 lib.
487 2800 531 2853 1,
553 2814 642 2854 cap,
657 2800 680 2840 5
694 2815 704 2848 ς
720 2795 795 2840 sed
808 2812 969 2853 repone
971 2796 1073 2851 jure

227 2869 385 2921 quietus
404 2882 455 2909 ex
474 2865 611 2909 tribus
628 2862 826 2920 antiquis.
849 2863 979 2906 Multi
1001 2862 1072 2906 alii

229 2934 486 2988 are-equiem&
502 2930 694 2989 proxime
716 2944 883 2972 verum.
898 2928 958 2972 H.

285 2996 375 3050 546.
389 2997 541 3039 Dism
553 3003 596 3038 et
611 3012 639 3037 a
653 2998 1072 3048 mereritemporepoe-

229 3075 288 3102 na
305 3062 385 3101 sui.
405 3059 460 3102 In
478 3058 623 3102 multis
641 3062 823 3101 admissi
835 3061 914 3100 sui.
929 3057 988 3100 H.

286 3127 375 3182 547.
410 3125 520 3169 Esse
550 3131 773 3169 remissum.
805 3125 910 3168 Esse
942 3125 1073 3180 abje-

229 3198 346 3231 ctum
363 3221 375 3243 ,
396 3188 559 3232 humile
573 3221 585 3243 ,
607 3197 650 3232 et
670 3189 872 3232 lascivum
886 3220 897 3242 ,
920 3188 989 3231 vel
1006 3204 1074 3231 re-

229 3258 398 3298 melrsum
413 3287 422 3303 ‚
452 3253 569 3296 idem
591 3253 707 3310 quod
731 3253 934 3296 solutum.

284 3321 377 3363 551.
399 3320 527 3375 quue
548 3328 618 3361 luo
637 3334 775 3373 nuper.
797 3316 982 3361 Ovidius
1002 3334 1076 3361 re-

228 3385 392 3443 legatus
421 3385 466 3429 in
497 3386 692 3430 Pontum
707 3417 723 3444 ,
753 3384 982 3428 Fastorum
1019 3383 1070 3427 li-

1149 2659 1250 2703 bros
1264 2693 1276 2715 ‚
1309 2661 1523 2718 plerisque
1552 2659 1707 2704 additis
1727 2674 1775 2703 ac
1793 2660 1969 2704 mutatis
1984 2695 1997 2714 ‚

1151 2725 1416 2771 Germanico
1431 2727 1582 2781 Drusi,
1596 2725 1779 2784 privigni
1796 2726 1996 2783 Augusti,

1150 2791 1240 2835 filio
1267 2793 1504 2850 inscripsit,
1540 2801 1589 2835 ut
1614 2792 1706 2848 ejus
1726 2791 1922 2847 precibus
1947 2791 1998 2834 ab

1152 2857 1350 2914 Augusto
1363 2856 1552 2900 reditum
1568 2857 1843 2912 impetraret:
1860 2871 1999 2912 quum

1151 2937 1225 2964 eos
1255 2929 1382 2964 antea
1409 2921 1607 2979 Augusto
1633 2920 1842 2973 dicasset,
1869 2927 1919 2962 ut
1947 2933 2000 2962 ex

1151 2986 1232 3031 hoc
1251 2986 1442 3030 carmine
1460 2986 1621 3044 percipi
1639 2994 1794 3041 potest.

1209 3054 1301 3096 553.
1321 3054 1382 3095 E!
1396 3055 1583 3095 dedimus
1602 3055 1775 3106 tragicis
1791 3059 1870 3094 etc.
1883 3048 2000 3093 Tra—

1154 3117 1338 3175 goediam
1362 3117 1569 3160 Medeam
1600 3116 1734 3166 dicit;
1766 3112 1997 3156 ostendere

1153 3183 1351 3236 videtur,
1377 3190 1589 3237 quantum
1614 3180 1680 3221 vir
1701 3178 1771 3221 ille
1795 3187 1998 3234 praestare

1155 3245 1370 3303 potuerit,
1392 3245 1425 3287 si
1442 3244 1616 3300 ingenio
1630 3258 1709 3287 suo
1727 3251 1969 3298 temperare
1980 3273 1994 3296 ,

1156 3327 1286 3369 quam
1304 3308 1529 3365 indulgere
1546 3308 1777 3353 maluisset.

1211 3378 1302 3421 561.
1330 3377 1578 3431 Admoti-eres
1601 3385 1798 3431 quantum
1825 3376 1999 3418 deda-alr.
