2280 3776
471 259 584 315 EX
624 257 921 314 PONTO
961 258 1126 313 LIB.
1170 258 1297 313 111.
1340 259 1619 316 EPIST.
1664 263 1753 316 11.

1887 264 1995 320 385

229 376 471 439 Sacrifici
501 400 672 457 genus
697 391 814 449 est,
846 377 924 436 sic
953 376 1240 437 instituere
1268 377 1509 460 priores,

309 472 534 534 Advena
559 471 804 550 virgineo
835 494 1003 531 caesus
1030 485 1095 530 ut
1122 494 1248 531 ense
1278 472 1448 534 cadat.

229 574 425 651 Regna
452 570 638 631 Thoas
665 568 864 629 habuit
885 615 899 641 ,
926 568 1187 629 Maeotide
1214 568 1393 632 clarus
1418 572 1477 631 in
1506 596 1601 633 ora
1622 597 1653 633 :-

310 672 426 731 Nec
454 668 561 729 fuit
588 667 823 728 Euxinis
848 666 1036 727 notior
1059 665 1196 727 alter
1215 668 1391 750 aquis.
1947 688 2003 730 60

234 768 461 850 Sceptra
488 777 704 825 tenente
734 760 860 834 illo‘,
892 761 1129 846 liquidas
1156 762 1348 825 fecisse
1378 788 1476 848 per
1504 789 1662 827 auras

314 861 514 925 Nescio
547 885 710 944 quam
741 860 931 920 dicunt
956 858 1283 944 Iphigenian
1311 858 1447 933 iter;

234 959 419 1040 Quam
446 955 659 1017 levibus
690 955 865 1017 ventis
893 955 995 1017 sub
1022 955 1172 1016 nube
1198 979 1297 1039 per
1322 979 1543 1039 aequora
1570 970 1776 1017 vectam

316 1052 573 1116 Creditur
598 1052 687 1113 his
715 1052 924 1113 Phoebe
953 1051 1270 1135 deposuisse
1299 1052 1452 1115 locis.

234 1151 532 1212 Praefuerat
555 1148 760 1232 templo
788 1148 996 1209 multos
1027 1173 1088 1210 ea
1114 1150 1217 1209 rite
1243 1174 1340 1235 per
1368 1175 1568 1224 annos,
1953 1171 2021 1213 65Ν

314 1249 492 1310 Invita
519 1272 785 1331 peragens
814 1247 988 1308 tristia
1018 1271 1167 1307 sacra
1192 1272 1390 1320 manu3

237 1348 429 1428 Quum
459 1347 571 1407 duo
601 1345 818 1407 velifera
843 1348 1068 1426 juvenes
1092 1369 1284 1405 venere
1315 1347 1495 1407 carina
1517 1396 1532 1421 ,

318 1446 752 1526 Presseruntque
782 1465 883 1502 suo
916 1441 1075 1502 litora
1103 1449 1290 1503 nostra
1319 1444 1473 1526 pede.

239 1542 348 1604 Par
368 1540 475 1601 fuit
501 1540 590 1600 his
617 1552 746 1599 aetas
767 1585 782 1611 ‚
813 1553 868 1598 et
893 1561 1049 1598 amor
1077 1562 1089 1598 :
1124 1530 1361 1620 quorum
1389 1539 1527 1601 alter
1558 1541 1786 1604 Orestes
1803 1590 1817 1614 ,

322 1637 480 1699 Alter
507 1652 622 1697 erat
647 1635 879 1719 Pylades
908 1659 919 1694 :
949 1634 1172 1694 nomina
1199 1634 1339 1695 sama
1370 1650 1532 1698 tenet.

242 1736 507 1797 Protinus
536 1733 800 1794 immitem
833 1731 1031 1791 Triviae
1061 1730 1341 1792 ducuntur
1366 1733 1434 1793 ad
1461 1759 1635 1809 aram,

322 1830 543 1891 Evincti
572 1828 814 1909 geminas
839 1826 908 1887 ad
937 1850 1033 1887 sua
1063 1840 1211 1915 terga
1242 1851 1452 1889 manuS.

243 1926 468 2012 Spargit
492 1948 634 2007 aqua
657 1938 848 2006 captos
876 1920 1091 1982 lustrali
1125 1922 1287 1982 Graia
1310 1925 1566 1986 sacerdos
1581 1972 1597 1998 ,

322 2020 550 2084 Ambiat
577 2034 641 2079 ut
666 2018 841 2079 fulvas
869 2016 1043 2077 infula
1071 2015 1237 2096 longa
1267 2042 1465 2080 comas.

241 2159 483 2218 eligebatur
502 2156 659 2200 Dianoe
681 2155 882 2200 sacerdos
899 2156 946 2199 in
966 2155 1090 2199 Tau-

242 2227 331 2271 rica
347 2224 542 2283 regione.

299 2293 364 2346 57.
387 2290 458 2333 Sic
475 2288 685 2333 instituere
695 2293 906 2346 parentes,
925 2289 1091 2330 Priores

246 2354 377 2400 Polit.
399 2362 444 2398 et
463 2351 592 2396 multi
620 2350 717 2404 alii;
746 2349 864 2406 quod
890 2350 1023 2393 etiam
1043 2350 1089 2394 in

245 2422 332 2467 suis
351 2420 595 2477 Naugerius
622 2417 791 2460 invenit
805 2449 818 2471 ,
857 2424 901 2459 et
923 2415 1092 2459 Pierius

249 2485 508 2530 Valerianus
520 2484 574 2527 ad
585 2482 658 2526 lib.
671 2483 694 2526 Ι
706 2481 811 2524 AEn.
826 2480 1010 2537 Virgilii.
1030 2481 1092 2524 H.

303 2553 370 2596 58.
391 2553 507 2595 Ense
525 2549 720 2604 virgineo.
742 2545 899 2590 Cultro
915 2546 1092 2603 virginis

249 2616 497 2662 sacerdotis.

305 2686 370 2743 59.
389 2685 542 2726 Thoas.
555 2680 643 2725 Adi
654 2678 902 2735 Eurip.fab.
918 2693 983 2731 10,
998 2678 1094 2720 Cur-

249 2766 322 2796 sus
340 2751 527 2792 Thoanti
525 2745 641 2801 fecit
648 2748 729 2789 boc
746 2760 891 2788 nomen
902 2746 1065 2799 pedum.

302 2814 351 2856 fu
360 2846 370 2857 .
388 2813 472 2855 Per
484 2812 671 2867 liquidas
680 2824 817 2852 auras.
832 2808 920 2851 Per
931 2822 1094 2863 purum

251 2892 364 2921 aera.
377 2876 492 2920 Nota
505 2883 571 2918 est
581 2873 724 2917 fabula
740 2905 752 2927 ,
772 2880 968 2929 ereptam
982 2871 1095 2928 Iphi-

251 2937 424 3000 geniam
445 2941 602 2985 Dianae
624 2937 978 2991 sacrificandam;
1001 2948 1046 2982 et
1071 2954 1096 2981 a

250 3006 350 3051 Dea
369 3006 558 3051 delatam
577 3022 655 3063 per
675 3021 775 3048 aera
794 3004 840 3047 in
860 3003 1095 3047 Tauricam

252 3070 480 3128 regionem
494 3103 506 3125 ,
533 3086 794 3126 cervamque
814 3084 895 3125 pro
921 3085 972 3112 ea
991 3064 1097 3112 sub·
1123 3105 1129 3111 .

251 3135 437 3192 positam
449 3167 462 3188 ,
485 3143 536 3178 ut
549 3134 884 3190 Serviusgdocet.

306 3199 373 3262 63.
402 3201 484 3241 Per
506 3214 607 3254 aera
634 3205 808 3241 vectam.
831 3201 916 3241 Per
935 3213 1098 3254 equora

253 3263 401 3321 scripti
430 3262 525 3306 fere
555 3278 742 3316 omnes;
772 3278 877 3309 nam
911 3261 965 3307 de
998 3278 1095 3308 aere

257 3331 347 3387 jam
368 3329 545 3373 dixerat.
575 3330 743 3372 HEINS.

311 3394 380 3448 64.
399 3395 564 3436 Phoebe.
589 3392 742 3437 Diana.

469 3469 621 3529 VII.

1181 2199 1186 2203 ,
1227 2155 1294 2200 65.
1316 2156 1638 2212 Pmsuemtetc.
1663 2158 1898 2216 Praeposita
1918 2159 2018 2204 sue-

1172 2228 1240 2263 rat
1270 2220 1494 2277 Iphigenia
1530 2222 1694 2278 templo
1728 2223 1788 2266 illi
1817 2225 2016 2268 Taurica

1172 2284 1342 2328 Dianae.
1973 2289 1978 2295 ’

1226 2348 1293 2391 56.
1326 2350 1466 2392 lama
1494 2365 1631 2392 manu.
1660 2352 1750 2393 Nec
1767 2355 1964 2406 placent.
1979 2387 1989 2396 .
2007 2387 2017 2397 .

1172 2415 1299 2462 Foct‘,
1339 2429 1482 2456 cruore
1517 2414 1754 2469 diffluentes
1779 2419 2011 2472 hospitum,

1172 2497 1224 2523 ex
1246 2481 1397 2536 Eurip.
1413 2480 1498 2524 sab.
1521 2498 1584 2525 ιο.

1230 2563 1293 2604 72·
1324 2548 1499 2590 Evincti
1523 2552 1725 2602 geminas.
1759 2548 1867 2593 Erat
1897 2552 2018 2595 enim

1173 2611 1475 2666 consuetudo,
1506 2622 1558 2656 ut
1590 2615 1672 2658 aris
1702 2614 1906 2661 destinati
1935 2618 2018 2661 ho-

1173 2677 1316 2721 mines
1335 2677 1585 2735 ligarentur.

1231 2742 1294 2798 73.
1312 2743 1479 2796 Sparsit
1485 2759 1610 2800 aqua.
1625 2746 1794 2802 Spargit
1803 2747 2020 2792 meliores.

1174 2808 1390 2862 —Sparsit
1404 2817 1552 2863 captos
1567 2813 1740 2854 lustrali
1750 2820 1831 2856 etc.
1851 2814 2023 2857 Lustra·

1174 2872 1263 2916 lem
1277 2889 1435 2929 aquam
1449 2874 1665 2932 intelligit,
1679 2893 1776 2933 quae
1787 2877 2020 2924 lustrandis

1177 2953 1226 2981 ac
1253 2938 1489 2996 purgandis
1519 2939 1668 2984 hostiis
1699 2941 1986 2988 adhibebatur
2003 2964 2020 2999 ;

1176 3020 1269 3047 non
1286 3004 1449 3048 molam
1463 3020 1629 3061 :neque
1644 3007 1765 3050 enim
1779 3009 1894 3052 mola
1910 3026 2019 3066 aqua

1175 3068 1422 3122 constabat,
1449 3068 1526 3112 sed
1542 3068 1710 3113 hordeo
1731 3079 1776 3114 et
1790 3072 1876 3115 sale
1897 3088 2021 3130 :quae

1178 3143 1412 3190 antequam
1431 3133 1580 3177 hostiae
1601 3135 1926 3192 jugularentur,
1945 3155 2021 3181 as-

1177 3198 1299 3256 pergi
1311 3197 1391 3241 illis
1405 3207 1533 3255 atque
1553 3199 1707 3242 offerri
1727 3200 1933 3246 solebant.
1955 3205 2021 3248 M.

1236 3265 1300 3321 74.
1340 3265 1399 3306 [st
1430 3264 1571 3319 infula
1600 3268 1727 3321 longa
1754 3271 1925 3312 ambiat.
1955 3271 2021 3313 Ut

1179 3329 1317 3372 infula
1339 3330 1592 3394 circumdet.
1613 3331 1722 3376 Erat
1740 3335 1859 3377 enirn
1881 3336 2020 3391 infida

1179 3395 1305 3438 fascia
1338 3395 1382 3437 in
1414 3395 1596 3448 modum
1628 3396 1912 3455 diadematis,
1934 3410 2021 3445 eta

1652 3476 1724 3531 25
