2280 3776
250 297 357 366 440

713 302 776 353 Ρ.
826 300 1118 356 OVIDII
1162 301 1546 359 NASONIS

250 412 473 495 Spicula
502 437 624 473 cum
654 415 817 495 pictis
846 416 1051 476 haerent
1080 418 1138 476 in
1169 418 1374 480 casside
1404 420 1634 503 pennis;

331 511 572 592 Parsque
602 511 712 571 fere
743 513 884 573 scuti
913 512 1134 573 vulnere
1162 513 1310 574 nulla
1335 530 1502 577 vacat.

247 608 362 669 Nec
392 613 593 688 corpus
623 622 849 667 cunctos
879 608 1108 670 feliciter
1136 610 1331 689 effugit
1357 612 1529 685 ictus3

331 702 438 760 Sed
468 702 651 761 minor
679 717 763 762 est
793 703 901 763 acri
929 703 1106 765 laudis
1133 730 1316 768 amore
1348 707 1523 768 dolor.
1958 727 2015 783 4ο

248 797 397 857 Talis
427 798 571 880 apud
594 800 814 880 Trojam
842 802 1046 862 Danais
1077 827 1179 886 pro
1206 805 1438 864 navibus
1466 805 1610 886 Ajax

331 894 550 955 Dicitur
578 898 878 958 Hectoreas
909 900 1232 960 sustinuisse
1258 900 1419 962 faces.

248 994 329 1050 Ut
355 993 586 1075 propius
615 1010 836 1056 ventum
863 1011 975 1069 est,
1010 997 1404 1081 commissaque
1435 999 1654 1059 dextera
1688 999 1886 1059 dextrae
1904 1045 1920 1072 ,

331 1089 552 1170 Resque
575 1088 691 1149 fero
721 1091 904 1174 potuit
931 1092 1183 1152 cominus
1210 1117 1336 1153 ense
1365 1093 1478 1171 geri
1502 1117 1516 1164 ;

249 1181 447 1242 Dicere
478 1183 694 1243 difficile
722 1201 833 1257 est,
867 1186 1002 1268 quid
1029 1189 1182 1247 Mars
1213 1203 1344 1248 tuus
1370 1188 1541 1268 egerit
1564 1186 1708 1260 illic,
1963 1203 2017 1260 45

336 1280 601 1363 Quotque
629 1282 749 1342 neci
781 1284 1023 1356 dederiS,
1056 1309 1330 1368 quosque,
1363 1285 1676 1370 quibusque
1704 1284 1899 1345 modis.

252 1375 402 1433 Ense
428 1390 525 1435 tuo
555 1378 728 1438 factos
758 1379 1004 1440 calcabas
1037 1380 1212 1440 victor
1240 1404 1490 1453 acervos;

336 1475 715 1558 Impositoque
748 1478 912 1539 Getes
942 1478 1046 1539 sub
1073 1480 1210 1562 pede
1237 1479 1444 1540 multus
1472 1493 1600 1540 erat.

251 1570 470 1648 Pugnat
496 1574 564 1633 ad
592 1575 898 1658 exemplum
919 1577 1089 1636 Primi
1119 1578 1302 1638 minor
1331 1578 1520 1638 ordine
1545 1575 1682 1648 Pili;

338 1669 630 1755 Multaque
655 1672 761 1733 fert
788 1672 944 1734 miles
970 1674 1225 1747 vulnera,
1258 1675 1430 1736 multa
1455 1673 1600 1734 facit.
1969 1689 2023 1732 50

254 1768 363 1828 Sed
392 1783 605 1830 tantum
632 1771 804 1832 virtus
834 1771 970 1831 alios
1001 1787 1094 1830 tua
1120 1770 1362 1852 praeterit
1390 1793 1578 1831 omnes
1596 1816 1612 1843 ‚

336 1868 483 1927 Ante
515 1870 654 1928 citos
683 1883 950 1950 quantum
977 1869 1219 1948 Pegasus
1247 1868 1365 1927 ibat
1390 1891 1579 1950 equos.
1647 1906 1649 1909 ⁴

251 1962 512 2023 Vincitur
541 1965 817 2046 AEgypsos
848 1988 859 2021 :
891 1979 1194 2046 testataque
1226 1964 1527 2045 tempusin
1555 1987 1714 2023 omne

340 2057 484 2116 Sunt
513 2071 603 2117 tua
621 2105 635 2129 ‚
666 2056 901 2117 Vestalis
921 2104 935 2130 ‚
962 2058 1196 2118 carmine
1218 2057 1358 2118 facta
1386 2081 1524 2117 meo.

317 2201 382 2255 37.
414 2201 595 2254 Spicula.
621 2201 727 2244 Tela
742 2233 754 2254 ,
785 2210 830 2244 et
861 2202 1036 2257 sagittae.
1050 2226 1105 2234 —

265 2269 669 2322 Cumpenntlrpaelir.
685 2266 802 2310 Cum
818 2268 974 2323 pennis
984 2269 1106 2324 sagit-

261 2341 407 2376 tarum
421 2331 791 2388 puniceis.Solent
799 2331 916 2374 enim
930 2349 1103 2389 pennae,

262 2414 357 2453 quae
374 2396 533 2453 sagittis
547 2405 859 2451 annectuntur,
875 2395 1018 2454 aliquo
1031 2414 1108 2442 co-

261 2462 353 2505 lore
368 2461 509 2515 infici,
524 2470 572 2504 ut
583 2461 815 2505 videantur
827 2462 1106 2518 pulchriores.

314 2525 378 2567 38.
390 2527 436 2568 V
427 2526 758 2581 acatvulaere.Q
766 2524 1107 2569 uemadmodum

267 2589 320 2632 de
341 2588 487 2632 Scaeva
503 2587 576 2630 illo
597 2588 845 2632 Caesariano
859 2589 1052 2647 legimus.

320 2658 386 2710 41.
405 2658 522 2698 Talis
536 2658 654 2710 apud
668 2655 850 2712 Trojam.
867 2656 1034 2699 Notum
1045 2665 1109 2700 est

264 2736 396 2763 naves
414 2719 670 2764 Graecorum
686 2719 883 2763 defensas
907 2719 1032 2764 fuisse
1054 2721 1108 2764 ab

272 2785 405 2839 Aiace
439 2794 590 2828 contra
620 2785 836 2839 Troianos
854 2818 865 2838 ,
891 2785 964 2841 qui
998 2785 1108 2829 duce

267 2851 461 2893 Hectore
487 2850 635 2907 ignem
667 2850 912 2893 adtulerant
928 2883 939 2901 ‚
969 2859 1017 2893 ut
1039 2867 1109 2893 eas

270 2924 528 2959 cremarent.
550 2914 703 2970 Qualis
719 2931 823 2971 ergo
837 2913 978 2958 fuerat
996 2914 1043 2957 in
1058 2932 1109 2958 ea

270 2995 415 3035 pugna
429 2980 538 3034 Ajax
551 3011 563 3033 ,
580 2978 712 3021 talem
732 2979 851 3021 enirn
875 2979 1000 3022 fuisse
1017 2981 1112 3022 Ve-

271 3044 424 3085 stalem
454 3059 533 3086 con
541 3052 605 3085 tra
635 3042 768 3085 Getas
800 3042 1042 3099 profitetur.
1057 3067 1111 3076 -—

278 3111 309 3150 2
311 3111 399 3151 'alis
411 3111 528 3164 apud
543 3111 584 3150 T
577 3109 710 3163 rojam
724 3109 892 3151 Danais
900 3125 978 3163 pro
990 3113 1112 3152 navi-

275 3175 351 3213 bus
364 3173 495 3227 Ajasc.
511 3172 629 3217 Iliad.
646 3182 678 3216 O
695 3189 704 3214 :
722 3190 742 3210 «
761 3173 814 3215 In
830 3173 1006 3216 Danaos
1022 3175 1111 3217 He·

276 3244 366 3279 ctor
389 3236 477 3280 fert
502 3236 586 3280 tela
602 3270 614 3291 ,
650 3237 848 3295 facesque
871 3238 1076 3296 Deosque
1098 3256 1110 3292 ;

1187 2200 1385 2257 Protegit
1406 2209 1470 2244 ast
1492 2199 1602 2256 Aiax
1622 2208 1796 2256 pectore
1818 2199 1937 2243 mille
1956 2217 2029 2243 ra-

1187 2274 1263 2308 tes.
1279 2283 1300 2302 »
1315 2266 1374 2309 Et
1385 2264 1431 2307 in
1445 2262 1636 2321 Tragicis
1650 2280 1715 2320 ap.
1728 2264 1863 2307 Seriv.
1879 2282 1900 2301 «
1914 2264 2029 2307 Nam

1185 2329 1351 2373 facinus
1361 2327 1465 2372 feeit
1476 2328 1711 2371 maximum
1725 2360 1736 2383 ‚
1752 2344 1852 2372 cum
1866 2328 2030 2372 Danais
2084 2374 2087 2377 K

1188 2392 1495 2436 inclinantibus
1515 2408 1732 2435 summam
1757 2409 1852 2436 rem
1873 2393 2029 2450 perfe-

1189 2459 1247 2502 cit
1258 2474 1414 2501 manus
1433 2474 1443 2501 z
1464 2457 1661 2514 praelium
1674 2458 1886 2514 restituit,
1900 2474 2030 2502 naves

1188 2523 1385 2577 servavit.
1408 2540 1431 2560 »

1245 2593 1310 2650 49.
1338 2592 1490 2634 ,Milton
1514 2588 1731 2634 Centurio
1747 2590 1820 2646 qui
1841 2598 1933 2633 erat
1951 2591 2029 2633 sub

1190 2654 1429 2713 primipilo:
1440 2654 1485 2698 id
1498 2664 1562 2699 est
1575 2688 1587 2708 ,
1601 2656 1680 2698 sub
1695 2655 1866 2698 Vestale
1884 2655 2030 2698 mino-

1189 2722 1249 2765 ris
1265 2720 1719 2777 dignitatis—Pugnat
1731 2721 1794 2762 ad
1801 2722 2030 2773 exemplum

1183 2788 1399 2841 primipili.
1420 2784 1624 2828 Videndo
1644 2782 1909 2840 primipilum
1930 2782 2031 2825 acri-

1192 2856 1259 2891 ter
1283 2849 1329 2891 in
1349 2848 1489 2905 prima
1511 2847 1599 2891 acie
1621 2861 1812 2902 pugnare
1833 2852 1844 2898 ‚'
1872 2854 1915 2888 et
1942 2845 2029 2901 ipse
2108 2897 2111 2902 η

1191 2928 1295 2955 eum
1326 2911 1602 2965 imitabatur,
1638 2909 1874 2966 pugnando
1898 2908 2031 2951 etiam

1191 2976 1374 3020 fortiter.

1247 3043 1311 3084 53.
1350 3043 1540 3083 Vincitur
1561 3042 1779 3096 AEgypsos.
1811 3037 1930 3082 Urbs
1961 3037 2031 3080 illa

1191 3107 1370 3150 tandem
1389 3116 1463 3150 tua
1481 3106 1639 3149 virtute
1652 3137 1663 3159 ,
1687 3121 1713 3148 ο
1730 3104 1914 3148 Vestalis
1929 3136 1941 3159 ,
1960 3119 2032 3146 ca-

1191 3174 1319 3230 pitur.
1333 3197 1387 3206 --
1404 3175 1588 3216 Testata.
1613 3170 1886 3216 Testimonio
1906 3185 2028 3212 com-

1191 3240 1384 3297 probata.

959 3379 1349 3402 ὣ
