2280 3776
484 280 1132 337 TRISTIUM-LIB.
1180 279 1306 333 111.
1352 279 1601 334 ELEG.
1661 281 1730 333 V.

1897 298 1998 351 ¹¹9

231 401 380 463 Neve
405 400 691 462 hominum
721 397 947 460 reseram
971 396 1138 459 flexas
1168 396 1238 458 ad
1267 397 1455 458 mitius
1484 397 1623 470 iras,

311 498 551 558 Junonis
578 520 743 577 gener
768 509 885 569 est,
918 495 1013 578 qui
1043 494 1198 578 prius
1227 493 1402 556 hostis
1427 508 1556 556 erat.

231 593 487 678 Denique
504 641 519 668 ,
543 618 655 655 non
684 616 912 677 possum
936 590 1144 653 nullam
1174 614 1394 675 sperare
1424 589 1649 652 salutem
1667 635 1683 661 ‚

316 691 504 772 Quum
531 714 704 776 poenae
729 714 841 751 non
870 690 943 751 sit
971 713 1129 751 causa
1158 703 1381 751 cruenta
1408 711 1539 748 meae
1564 711 1576 747 z

230 789 359 849 Non
386 788 520 850 mihi
552 788 814 873 quaerenti
843 811 1069 872 pessum
1098 786 1227 848 dare
1257 802 1450 848 cuncta
1471 834 1486 859 ,
1516 784 1749 870 petitum
1949 796 2002 850 4⁵

315 885 620 948 Caesareum
649 900 810 970 caput
837 899 950 959 est,
985 883 1137 969 quod
1160 899 1325 967 caput
1353 883 1507 944 orbis
1535 897 1647 944 erat
1672 906 1684 940 ε

232 981 362 1042 Νοῐι
388 980 597 1065 aliquid
627 981 765 1055 dixi,
795 981 1139 1065 violentaque
1167 979 1355 1059 lingua
1383 978 1566 1039 locuta
1594 991 1704 1049 est3

313 1079 601 1164 Lapsaque
632 1094 762 1141 sunt
790 1079 963 1141 nimio
991 1078 1155 1142 verba
1182 1078 1410 1161 profana
1433 1100 1599 1136 mero.

234 1177 411 1238 Inscia
448 1178 597 1262 quod
628 1178 831 1239 crimen
860 1177 1116 1238 viderunt
1143 1175 1374 1247 lumina,
1407 1173 1648 1258 plector3

314 1271 712 1357 Peccatumque
741 1270 935 1334 oculos
963 1286 1046 1332 est
1066 1270 1324 1332 habuisse
1353 1292 1549 1330 meum.
1956 1278 2007 1318 ⁵0

234 1365 360 1428 Non
391 1366 848 1451 equidem’totam
878 1366 1091 1452 possim
1121 1364 1406 1427 defendere
1437 1362 1687 1447 culpam3

315 1461 425 1523 Sed
453 1477 666 1547 partem
693 1461 872 1524 nostri
901 1461 1145 1524 criminis
1171 1486 1324 1523 error
1348 1460 1531 1522 habet.

237 1557 377 1642 Spes
414 1558 585 1639 igitur
611 1573 886 1643 superest,
918 1559 1219 1630 facturum,
1250 1571 1315 1618 ut
1340 1554 1551 1617 molliat
1579 1554 1696 1637 ipse

318 1655 523 1717 Mutati
548 1679 766 1740 poenam
795 1654 1109 1717 conditione
1136 1653 1262 1716 loci.

240 1752 405 1820 Hune
431 1751 674 1825 utinam,
705 1750 869 1811 nitidi
895 1749 1040 1811 Solis
1070 1748 1438 1833 praenuntius,
1473 1760 1658 1807 ortum
1954 1755 2006 1798 55

240 1916 409 1951 emtum
443 1908 617 1964 Fertur,
657 1918 701 1953 et
722 1908 886 1967 ingenti
923 1908 1083 1952 solatus

238 1971 326 2016 fata
354 1971 574 2030 sepulcrm
597 1973 776 2017 Tradita
795 1973 964 2031 captivo
984 1989 1083 2030 spa·-

237 2040 390 2085 tiosior
417 2041 542 2086 India
565 2043 694 2086 Poro.
713 2059 734 2079 »ι
757 2040 892 2085 Vides
913 2042 1082 2086 Porum

240 2114 285 2149 et
297 2105 485 2150 Darium
506 2107 637 2151 etiam
652 2106 721 2150 hic
737 2104 958 2163 conjungi.
980 2104 1082 2148 Da—

239 2170 329 2214 rius
339 2170 500 2216 Graecis
514 2179 665 2236 Δαρεῖος
679 2174 866 2215 :Dareus
880 2170 925 2214 in
935 2178 1082 2214 veter-

242 2234 364 2280 rimis
383 2235 527 2280 Curtii
545 2237 675 2282 libris.
693 2236 861 2281 Hssms.

297 2304 362 2356 41.
379 2302 536 2346 Hes-as
544 2305 608 2347 ad
621 2306 761 2346 mitius
770 2307 869 2347 iras.
888 2303 1083 2346 Adanu·-

244 2371 336 2410 cius
353 2367 544 2424 quidam.
564 2369 731 2414 Hssms.

300 2433 367 2486 4²·
391 2433 573 2476 Junonis
593 2447 721 2489 gener
741 2438 818 2476 est.
844 2430 1085 2476 Herculem

248 2494 352 2550 dicit
361 2529 373 2551 ,
383 2496 458 2553 qui
466 2497 624 2540 Heben
638 2497 828 2540 Junonis
840 2496 973 2540 filiam
986 2511 1086 2539 uxo·

246 2577 342 2605 rem
357 2560 499 2617 duxit,
522 2569 572 2604 ut
591 2561 759 2605 Seneca
773 2560 819 2603 in
837 2561 991 2604 octav.
1006 2567 1086 2604 act.

246 2628 292 2681 1,
309 2643 348 2669 v.
364 2641 466 2681 210,
481 2642 530 2683 sq
552 2642 562 2669 :
579 2644 601 2664 α
622 2625 744 2669 Deus
763 2623 935 2668 Alcides
954 2624 1087 2682 possi-

246 2691 323 2735 det
342 2691 524 2744 Heben,
543 2691 637 2735 Nec
649 2691 679 2734 J
682 2690 940 2746 unonisjam
961 2690 1088 2734 timet

247 2756 331 2802 iras
344 2789 357 2812 ,
383 2755 524 2814 Cujus
543 2771 678 2814 gener
694 2764 783 2811 est,
808 2755 883 2812 qui
904 2754 986 2798 fuit
1006 2755 1088 2799 ho-

248 2822 334 2868 stis.
354 2840 375 2861 υ

295 2889 360 2942 45.
372 2888 654 2932 pessumdare.
671 2884 781 2931 cod.
797 2885 1095 2931 Serviidivisis

254 2951 427 2996 vocibus
445 2984 459 3008 ,
486 2967 655 3008 pessum
691 2954 794 2995 dare
809 2984 821 3003 ,
869 2951 1092 3008 quomodo

251 3023 370 3058 recte
385 3015 515 3060 scribi
535 3025 666 3072 puto;
682 3031 786 3059 nam
804 3024 854 3060 ut
871 3020 984 3059 abire
991 3032 1094 3072 pes-

252 3096 344 3124 sum
365 3112 378 3135 ,
401 3079 580 3135 Plauto,
599 3081 658 3125 ita
672 3084 957 3137 dare2pessum
976 3081 1093 3125 dici-

254 3154 353 3200 tur,
385 3153 435 3189 ut
456 3150 517 3189 ire
529 3149 694 3204 inficias
707 3179 719 3198 ‚
745 3155 790 3191 et
804 3146 972 3191 similia.
993 3147 1094 3190 Re-

253 3209 377 3267 spicit
394 3218 542 3255 autem
564 3211 633 3254 hic
650 3212 808 3256 Noster
826 3211 881 3255 ad
900 3211 1097 3267 conjura·

255 3275 398 3320 tiones
412 3309 423 3327 ,
451 3276 597 3333 quales
626 3276 834 3334 plurimas
859 3274 1021 3320 detexit
1051 3283 1098 3319 et

260 3341 472 3399 obpressit
505 3342 749 3399 Augustus,
779 3350 886 3387 teste
914 3340 1095 3386 Suetou.

261 3423 352 3465 cap.
378 3423 438 3467 ¹9·
460 3409 621 3453 Btmn.

1222 1911 1286 1952 5ο.
1299 1908 1385 1950 Est
1402 1909 1598 1950 habuisse
1609 1919 1734 1947 meos.
1755 1902 1894 1945 Aleum
1915 1898 1983 1943 alii
1999 1917 2010 1950 ς

1164 1972 1278 2031 quod
1288 1972 1531 2030 Naugerius
1542 1979 1586 2014 et
1600 1967 1808 2012 Ciosanus
1820 1981 2007 2023 sequun-

1159 2048 1237 2095 ,tur
1254 2055 1265 2094 3
1280 2046 1467 2095 quatuor
1487 2038 1601 2080 ma‘hi.
1615 2035 1781 2078 Huius.

1219 2103 1285 2148 53.
1312 2103 1414 2158 Spes
1426 2106 1551 2159 igitur
1560 2105 1753 2155 superest.
1768 2096 2007 2152 sucturum.

1161 2177 1209 2214 a!
1226 2170 1388 2212 molliat
1396 2171 1497 2222 epse.
1513 2166 1603 2210 Pro
1606 2164 1835 2221 sucturum,
1852 2168 1899 2204 u!
1910 2163 2010 2203 nol-

1162 2237 1253 2284 liat,
1275 2231 1528 2277 Hasniensis
1537 2263 1551 2284 ,
1564 2237 1616 2274 u!
1625 2236 1808 2272 nostram
1819 2227 1985 2268 molliat
1994 2237 2008 2264 .-

1166 2299 1437 2344 Combianus
1471 2312 1551 2355 pro
1586 2295 1753 2338 diversa
1787 2291 1971 2335 lectione
1994 2322 2006 2339 ,

1150 2363 1347 2420 sulatum
1359 2396 1371 2413 ,
1410 2370 1459 2405 ut
1484 2369 1529 2404 et
1547 2357 1724 2417 quidam
1754 2355 1845 2406 alii;
1883 2353 2012 2410 prim.

1167 2427 1508 2484 Palatfirtoruen.
1522 2423 1672 2468 Scribe
1686 2440 1697 2467 :
1715 2440 1737 2459 «
1756 2421 1867 2478 Spes
1880 2418 2011 2476 igitur

1162 2503 1379 2551 superest,
1395 2500 1444 2535 ut
1456 2489 1621 2535 molliat
1640 2490 1727 2546 ipse
1743 2519 1754 2541 ,
1777 2486 1979 2529 futurum
1992 2515 2004 2536 ,

1166 2557 1331 2602 Mutati
1363 2571 1539 2615 poenam
1575 2553 1826 2599 conditione
1869 2547 1962 2592 loci.
1989 2565 2011 2584 ιο

1167 2623 1355 2680 Vulgata
1367 2623 1578 2680 scriptura
1592 2634 1747 2678 pamm
1764 2616 1916 2660 Latina
1930 2622 2012 2666 est,

1122 2740 1125 2744 ,
1166 2688 1250 2732 nisi
1272 2703 1457 2745 reponas
1458 2686 1676 2743 facturum
1697 2692 1744 2726 ut
1762 2683 1927 2724 molliat
1946 2682 2014 2734 ''p-

1166 2770 1271 2798 sum.
1302 2753 1473 2798 Hnms.
1492 2774 1549 2784 ·-·
1583 2752 1782 2795 Carmina
1796 2747 1991 2803 fecerunt
2004 2775 2016 2794 ,

1168 2829 1217 2865 ut
1233 2829 1314 2865 etc.
1335 2819 1433 2864 vide
1455 2819 1588 2863 Trist.
1611 2818 1656 2861 II
1674 2849 1686 2871 ,
1709 2818 1747 2860 5.

1226 2888 1291 2930 55.
1305 2886 1401 2928 Hoc
1416 2887 1576 2927 utinam
1591 2915 1603 2937 ‚
1626 2884 1757 2925 nitidi
1771 2881 1883 2922 Solis
1902 2894 2019 2934 pre-

1170 2953 1340 2994 nuntius
1371 2957 1498 2993 ortus.
1527 2947 1721 2991 Carmen
1742 2942 2019 2987 mendosum.

1171 3017 1276 3059 Hoc
1295 3019 1456 3073 utinam
1485 3021 1674 3069 quatuor
1704 3007 1873 3065 scripti‚'
1905 3022 2021 3049 unus

1173 3083 1265 3125 Nos
1277 3095 1292 3132 ,·
1316 3079 1544 3124 Barberin.
1558 3086 1602 3122 et
1617 3073 1869 3121 narniensis
1882 3074 2020 3116 Hunc.

1175 3146 1341 3199 Scribe,
1359 3162 1381 3183 α
1400 3145 1535 3187 Hune
1547 3142 1737 3193 utinam,
1762 3137 1889 3182 nitidi
1909 3136 2024 3180 Solis

1174 3208 1461 3269 praenuntius,
1474 3216 1623 3251 ortum
1633 3204 1820 3249 Adferat
1837 3202 2024 3247 admisso

1176 3273 1356 3319 Lucifer
1370 3272 1490 3317 albus
1502 3287 1631 3329 equo.
1653 3289 1675 3307 ι»
1695 3271 1839 3313 Ortum
1860 3283 1942 3324 pro
1955 3265 2025 3308 die

1178 3340 1346 3384 oriente
1364 3338 1507 3395 posuit
1517 3370 1529 3392 ,
1546 3345 1622 3380 aut
1637 3333 1750 3379 Solis
1764 3341 1930 3385 exortu.
1942 3330 2030 3373 Ad-

1179 3405 1314 3464 posite
1332 3402 1501 3449 Seneca
1517 3401 1684 3458 OEdipo
1697 3432 1710 3456 ,
1730 3408 1812 3444 act.
1832 3399 1878 3442 ΙΙ
1891 3429 1903 3452 ,
1921 3409 2036 3439 vers.
