2280 3776
507 332 622 387 EX
663 330 961 385 PONTO
1001 331 1160 384 LIB.
1205 329 1319 385 IV.
1363 326 1637 383 EPIST.
1682 331 1755 383 X.

329 451 591 511 Securum
623 451 767 510 latus
796 450 902 509 hoc
934 472 1045 508 non
1078 463 1258 508 tamen
1287 472 1404 509 esse
1432 449 1636 509 sinunt.
1964 470 2017 510 30

251 547 357 608 llic
386 548 502 626 agri
532 547 808 608 infrendes
829 595 843 618 ‚
873 546 962 606 hic
995 544 1203 628 spicula
1231 545 1400 606 tincta
1430 546 1650 606 venenis
1676 570 1689 618 ;

331 643 447 703 Hic*
467 643 602 703 sreta
633 642 715 701 vel
748 641 918 725 pediti
948 641 1132 725 pervia
1160 641 1342 702 reddit
1369 642 1595 726 hyems:

249 740 358 811 Ut,
397 763 501 822 qua
531 762 714 799 remus
742 738 846 799 iter
873 736 1051 821 pulsis
1080 738 1246 798 modo
1276 738 1477 800 fecerat
1503 738 1667 799 undis
1685 785 1699 811 ,

330 834 520 896 Siccus
548 849 822 895 contemta
852 858 985 895 nave
1014 834 1192 894 viator
1219 849 1320 895 eat.

249 931 365 1012 Qui
395 931 624 992 veniunt
650 932 842 1005 istinc,
876 931 961 991 vix
992 955 1091 991 vos
1118 955 1176 991 ea
1208 931 1425 992 credere
1458 931 1688 992 dicunt:
1975 946 2028 988 35

327 1028 512 1108 Quam
540 1026 705 1088 miser
732 1041 841 1100 est,
875 1027 967 1108 qui
996 1026 1101 1086 sert
1129 1028 1400 1110 asperiora
1423 1027 1563 1088 fide!

251 1122 425 1183 Crede
455 1136 637 1182 tamen
665 1146 677 1181 :
702 1146 802 1182 nec
829 1135 880 1181 te
907 1145 1096 1182 causas
1125 1122 1335 1183 nescire
1357 1123 1622 1193 sinemu5‚
1701 1137 1713 1142 ”

297 1297 299 1301 v
326 1219 568 1279 Horrida
599 1218 955 1280 Sarmaticum
986 1243 1084 1279 cur
1109 1242 1255 1279 mare
1284 1220 1444 1280 duret
1468 1220 1675 1303 hyems

243 1314 503 1376 Proxima
532 1331 665 1376 sunt
689 1316 854 1377 nobis
877 1315 1112 1399 plaustri
1139 1316 1441 1400 praebentia
1471 1317 1702 1377 formam
1720 1362 1734 1386 ‚

326 1412 402 1472 Et
431 1435 551 1496 quae
578 1412 915 1496 praecipuum
944 1413 1120 1474 sidera
1147 1413 1323 1493 frigus
1352 1414 1575 1475 habent.
1970 1427 2025 1483 4⁰

244 1508 393 1572 Hinc
425 1509 601 1570 oritur
627 1510 861 1582 BoreaS‚
894 1533 1111 1593 oraeque
1143 1510 1477 1572 domesticus
1499 1510 1630 1571 huic
1658 1523 1767 1582 est,

326 1607 402 1665 Et
430 1605 596 1666 sumit
625 1607 765 1667 vires
796 1631 826 1667 a
853 1608 1119 1690 propiore
1150 1609 1290 1667 loco.

247 1701 325 1761 At
354 1703 561 1775 NotuS‚
595 1701 820 1764 adverso
849 1702 1096 1786 tepidum
1127 1703 1221 1785 qui
1255 1702 1428 1786 spirat
1455 1702 1523 1762 ab
1554 1726 1650 1763 axe
1670 1749 1684 1774 ‚

327 1799 433 1858 Est
458 1798 687 1881 procul,
721 1814 775 1860 et
803 1823 957 1860 rarus
986 1797 1408 1882 languidiorque
1436 1799 1599 1859 venit.

243 1896 405 1956 Adde
435 1897 584 1980 quod
611 1896 703 1956 hic
735 1896 918 1958 clauso
949 1897 1250 1958 miscentur
1274 1896 1498 1957 flumina
1526 1897 1739 1967 Pont0,
1969 1911 2022 1967 45

239 2033 404 2078 sestent
430 2033 632 2078 dextrum
663 2035 764 2079 litus
791 2034 962 2079 Pontici
995 2049 1092 2076 ma-

241 2100 300 2144 ris
314 2132 326 2155 ,
346 2115 439 2144 non
457 2109 605 2145 tamen
616 2101 871 2158 relinquunt
887 2101 1093 2145 intactam

244 2181 368 2210 oram
381 2166 681 2212 Tomitanam.

297 2231 366 2274 31.
393 2232 564 2286 Spicula
595 2240 707 2275 tecta
727 2236 911 2275 venenis.
942 2233 1093 2275 Tincta

242 2311 344 2339 cum
364 2294 579 2353 plerisque
601 2296 766 2352 scriptis
785 2295 967 2352 praetuli.

298 2361 364 2405 35.
394 2362 540 2403 Istinc.
570 2362 686 2403 Istuc
706 2361 885 2403 Junian.
907 2361 1089 2404 Putean.

245 2433 291 2468 et
304 2423 536 2468 duodecim
555 2424 622 2468 alii
641 2443 650 2477 ;
673 2429 772 2468 met
787 2441 871 2468 sex.

298 2489 364 2545 37.
390 2491 566 2533 Causas.
590 2491 771 2534 Causam
788 2506 859 2532 sex
879 2488 1023 2545 scripti
1045 2497 1089 2531 et

246 2555 351 2599 editi
373 2555 550 2611 quidam
570 2571 580 2599 z
602 2555 678 2599 sed
698 2556 834 2599 nostri
853 2571 1026 2598 causas.

299 2621 365 2680 39.
385 2622 530 2664 Sidera
538 2624 766 2676 pra-beatio
775 2620 1090 2681 sarmamplatt-

243 2689 334 2729 stri.
351 2685 697 2743 septemtriones
715 2684 831 2728 dicit.

299 2752 365 2805 41.
395 2753 482 2794 Hic
497 2755 627 2795 oritur
639 2753 814 2794 Boreas.
839 2751 892 2794 In
913 2750 992 2793 hac
1008 2766 1089 2792 re-

245 2814 373 2871 gione
395 2815 721 2872 septentrionali
750 2816 912 2858 Boreas
944 2814 1091 2857 nasci—

245 2886 320 2922 tur
338 2912 351 2934 ,
380 2888 423 2923 et
456 2879 562 2924 flare
595 2880 745 2937 incipit
774 2880 1090 2922 vehementius.

246 2944 395 2990 Nostri
411 2949 508 2990 hinc
524 2951 663 2990 oritur.
683 2971 737 2980 —
762 2939 930 3002 Ora-que
942 2949 1090 2988 dome-

248 3012 379 3051 sticus
408 3012 503 3053 huic
533 3022 607 3054 cst.
645 3011 702 3054 Et
730 3020 792 3054 est
821 3011 1091 3068 propinquus

247 3071 350 3116 huic
369 3074 535 3130 regioni
551 3107 562 3128 ,
582 3091 712 3131 quam
730 3092 811 3133 ego
834 3076 991 3119 incolo.

302 3138 369 3192 43.
399 3141 463 3181 At
479 3141 625 3193 Notus,
645 3143 819 3183 adverso
836 3144 999 3194 tepidus
1018 3144 1094 3196 qui

246 3207 382 3258 spirat
394 3207 448 3245 ab
465 3220 557 3247 axe.
587 3208 779 3263 Tepidum
794 3210 869 3261 qui
879 3210 1014 3260 spirat
1026 3223 1091 3249 re-

245 3267 355 3310 ctius
372 3267 613 3323 complures
634 3285 684 3312 ex
703 3268 880 3326 scriptis.
899 3269 1091 3314 Avienus

247 3333 292 3375 in
303 3332 588 3389 descriptione
601 3334 739 3377 orbis:
756 3352 776 3372 «
793 3335 876 3377 Vel
892 3350 976 3390 qua
994 3335 1090 3379 lene

248 3400 390 3443 Notus
400 3400 547 3456 spirat,
565 3416 646 3455 qua
657 3400 886 3456 perstrepit
901 3401 1086 3444 Eurus.»

250 3464 370 3508 Nihil
399 3465 532 3522 magis
564 3466 739 3509 obvium
770 3466 851 3510 hoc
884 3465 1090 3523 loquendi

1176 2034 1312 2077 modo
1336 2033 1449 2091 apud
1466 2034 1709 2090 scriptores.
1734 2031 1866 2076 Multi
1887 2033 2022 2090 potis-

1175 2100 1335 2144 simum
1355 2100 1399 2142 in
1419 2116 1472 2143 eo
1500 2100 1719 2142 Ausonius
1742 2107 1783 2142 et
1806 2098 2022 2141 Claudia-

1175 2183 1270 2210 nus.
1294 2165 1501 2209 Paulinus
1519 2166 1712 2208 carmine
1737 2163 1952 2220 Sapphico
1967 2163 2021 2206 ad

1176 2229 1375 2273 Nicetam
1397 2230 1645 2285 episcopum
1662 2261 1675 2282 ,
1693 2247 1713 2265 «
1733 2229 1814 2271 Ast
1827 2228 1900 2270 ubi
1922 2243 2021 2284 pau·

1173 2294 1264 2337 lum
1282 2294 1347 2337 via
1359 2293 1621 2350 proferetur,
1642 2293 1746 2346 Det,
1758 2309 1924 2349 precor,
1944 2291 2022 2335 mi-

1175 2368 1238 2403 tes
1255 2359 1331 2402 tibi
1355 2358 1556 2402 Christus
1572 2367 1698 2402 aestus
1713 2392 1724 2412 ,
1747 2358 1804 2401 Et
1822 2358 1914 2401 leve
1931 2358 2020 2414 spi-—

1173 2431 1241 2466 ret
1254 2424 1346 2466 sine
1356 2423 1473 2466 nube
1492 2423 1609 2466 siccis
1633 2422 1751 2465 Aura
1773 2420 1983 2465 Calabris.
1998 2440 2019 2458 ν

1174 2489 1243 2532 Ita
1277 2489 1537 2531 veterrimus
1572 2487 1706 2531 codex
1740 2487 1976 2530 Vossianus
2005 2501 2015 2528 :

1172 2569 1274 2595 mox
1290 2553 1405 2596 idem
1421 2553 1632 2598 Paulinus
1644 2586 1655 2607 ,
1672 2572 1693 2590 «ι
1706 2554 1824 2596 Lene
1837 2553 1895 2596 sic
1908 2552 2019 2595 sudo

1173 2626 1375 2661 tenuatus
1387 2635 1473 2661 aer.
1490 2638 1511 2656 ι»
1522 2618 1689 2662 Seneca
1705 2619 1871 2674 OEdipo
1887 2634 1930 2661 z«
1943 2617 2020 2660 Le-

1173 2685 1240 2728 nis
1267 2694 1310 2729 et
1339 2685 1563 2728 modicum
1590 2685 1732 2728 fluens
1765 2686 1884 2727 Aura
1902 2717 1913 2738 ,
1936 2700 2019 2727 nec

1172 2765 1355 2805 vergens
1378 2750 1489 2793 latus
1504 2748 1925 2805 Ducatintrepidam
1949 2763 2023 2790 ra-

1173 2825 1278 2857 tem.
1302 2833 1323 2852 »
1345 2815 1404 2857 H.

1227 2882 1293 2934 45.
1323 2881 1451 2923 Adde
1464 2883 1576 2936 quod
1591 2883 1661 2923 hic
1679 2883 1840 2923 clauso.
1861 2879 2022 2923 Scribit

1174 2945 1447 3000 Macrobius,
1471 2961 1630 3002 aquam
1653 2946 1868 2988 marinam
1894 2961 2023 2987 nun—

1171 3025 1304 3066 quam
1319 3011 1416 3066 gelu
1437 3010 1649 3054 contrahi.
1674 3010 1762 3054 Sed
1781 3011 1825 3052 in
1847 3010 1928 3052 illis
1948 3026 2021 3052 re-

1173 3077 1371 3134 gionibus
1387 3077 1626 3135 plurimum
1641 3087 1705 3121 est
1717 3078 1953 3120 fluviorum
1972 3086 2019 3120 et

1172 3143 1380 3200 paludum
1399 3145 1445 3187 in
1465 3145 1554 3201 ipsa
1567 3145 1703 3187 maria
1723 3144 2019 3187 influentium.

1174 3209 1434 3265 Superflcies
1455 3210 1585 3253 maris
1599 3242 1611 3264 ,
1635 3211 1704 3253 cui
1729 3210 1875 3252 dulces
1897 3225 2019 3265 aquae

1171 3273 1388 3327 innatant,
1406 3273 1678 3331 congelascit.
1689 3298 1743 3306 —
1755 3277 1888 3317 Ponto
1899 3277 2020 3316 clau-

1172 3354 1232 3381 so.
1252 3338 1371 3381 Mari
1388 3338 1559 3381 Euxino
1570 3339 1906 3395 circumquaque
1923 3338 2019 3380 lito-

1171 3403 1290 3446 ribus
1306 3413 1450 3459 septo,
1470 3419 1554 3448 nec
1574 3404 1711 3447 ullum
1733 3405 1863 3446 alium
1895 3417 2017 3444 mea-

1172 3476 1266 3511 tum
1292 3467 1469 3512 habenti
1488 3502 1500 3524 ,
1527 3469 1609 3513 nisi
1631 3469 1964 3525 Propontidem.
