2280 3776
534 292 645 348 EX
686 291 992 347 PONTO
1028 292 1192 348 LIB.
1236 293 1351 348 lv.
1398 294 1683 349 EPIST.
1732 299 1804 352 V.

1946 299 2047 368 43·

356 409 632 492 Tectaque
663 407 901 470 brumali
931 396 1038 469 sdb
1063 408 1183 469 nive
1211 424 1352 471 terra
1378 409 1526 472 latet.

279 505 467 584 Quum
501 503 735 584 gelidam
766 504 1016 565 Thracen
1034 550 1050 577 ‚
1082 519 1138 566 et
1166 522 1421 589 opertum
1444 509 1695 572 nubibus
1726 511 1959 572 Haemon
1977 561 1992 586 ‚
2038 532 2062 571 5

360 603 434 662 Et
464 602 628 662 maris
658 599 802 661 Ionii
833 601 1158 663 transieritis
1188 626 1392 686 aquas3

277 701 424 760 Luce
457 699 640 760 minus
675 697 882 760 decima
911 698 1446 761 dominam'venietis
1476 701 1535 761 in
1564 702 1759 764 urbem
1777 749 1793 775 ‚

359 797 439 855 Ut
468 795 784 857 festinatum
811 819 925 857 non
951 795 1164 859 faciatis
1190 797 1312 859 iter.

275 889 541 951 Protinus
568 890 693 951 inde
724 890 920 953 domus
950 891 1111 954 vobis
1141 892 1404 976 Pompeia
1430 908 1682 975 petatur;

358 985 484 1045 Non
514 999 598 1045 est
626 986 881 1064 Augusto
910 986 1153 1067 junctior
1179 986 1290 1049 ulla
1320 987 1445 1048 foro
1469 1012 1483 1047 ε
2011 1021 2059 1050 ιο

276 1078 337 1141 Si
368 1081 523 1164 quiS‚
554 1096 619 1143 ut
644 1081 700 1143 in
733 1081 971 1167 populo,
1005 1084 1102 1167 qui
1132 1083 1288 1157 sitis,
1319 1098 1375 1144 et
1403 1084 1583 1155 unde,
1614 1085 1893 1167 requiret,

353 1178 593 1239 Nomina
622 1180 846 1263 decepta
877 1179 1140 1264 quaelibet
1170 1203 1299 1242 aure
1328 1181 1484 1242 serat.

274 1276 355 1335 Ut
383 1276 456 1338 sit
483 1277 627 1337 enim
655 1293 835 1339 tutum
854 1324 868 1348 ‚
901 1279 1044 1339 sicut
1066 1302 1192 1338 reor
1218 1303 1363 1347 esse,
1393 1278 1552 1338 fateri
1569 1324 1585 1348 ‚

273 1403 275 1405 ·
353 1374 538 1436 Verba
566 1375 748 1435 minus
778 1389 923 1437 certe
947 1374 1076 1437 ficta
1108 1375 1323 1437 timoris
1354 1375 1579 1436 habent.

276 1471 452 1555 Copia
476 1494 578 1535 nec
601 1465 764 1533 vobis
790 1469 909 1532 ullo
937 1471 1269 1555 prohibente
1297 1473 1519 1533 videndi
2009 1492 2054 1530 us.

355 1568 614 1632 Consulis
631 1616 646 1643 ,
674 1583 740 1629 ut
767 1567 933 1631 limen
960 1571 1303 1650 contigeritis
1325 1619 1340 1643 ‚
1376 1573 1495 1632 erit.

275 1663 570 1744 Antreget
596 1661 689 1725 ille
719 1686 851 1725 suos
879 1664 1115 1726 dicendo
1140 1666 1263 1748 jura
1293 1666 1573 1745 QuiriteS‚

327 1805 366 1858 4.
394 1804 535 1848 Terta.
562 1802 651 1847 Per
674 1817 804 1859 quam
831 1803 1023 1848 ostendit
1048 1804 1124 1848 iti-

273 1868 390 1914 neris
401 1882 608 1925 magnam
622 1867 928 1916 difficultatem
943 1879 1009 1913 :et
1023 1869 1124 1913 ideo

272 1931 378 1976 dixit
389 1941 540 1989 poeta,
551 1933 639 1985 lte.
654 1936 768 1977 leves
782 1937 895 1989 elegi
905 1951 918 1977 .·
933 1933 1015 1979 hoe
1031 1944 1096 1980 est
1109 1967 1122 1989 ,

270 1994 443 2042 celeres.
899 2002 913 2013 ‘

325 2064 366 2109 5.
389 2065 487 2118 Qua
498 2066 682 2119 gelidam
703 2064 908 2107 Thracen.
936 2062 1122 2108 Thracia

271 2129 393 2188 regio
402 2138 467 2182 est
478 2127 721 2181 seeundum
732 2130 905 2176 Indiam
917 2131 1120 2175 omnium

271 2195 472 2245 maxima.
493 2194 555 2242 Et
573 2196 672 2251 quia
690 2195 993 2252 septemtrioni
1018 2211 1123 2253 pro-

274 2258 388 2304 xima
403 2267 492 2310 est,
513 2252 614 2304 ideo
631 2268 759 2315 poeta
769 2263 954 2315 gelidam
973 2259 1124 2317 adpel-

271 2323 344 2369 lat.
364 2346 420 2359 -—
433 2327 498 2369 E!
521 2334 700 2380 opertum
721 2330 898 2371 nubibus
921 2329 1121 2370 Hermum.

272 2393 448 2437 Hauon
465 2393 781 2449 Fragmentum
800 2392 937 2435 vatic.
950 2401 994 2436 et
1013 2391 1124 2449 Gry*

274 2455 366 2514 phii
377 2455 529 2502 editio:
551 2457 611 2503 sic
630 2466 674 2502 et
692 2458 736 2501 in
750 2456 935 2501 Metam.
949 2455 1019 2499 lib.
1038 2457 1120 2509 VI,

274 2539 382 2571 vers·
403 2526 454 2581 87
472 2541 483 2577 ς
505 2523 721 2581 superiori
732 2540 883 2577 versu,
897 2532 1007 2567 terra
1019 2526 1127 2577 tigal

271 2605 366 2635 non
395 2589 509 2634 male
539 2587 777 2635 Leidensi...
805 2589 970 2632 Herus.
990 2610 1046 2622 -·-
1064 2590 1125 2633 Et

269 2659 452 2708 opertu
481 2656 658 2698 nubibus
699 2655 899 2697 Humum.
939 2652 1122 2696 Haemus

270 2730 399 2765 mous
426 2727 491 2763 est
509 2749 522 2772 ‚
555 2718 630 2775 qui
660 2717 709 2761 in
736 2718 932 2762 Pontum
952 2717 1123 2773 vergit:

271 2790 450 2827 ceteros
472 2784 568 2838 eius
599 2784 725 2839 spatii
748 2782 1054 2841 magnitudine
1074 2798 1122 2828 ac

271 2846 532 2895 sublimitate
565 2865 773 2905 superans
791 2882 805 2903 ,
843 2849 1121 2905 mediamque

275 2909 507 2960 Threciam
537 2913 747 2960 dividens.

327 2975 368 3026 fi·
384 2978 446 3024 Et
459 2983 589 3021 mam
601 2980 724 3023 Ionii.
754 2979 812 3023 Et
831 2979 966 3024 maris
983 2978 1094 3024 illius
1107 3012 1120 3034 ,

274 3037 394 3094 quod
414 3040 468 3087 ab
491 3041 616 3086 Ionia
642 3043 820 3100 regione
847 3045 894 3089 in
915 3043 1124 3087 extremi-

275 3110 364 3149 tate
380 3104 562 3154 minoris
579 3107 695 3155 Asia
709 3109 853 3156 media
866 3142 880 3163 ,
903 3110 1020 3153 inter
1034 3107 1124 3153 Ca-

274 3168 386 3212 riam
406 3179 452 3215 et
474 3169 667 3216 AEoliam
691 3189 828 3230 usque
851 3174 904 3221 ad
929 3173 1121 3221 Siciliam

274 3235 568 3290 protenditur.

331 3317 366 3355 7.
396 3302 596 3345 Veneettk»
624 3304 817 3348 Veniatia?
837 3320 955 3350 unus
966 3304 1124 3351 Heins-

328 3367 366 3410 8.
394 3367 453 3409 Ut
469 3384 551 3410 nou
558 3367 745 3422 faciatis
765 3373 846 3412 iter
855 3370 1124 3423 festinatum.

278 3429 491 3486 Quamvis
511 3448 601 3476 non
621 3435 875 3490 properetis.

1265 1820 1327 1848 ιο.
1354 1806 1461 1848 Fam
1491 1805 1699 1860 Augusto.
1725 1802 1843 1847 Foro
1871 1803 2057 1860 Augusti

1205 1870 1355 1915 addito
1376 1869 1548 1913 duobus
1574 1868 1665 1912 aliis
1687 1867 1803 1911 soris.

1264 1952 1285 1980 ι
1296 1954 1329 1979 ι.
1347 1937 1464 1979 Utin
1473 1937 1642 1990 populo.
1659 1931 2056 1989 Quemadmodum

1206 2000 1359 2058 vulgus
1375 2033 1387 2053 ,
1419 2000 1507 2044 aive
1543 1998 1728 2055 populus
1760 1998 1871 2041 solet
1902 1998 2057 2054 requi-

1204 2081 1317 2110 rere.
1335 2089 1390 2098 —-
1418 2068 1503 2120 Qui
1514 2068 1623 2108 sitis.
1638 2063 1746 2119 Quo
1765 2061 1947 2106 nomine
1974 2062 2059 2105 ad-

1204 2131 1441 2188 peilemini.
1479 2153 1534 2162 -
1559 2132 1621 2173 Et
1651 2133 1772 2173 unde.
1802 2129 1859 2172 Et
1892 2146 1943 2172 ex
1973 2145 2058 2186 qua

1205 2206 1336 2254 gente
1366 2195 1563 2240 veniatis.
1591 2218 1649 2227 —
1679 2197 1885 2250 Reqm‘ret.
1925 2194 2056 2236 Multi

1204 2265 1387 2316 requirat
1399 2275 1413 2312 ;
1427 2269 1626 2303 nostrum
1644 2274 1750 2303 vero
1764 2258 1923 2315 potius,
1937 2267 2061 2301 tuen—

1205 2326 1319 2368 tibus
1336 2325 1511 2380 optimis
1526 2358 1535 2372 .
1557 2333 1602 2366 et
1627 2324 1797 2367 nostris.

1265 2407 1326 2433 ια.
1350 2392 1534 2433 Nomina
1550 2392 1753 2445 quelibet.
1766 2387 2058 2444 Quecunque

1205 2455 1286 2500 alia
1307 2456 1490 2499 nomina
1510 2489 1522 2509 ‚
1544 2471 1678 2511 quan
1697 2464 1853 2498 vestra.
1873 2477 1930 2486 —-
1944 2458 2059 2497 Am

1203 2525 1386 2575 decepta.
1422 2522 1592 2564 Aurem
1627 2520 1746 2563 enim
1779 2519 2020 2574 decipimus
2041 2552 2056 2572 ‚

1205 2601 1356 2641 quum·
1375 2585 1418 2627 id
1451 2585 1634 2628 dicimus
1671 2583 1866 2627 audienti
1892 2616 1905 2637 ,
1938 2583 2055 2639 quod

1204 2667 1296 2694 non
1315 2659 1392 2694 est.
1407 2653 1611 2693 —b'erat.
1636 2650 1813 2693 Audiat.

1262 2716 1325 2762 13.
1353 2716 1412 2758 Ut
1433 2720 1496 2759 sit
1515 2722 1648 2759 tutum
1663 2714 1810 2769 fateri.
1840 2713 2059 2769 Quamvis

1203 2781 1259 2825 sit
1272 2797 1476 2825 securum
1490 2797 1657 2824 nomen
1670 2790 1865 2824 vestrum
1882 2814 1895 2834 ,
1916 2789 1960 2823 et
1978 2795 2055 2822 un-

1205 2847 1259 2894 de
1280 2847 1462 2893 veniatis
1478 2880 1491 2901 ,
1513 2847 1723 2904 profiteri.

1263 2916 1326 2956 15.
1358 2914 1494 2966 Copia
1520 2929 1597 2956 nec
1627 2915 1759 2955 vobis.
1791 2910 1879 2954 Hie
1905 2925 2055 2952 versus

1204 2988 1382 3032 monet,
1406 2993 1498 3021 non
1513 2977 1572 3021 ita
1582 2977 1644 3020 eis
1654 2976 1828 3020 facilem
1841 2976 1936 3018 fore
1953 2990 2056 3017 con·

1204 3043 1308 3087 sulis
1334 3042 1512 3086 videndi
1544 3042 1716 3099 copiam
1735 3075 1746 3094 ,
1779 3040 2057 3097 quandoqui—

1205 3109 1309 3153 dem
1323 3109 1392 3152 ille
1408 3108 1604 3151 maximis
1619 3108 1662 3150 in
1678 3107 1808 3149 rebus
1825 3114 2058 3161 occupatus

1206 3176 1302 3218 erit.
1315 3196 1370 3207 -·
1382 3177 1509 3218 Nullo
1522 3176 1780 3229 probibente.
1808 3173 1907 3215 Ullo
1931 3172 2059 3215 Junii

1205 3240 1343 3284 codex
1364 3249 1408 3282 et
1428 3248 1649 3294 postrema
1673 3237 1773 3280 Aldi
1802 3253 1905 3280 curn
1927 3235 2055 3293 Gry-

1207 3305 1366 3361 phiana
1380 3339 1390 3359 ,
1413 3303 1528 3359 quod
1546 3301 1672 3347 malo.
1686 3302 1964 3356 H.-Aliqu0
1981 3295 2058 3354 qui

1206 3370 1325 3414 vobis
1340 3368 1381 3412 id
1397 3368 1625 3425 prohibeat
1637 3386 1648 3418 ;
1661 3366 1739 3411 sed
1753 3365 2061 3422 occupationes

1210 3436 1389 3493 publicae
1410 3435 1454 3479 id
1473 3451 1562 3478 non
1583 3435 1747 3478 sinunt.
