2280 3776
253 262 358 318 270

700 244 765 296 P.
819 242 1108 297 OVIDII
1156 244 1536 302 NASONIS

331 356 610 443 Auxilium
637 358 842 417 nostris
873 380 1131 440 spemque
1162 359 1330 420 tulere
1362 361 1534 422 malis.

254 457 440 537 thue
471 453 814 513 Machaoniis
845 454 1113 517 Paeantius
1142 458 1352 517 artibus
1382 459 1546 519 heros
1984 481 2008 521 5

330 550 525 609 Lenito
551 549 815 608 medicam
845 550 1065 611 vulnere
1096 555 1263 612 sensit
1290 578 1444 634 opem
1473 580 1486 613 :

249 646 341 705 Sic
371 669 471 722 ego
501 661 680 706 mente
706 647 913 727 jacen-S,
943 662 996 708 et
1023 649 1219 709 acerbo
1249 651 1462 710 saucius
1491 651 1632 722 ictu,

329 741 634 801 Admonitu
665 743 804 825 coepi
832 744 1029 804 fortior
1058 769 1171 805 esse
1206 761 1332 818 tuo;

251 841 327 897 Et
354 837 459 917 jam
491 837 744 898 deficiens
762 885 776 910 ‚
811 839 887 899 sic
914 841 979 900 ad
1013 856 1105 901 tua
1131 842 1294 902 verba
1320 843 1513 915 revixi,

330 936 410 993 Ut
439 933 579 992 solet
607 933 791 993 infuso
822 958 952 995 vena
978 936 1151 996 redire
1176 962 1342 997 mero.
1968 971 2015 997 10

246 1035 375 1092 Non
403 1047 579 1093 tamen
607 1031 858 1092 exhibuit
886 1047 1063 1093 tantas
1092 1033 1344 1094 facundia
1371 1034 1513 1094 vires
1533 1080 1549 1106 ‚

331 1131 411 1189 Ut
439 1153 556 1189 mea
586 1129 696 1189 sint
725 1129 885 1190 dictis
913 1146 1134 1212 pectora
1166 1154 1295 1192 sana
1325 1129 1452 1191 tuis.

254 1231 334 1287 Ut
359 1227 593 1287 multum
622 1242 822 1288 nostrae
852 1229 1034 1288 demas
1067 1229 1129 1288 de
1161 1229 1374 1306 gurgite
1406 1252 1578 1299 curae‚

332 1324 460 1383 Non
490 1323 673 1384 minus
701 1324 964 1385 exhausto
983 1372 996 1396 ‚
1030 1324 1180 1406 quod
1214 1324 1523 1407 superabit,
1548 1324 1666 1385 erit.

250 1421 522 1501 Tempore
549 1419 779 1478 ducetur
806 1418 974 1498 longo
1002 1420 1229 1481 fortasse
1259 1420 1479 1480 cicatrix
1501 1445 1512 1479 :
1971 1438 2017 1478 15

336 1517 582 1575 Horrent
606 1514 855 1575 admotas
885 1515 1103 1576 vulnera
1135 1517 1300 1576 cruda
1329 1541 1538 1577 manus.

252 1612 381 1669 Non
410 1624 492 1670 est
520 1610 578 1668 in
607 1609 815 1669 medico
842 1633 1084 1694 semper,
1112 1610 1378 1671 relevetur
1404 1625 1468 1671 ut
1494 1635 1633 1689 aeger
1659 1636 1672 1670 :

335 1705 619 1766 Interdum
647 1705 807 1765 docta
831 1705 959 1788 plus
990 1706 1131 1767 valet
1160 1723 1272 1768 arte
1297 1706 1518 1768 malum.

258 1804 448 1863 Cernis
464 1851 479 1876 ,
510 1818 573 1862 ut
597 1828 624 1863 e
653 1803 809 1863 molli
837 1805 1057 1882 sanguis
1082 1805 1343 1888 pulmone
1366 1805 1622 1866 remissus

338 1901 429 1961 Ad
457 1901 671 1982 Stygias
700 1915 846 1960 certo
877 1899 1047 1960 limite
1076 1902 1236 1962 ducat
1264 1925 1449 1984 aquas.
1970 1929 2022 1956 20

254 1997 482 2057 Adferat
507 1997 625 2079 ipse
652 1995 780 2056 licet
804 2020 980 2057 sacras
1009 1998 1343 2080 Epidaurius
1372 1998 1601 2069 herbas,

311 2138 349 2178 5.
379 2136 511 2191 thue
524 2136 795 2178 Machaoniis
808 2136 1021 2178 Poeantius
1039 2152 1105 2178 ar-

259 2204 369 2244 tibus
382 2202 514 2242 heros.
529 2200 794 2242 Machaonia·
806 2208 916 2243 artes
931 2200 1103 2256 proprie

258 2265 342 2309 hoc
362 2266 456 2308 loco
478 2263 734 2320 accipiendae
753 2280 831 2320 pro
848 2264 896 2306 iis
910 2297 923 2318 ,
948 2264 1103 2320 quibus

260 2329 479 2372 Machaon
495 2361 506 2383 ,
535 2327 769 2385 AEsculapii
789 2327 900 2371 filius
918 2360 930 2383 ,
952 2325 1104 2371 Ph'ilo-

258 2405 418 2440 ctetem
437 2394 614 2439 curavit.
629 2395 838 2451 Sequitur
855 2394 974 2438 enim
991 2393 1105 2439 Ovi-

259 2461 355 2505 dius
384 2476 537 2504 eorum
568 2460 822 2517 opinionem
839 2494 850 2516 ,
884 2460 958 2517 qui
987 2460 1105 2504 Phi-

259 2526 464 2571 loctetem
504 2525 654 2584 hydrae
691 2541 842 2569 morsu
872 2525 1066 2570 saucium
1088 2559 1102 2580 ‚

261 2607 402 2648 eoque
417 2607 440 2634 a
453 2589 615 2634 Graecis
631 2590 677 2633 in
690 2590 861 2634 Lemno
875 2590 1074 2634 relictum
1089 2624 1101 2646 ,

263 2666 409 2714 postea
425 2690 437 2710 ,
459 2656 633 2699 monitu
649 2655 809 2699 oraculi
827 2665 1076 2699 revocatum
1089 2689 1102 2710 ,

261 2731 308 2766 et
321 2722 374 2766 ad
389 2722 572 2778 Troiam
586 2736 811 2763 reversum
826 2753 839 2775 ‚
861 2737 885 2763 a
900 2720 1106 2764 Machao-

264 2803 320 2830 ne
343 2795 545 2830 curatum
565 2785 728 2829 dicunt.

318 2870 334 2894 1
342 2868 382 2895 0.
395 2854 456 2894 Ut
463 2854 572 2894 solet
578 2850 721 2906 infuso
731 2866 839 2893 vena
845 2853 976 2894 redire
983 2866 1105 2893 mero.

263 2919 434 2974 Adsuso
448 2917 747 2969 Twisdenius;
771 2917 887 2974 quod
909 2925 1105 2974 praestat:

264 2984 311 3025 in
333 2983 540 3040 Epicedio
559 2982 716 3037 Drusi,
741 2999 801 3026 vs.
822 2985 899 3038 422
922 2999 931 3026 z
954 3001 975 3020 «
993 2983 1105 3026 Ari-

266 3047 404 3103 daque
426 3048 575 3092 adfusa
596 3057 770 3106 guttura
789 3048 915 3092 tinxit
929 3064 1038 3104 aqua
1050 3079 1063 3101 ,
1082 3065 1102 3084 »

267 3113 464 3156 alludunt
482 3114 567 3158 huc
586 3123 631 3157 et
650 3114 738 3157 duo
755 3113 825 3157 alii
843 3114 1011 3158 codices
1026 3146 1037 3167 ,
1058 3113 1103 3155 in

266 3179 419 3235 quibu-s
439 3181 576 3236 effuso
597 3198 705 3224 mero
727 3197 738 3224 t
758 3197 836 3238 pro
857 3197 967 3224 vena
987 3194 1107 3223 non-

267 3243 375 3286 nulli
381 3245 578 3298 flamma,
599 3246 665 3288 vel
681 3252 779 3289 vila.
801 3247 931 3289 Forte
955 3248 1097 3294 Vesta,

269 3322 348 3362 pro
369 3306 484 3363 igni;
508 3307 636 3351 Silius
652 3341 664 3360 ,
691 3309 800 3351 libro
822 3311 889 3353 Vl
907 3342 918 3363 ‚
949 3326 1006 3352 vs.
1033 3308 1107 3364 76:

269 3389 290 3409 ι(
318 3371 519 3414 Procedit.
547 3382 750 3417 renovata
778 3374 884 3417 focis
918 3384 964 3418 et
988 3390 1105 3431 pau-

1185 2152 1287 2192 pere
1311 2137 1444 2179 Vesta
1465 2136 1652 2178 Lumina
1667 2135 1953 2191 praetendens.
1974 2153 1996 2173 »

1245 2217 1306 2242 12.
1329 2202 1423 2243 Sint
1434 2216 1557 2242 sana.
1576 2200 1676 2243 Sint
1694 2200 1787 2242 sine
1807 2200 1969 2243 dolore.

1245 2264 1306 2306 13.
1331 2265 1393 2307 Ut
1407 2268 1578 2308 multum
1590 2267 1734 2307 demas
1747 2274 1886 2308 nostro
1897 2268 1947 2307 de
1955 2281 2026 2320 pe·

1183 2336 1296 2372 ctore
1321 2346 1438 2372 curoe.
1462 2330 1641 2386 Argent.
1669 2338 1714 2372 et
1740 2330 1931 2385 quinque
1957 2329 2027 2372 alii

1183 2403 1332 2437 nostrae
1349 2396 1400 2437 de
1420 2398 1579 2450 gurgite
1595 2410 1730 2447 curoe;
1748 2394 1966 2450 eleganter
1981 2402 2026 2437 et

1183 2475 1285 2502 vere
1297 2491 1308 2513 ‚
1329 2459 1362 2503 si
1385 2459 1489 2515 quid
1505 2459 1632 2502 video
1646 2475 1656 2502 ε
1669 2460 1727 2504 sic
1739 2476 1890 2515 gurges
1901 2464 2027 2503 vitio-

1181 2541 1270 2568 tum
1294 2523 1511 2567 Ciceroni.
1535 2525 1594 2567 H.

1243 2590 1305 2633 16.
1327 2592 1507 2633 Vulnera
1517 2592 1657 2632 cruda.
1672 2589 1867 2633 Vulnera
1877 2603 2027 2631 recen-

1184 2654 1254 2699 tia.
1280 2655 1380 2698 Hoc
1403 2654 1507 2698 dicit
1527 2670 1536 2697 :
1563 2670 1714 2697 recens
1741 2653 1865 2696 dolor
1885 2652 2025 2695 nullas

1186 2719 1375 2764 admittit
1395 2719 1721 2764 consolationes.
1911 2758 1917 2763 .

1245 2804 1307 2846 ¹9·
1321 2788 1364 2829 E
1371 2788 1696 2840 mollipulmone.
1705 2785 1875 2826 fflollem
1888 2784 2023 2840 probe

1185 2850 1566 2895 vocat.Vulnerato
1578 2851 1695 2892 enim
1714 2850 2027 2905 pulmone‚ho-

1186 2932 1260 2958 mo
1281 2915 1530 2972 perimitur:
1547 2930 1647 2956 nam
1665 2915 1917 2970 spongiosus
1936 2922 2022 2968 est,

1185 2980 1368 3035 ideoque
1399 2978 1573 3031 spiritus
1601 2995 1741 3035 capax.
1762 3003 1815 3012 -—
1833 2981 2026 3035 Sanguir.

1187 3046 1371 3102 Sanguis
1393 3046 1553 3100 ejectus
1574 3079 1586 3100 ‚
1621 3045 1735 3089 illato
1759 3046 1952 3090 vulnere.
1972 3070 2026 3079 —

1189 3113 1308 3154 Certo
1318 3114 1460 3153 limite.
1472 3111 1570 3154 Vita
1586 3127 1675 3154 non
1691 3112 1888 3169 ambigua
1902 3145 1913 3167 ,
1926 3112 2031 3168 quia

1186 3177 1385 3219 moritur.
1404 3177 1466 3219 Ex
1481 3194 1568 3233 quo
1581 3177 1706 3221 docet
1718 3194 1888 3221 causam
1901 3193 2029 3221 suam

1187 3259 1275 3285 esse
1294 3242 1504 3298 perditam
1519 3276 1530 3296 ,
1557 3252 1600 3285 et
1619 3242 1899 3298 deploratam.

1242 3325 1264 3349 2
1275 3325 1305 3350 ι.
1315 3309 1578 3362 Epidaurius.
1589 3307 1874 3363 AEsculapius,
1892 3306 1964 3363 qui
1977 3305 2022 3349 in

1188 3373 1409 3429 Epidauro
1427 3373 1595 3418 civitate
1616 3374 1847 3417 colebatur.
