2268 3848
504 293 951 351 TRISTIUM
993 297 1155 353 LIB.
1201 299 1249 353 1.
1297 298 1538 356 ELEG.
1581 302 1657 359 V.
1894 326 1968 383 29

280 407 471 488 Quum
493 408 635 471 foret
667 409 724 471 in
751 409 950 472 misero
976 427 1197 494 pectore
1223 415 1418 476 mortis
1446 440 1626 489 amor;

197 500 317 564 Scis
345 502 485 566 bene
504 551 519 579 ,
550 506 637 566 cui
668 506 870 580 dicam,
898 508 1096 592 positis
1126 534 1228 594 pro
1260 513 1484 574 nomine
1512 514 1715 593 signis;

280 600 541 664 Officium
570 626 668 665 nec
695 618 747 667 te
778 603 942 680 fallit,
973 608 1142 669 amice
1161 656 1176 683 ,
1206 623 1378 671 tuum.

197 699 328 759 Haec
356 700 492 760 mihi
519 725 732 785 semper
758 718 919 764 erunt
944 703 1068 765 imis
1095 703 1259 766 infixa
1281 704 1564 781 medullis,

276 796 692 883 Perpetuusque
717 799 908 862 animae
934 801 1155 863 debitor
1182 802 1349 885 hujus
1379 827 1491 865 ero.
1924 837 1975 867 ιο

197 892 436 977 Spiritus
469 908 522 956 et
546 919 740 959 vacuas
769 897 925 981 prius
952 898 1042 959 hic
1074 899 1381 961 tenuandus
1409 900 1468 961 in
1498 924 1657 963 auras

277 990 420 1064 Ibit,
451 1006 505 1053 et
533 992 591 1054 in
623 994 810 1078 tepido
840 994 1050 1056 deseret
1081 1019 1203 1057 ossa
1232 1019 1402 1075 rogo,

197 1086 380 1167 Quam
409 1085 643 1149 subeant
671 1088 853 1149 animo
884 1090 1207 1152 meritorum
1237 1091 1438 1154 oblivia
1466 1108 1659 1155 nostro
1678 1141 1694 1169 ,

275 1181 351 1241 Et
377 1179 542 1260 longa
570 1182 745 1265 pietas
775 1183 1029 1245 excidat
1013 1199 1119 1245 lsta
1148 1185 1253 1246 die.

195 1277 272 1338 Di
301 1275 403 1337 tibi
432 1275 544 1337 sint
570 1276 754 1339 faciles
773 1325 788 1352 ,
821 1292 876 1339 et
907 1279 1030 1362 opis
1056 1277 1264 1341 nullius
1298 1296 1543 1360 egentem
1923 1304 1972 1347 15

275 1373 577 1435 Fortunam
607 1388 898 1458 praestent,
930 1375 1357 1461 dissimilemque
1386 1401 1533 1439 meae.

196 1469 258 1530 Si
288 1483 467 1531 tamen
495 1471 611 1532 haec
643 1472 798 1533 navis
829 1487 991 1534 vento
1020 1471 1252 1534 serretur
1278 1475 1453 1536 amico
1471 1522 1488 1548 ,

279 1567 632 1646 Ignoraretur
660 1568 889 1630 forsitan
918 1569 1022 1631 ista
1052 1569 1202 1631 fides.

198 1661 412 1724 Thesea
438 1663 726 1726 Pirithous
755 1689 868 1726 non
899 1673 1008 1727 ta'm
1038 1667 1295 1727 sensisset
1324 1668 1584 1743 amicum,

280 1758 341 1819 Si
369 1782 482 1820 non
510 1760 748 1823 infernas
778 1763 931 1823 vivus
958 1763 1159 1824 adisset
1187 1787 1388 1847 aquas:
1922 1800 1975 1829 πο

201 1854 279 1914 Ut
306 1852 450 1916 foret
477 1855 785 1940 exemplum
813 1858 925 1919 veri
953 1858 1219 1920 Phocaeus
1247 1860 1450 1921 amoris
1470 1908 1484 1933 ,

279 1952 550 2014 Fecerunt
574 1954 759 2027 furiae,
793 1954 965 2015 tristis
997 1956 1230 2030 Oresta,
1261 1972 1381 2018 tuae.

201 2047 260 2108 Si
285 2072 398 2109 non
428 2048 698 2134 Euryalus
730 2050 972 2114 Rutulos
999 2053 1281 2116 cecidisset
1304 2055 1361 2116 in
1387 2056 1606 2129 hostes,

280 2145 593 2230 Hyrtacidae
621 2148 757 2210 Niso
789 2148 962 2228 gloria
988 2149 1139 2211 nulla
1169 2150 1310 2212 soret
1336 2177 1348 2212 ε

199 2241 449 2320 Scilicet,
476 2260 541 2307 ut
567 2245 778 2308 fulvum
807 2262 1086 2332 spectatur
1110 2249 1167 2308 in
1197 2250 1421 2328 ignibus
1447 2274 1639 2311 aurum
1660 2297 1676 2323 ,
1920 2271 1974 2314 25

254 2383 295 2428 6.
333 2386 466 2440 Quum
484 2384 604 2442 foe-et
636 2388 679 2429 1'12
711 2391 860 2429 mium
875 2394 1048 2442 ’μείων

202 2451 345 2492 mortis
356 2463 496 2500 amor-5
517 2449 633 2493 conf.
649 2450 720 2493 lib.
739 2451 835 2505 111,
850 2450 916 2493 ΕΙ.
930 2464 1018 2493 vm
1031 2483 1043 2504 ,

206 2531 264 2558 vs.
285 2515 362 2574 39,
383 2515 449 2569 4ο.
466 2514 619 2559 Celsus
633 2548 644 2569 ,
661 2531 794 2572 quem
810 2517 924 2559 inter
938 2532 1049 2572 pau-

202 2581 393 2625 cissimos
412 2580 504 2624 illos
522 2590 772 2635 enumerat,
792 2582 866 2637 qui
886 2581 937 2624 ab
954 2582 1047 2637 ejus

203 2645 391 2689 amicitia
419 2661 509 2688 non
534 2646 813 2690 discesserant
829 2678 840 2700 ,
868 2645 1046 2702 effecit,

203 2720 254 2755 ut
269 2726 425 2755 manus
446 2726 468 2754 a
489 2711 628 2769 seipso
644 2711 922 2762 abstinuerit;
941 2710 1010 2755 lib.
1027 2712 1049 2756 1

203 2774 258 2820 de
273 2776 433 2831 Ponto,
447 2775 513 2820 El.
527 2791 590 2831 nc,
606 2795 627 2819 2
638 2792 654 2819 1
674 2792 683 2819 :
699 2795 719 2813 «
738 2775 781 2820 Ο
798 2777 981 2832 quoties,
991 2777 1049 2820 vi-

204 2849 259 2885 πε
277 2850 418 2886 custos
433 2841 595 2885 invisus
613 2857 769 2885 amarae
783 2874 796 2895 ,
815 2840 1049 2886 Continuit

203 2914 397 2962 prorutas
419 2906 465 2950 in
486 2922 585 2949 mea
601 2905 689 2950 fata
709 2922 878 2949 manus.
897 2925 919 2944 ν

260 2989 296 3029 7.
316 2971 474 3015 Posae'tis·
497 2987 577 3027 pro
603 2976 764 3014 nomine
787 2975 930 3026 signis.
953 2972 1049 3015 Ve-

201 3045 325 3080 retur
338 3043 464 3093 poeta
473 3036 596 3079 amici
610 3051 774 3079 nomen
786 3037 1046 3093 exprimere,

205 3108 382 3157 propter
410 3099 667 3156 Augustum.

261 3165 299 3208 8.
334 3167 465 3208 Fallit
483 3198 494 3213 ,
532 3170 666 3208 amice
681 3199 691 3215 ,
730 3172 843 3208 tuum
865 3179 881 3217 ‚·
916 3182 1048 3208 meum

207 3229 334 3273 multi
346 3229 514 3274 codices
529 3245 538 3273 ε
554 3246 607 3274 an
619 3235 737 3286 pium
751 3232 776 3275 ,Ρ
802 3230 916 3287 quod
935 3246 1048 3287 saepe

205 3295 252 3338 in
264 3311 396 3338 meum
408 3303 453 3338 et
467 3303 578 3338 tuum
587 3311 611 3338 a
625 3296 802 3338 librariis
816 3304 1048 3338 mutatum.

260 3378 300 3421 9.
322 3364 424 3405 Hoec
442 3363 550 3403 mihi
561 3377 719 3416 semper
734 3369 852 3404 crunt
865 3366 961 3403 imz’s
982 3366 1050 3403 in-

190 3427 293 3482 fixa
312 3429 518 3471 medullis.
540 3426 701 3471 Bunm.
725 3424 814 3471 Cic.
839 3426 908 3470 lib.
934 3427 1046 3483 XV,

1128 2385 1265 2443 Epist.
1287 2389 1337 2440 4,
1359 2386 1412 2428 ad
1430 2386 1559 2430 Attic.
1578 2403 1668 2443 qua·
1682 2390 1787 2432 mihi
1801 2394 1977 2433 suatim

1125 2454 1246 2493 clusa
1266 2453 1471 2493 medullis.

1190 2531 1251 2557 10.
1276 2517 1430 2558 Animi
1447 2518 1615 2559 debitor.
1641 2517 1807 2559 Anime
1834 2517 1975 2574 pleri—

1130 2595 1212 2635 que
1234 2580 1447 2623 meliores.
1475 2581 1640 2624 Hnms.

1189 2661 1203 2686 1
1217 2661 1249 2686 1.
1278 2645 1456 2699 Spiritus
1481 2647 1552 2688 hic
1570 2662 1731 2689 vacuas
1748 2650 1868 2700 prius
1889 2663 1975 2690 et-

1128 2713 1362 2752 tenuandus
1375 2709 1538 2754 habent
1558 2710 1749 2767 quidam.
1764 2712 1890 2755 Prius
1902 2728 1974 2755 me

1129 2774 1214 2818 vita
1235 2774 1435 2818 deficiet:
1460 2775 1576 2832 prius
1598 2776 1772 2818 moriar.
1795 2777 1975 2820 Bssnsn.

1186 2856 1253 2882 ao.
1270 2842 1419 2896 Aquas
1431 2841 1630 2892 infimas.
1645 2841 1726 2884 Fin
1733 2851 1841 2898 gunt
1855 2844 1974 2885 enim

1129 2912 1268 2959 poetae
1280 2936 1292 2958 ,
1307 2903 1361 2947 ad
1375 2905 1629 2960 rapiendam
1642 2906 1949 2963 Proserpinam
1959 2939 1972 2961 ‚

1128 2967 1294 3012 inferos
1325 2968 1478 3012 adiisse
1517 2969 1739 3014 Theseum
1772 2988 1820 3014 ac
1854 2972 1977 3015 Piri-

1130 3032 1298 3077 thoum.

1186 3114 1251 3141 21.
1270 3101 1485 3143 Phoceus.
1501 3100 1685 3159 Pylades
1700 3133 1712 3154 ,
1726 3100 1839 3143 filius
1848 3099 1978 3144 Stro-

1129 3164 1221 3222 phii
1237 3197 1249 3219 ‚
1280 3166 1353 3220 qui
1373 3183 1448 3209 rex
1469 3166 1671 3210 Phocidis
1694 3167 1792 3212 fuit.

1186 3247 1250 3272 αα.
1285 3233 1383 3273 Tuoe
1396 3230 1538 3285 fiaeriae.
1565 3233 1707 3276 Furor
1727 3242 1826 3277 tuus
1846 3251 1857 3284 ;
1887 3250 1975 3290 quo

1130 3294 1375 3353 agitabaris,
1396 3296 1452 3339 ob
1473 3303 1659 3340 matrem
1681 3298 1974 3342 interfectam.

1186 3364 1249 3415 24.
1269 3362 1512 3418 Hyrtacidae
1522 3364 1632 3407 N1251‘.
1647 3365 1752 3405 Niso
1766 3372 1853 3406 tres
1867 3364 1977 3406 libri.

1131 3427 1607 3487 Hmns—Hyrtaa’dae.
1630 3429 1812 3488 Hyrtaci
1833 3428 1937 3472 filio.
