2280 3776
270 264 372 332 ml}

722 265 785 317 P.
841 263 1131 321 0V1D11
1178 265 1559 323 NASONIS

343 381 520 440 Docta
549 377 816 440 sacerdoti
849 381 1010 440 turba
1037 381 1239 443 tulistis
1271 389 1473 465 opem?

267 477 379 536 Nec
407 475 574 548 mihi,
605 475 753 557 quod
783 475 889 535 lusi
918 499 1046 536 vero
1077 478 1191 537 sine
1219 479 1470 550 crimine,
1498 478 1751 561 prodest,

2001 498 2025 538 Οἱ

346 571 624 653 Quodque
654 571 826 648 magis
853 572 961 631 vita
993 574 1154 633 Musa
1178 574 1363 654 jocosa
1390 596 1507 633 mea
1534 589 1642 647 est3

265 664 507 725 Plurima
538 665 631 725 sed
658 665 852 748 pelago
873 681 1130 750 'terraque
1158 668 1395 750 pericula
1422 692 1647 751 passum

348 765 521 822 Ustus
551 763 618 821 ab
649 762 878 822 adsiduo
905 763 1108 842 frigore
1136 766 1346 826 Pontus
1372 766 1552 826 habet.

267 857 492 940 Quique
518 858 683 936 fugax
710 883 920 932 rerum,
946 883 1240 943 securaque
1268 862 1324 920 in
1353 862 1464 921 otia
1491 876 1652 923 natus
1669 908 1685 934 ,

343 955 538 1017 Mollis
568 971 619 1016 et
647 956 935 1039 impatiens
967 972 1090 1017 ante
1116 957 1322 1018 laboris
1351 982 1520 1029 eram;
1986 993 2033 1020 ιο

268 1050 474 1112 Ultima
499 1077 646 1112 nunc
673 1054 886 1135 patior;
915 1077 1014 1114 nec
1042 1078 1127 1115 me
1157 1078 1302 1115 mare
1329 1055 1604 1137 portubus
1641 1053 1839 1115 orbum

348 1148 580 1209 Perdere
599 1197 613 1222 ,
651 1149 871 1210 diversae
903 1174 1001 1209 nec
1029 1167 1260 1233 potuere
1284 1151 1382 1211 viae
1409 1176 1421 1211 ε

269 1244 605 1328 Suffecitque
633 1246 789 1306 malis
819 1248 1062 1317 animus;
1089 1271 1214 1306 nam
1241 1271 1443 1330 corpus
1469 1247 1538 1307 ab
1569 1246 1664 1307 illo

350 1343 578 1424 Accepit
609 1343 780 1417 vires,
809 1343 1008 1427 vixque
1040 1343 1262 1404 ferenda
1293 1343 1437 1404 tulit.

270 1437 420 1496 Dum
452 1453 631 1499 tamen
662 1455 716 1499 et
744 1441 918 1499 ventis
948 1441 1150 1501 dubius
1173 1442 1417 1522 jactabar
1449 1455 1503 1501 et
1531 1441 1725 1514 undiS‚
1991 1457 2037 1497 15

347 1533 594 1621 Fallebat
624 1558 780 1595 curas
809 1559 1057 1617 aegraque
1086 1537 1252 1596 corda
1280 1537 1458 1597 labor.

271 1631 352 1689 Ut
381 1630 465 1689 via
494 1630 648 1689 finita
680 1644 788 1703 est,
822 1646 875 1691 et
904 1655 1046 1713 opus
1074 1632 1341 1715 requievit
1370 1624 1572 1707 eundi,

351 1729 425 1786 Et
454 1751 628 1809 poenae
656 1727 818 1789 tellus
844 1744 926 1789 est
951 1729 1086 1788 mihi
1115 1743 1256 1788 tacta
1278 1737 1436 1800 'meae3

269 1823 365 1884 Nil
390 1823 494 1884 nisi
522 1824 648 1884 flere
676 1823 838 1894 libet,
868 1848 968 1883 nec
997 1839 1192 1884 nostro
1223 1825 1439 1908 parcior
1465 1823 1643 1883 imber

351 1920 612 1991 Lumine,
643 1920 707 1979 de
734 1944 894 1979 verna
927 1944 1088 2002 quam
1115 1920 1238 1979 nive
1268 1934 1448 1979 manat
1479 1941 1638 2001 aqua.
1991 1949 2043 1977 «ιο

278 2016 455 2076 Roma
481 2017 784 2099 domusque
812 2017 994 2090 subit,
1022 2016 1456 2098 desideriumque
1487 2014 1731 2077 locorum
1748 2063 1762 2089 ‚

355 2112 645 2194 Quidquid
679 2128 734 2172 et
761 2113 953 2173 amissa
980 2128 1149 2174 restat
1178 2112 1235 2172 in
1264 2110 1401 2172 urbe
1433 2113 1556 2172 mei.

277 2209 402 2267 Heu
430 2207 592 2278 mih-i,
627 2208 775 2290 quod
805 2208 982 2268 nostri
1011 2209 1175 2269 toties
1203 2207 1417 2290 pulsata
1449 2205 1687 2290 sepulcri

356 2306 562 2377 Janua,
591 2305 685 2365 sed
712 2304 868 2364 nullo
899 2319 1146 2388 tempore
1174 2318 1359 2387 aperta
1382 2303 1522 2364 fuit!

277 2401 391 2460 Cur
417 2425 519 2479 ego
552 2415 639 2481 tot
666 2400 878 2480 gladios
906 2400 1056 2479 fugi,
1090 2401 1361 2484 totiesque
1391 2400 1627 2471 minata,
1993 2417 2045 2459 25

333 2534 369 2585 4.
390 2531 614 2572 Sacerdoti.
636 2529 799 2574 ovidio
828 2547 838 2574 τ
867 2540 970 2574 sunt
1000 2530 1120 2574 enim

278 2604 417 2653 poetae
439 2592 648 2650 Apollinis
667 2604 710 2638 et
727 2594 957 2639 Musarum
978 2611 1120 2639 sacer-

280 2659 402 2714 dqtes
419 2677 429 2708 ;
462 2657 658 2701 Tibullus
672 2690 687 2713 ,
707 2659 776 2702 lib.
806 2661 849 2703 ΙΙ
867 2693 880 2714 ,
902 2660 967 2702 El.
986 2675 1036 2715 v,
1062 2677 1121 2705 vs.

283 2741 301 2768 1
323 2718 373 2767 εχιτ
391 2722 553 2767 Phoebe
572 2756 585 2775 ,
603 2721 699 2768 fave
718 2755 731 2778 ,
761 2741 898 2768 novus
920 2726 1122 2782 ingredi-

279 2798 353 2832 tur
373 2799 444 2832 tua
471 2789 630 2844 templa
648 2788 857 2834 sacerdos.
878 2807 900 2827 »

333 2853 372 2895 8.
398 2856 569 2896 Pontus.
597 2852 763 2896 Pontus
791 2853 984 2897 Euxinus
1005 2886 1017 2909 ,
1052 2854 1122 2897 cui

280 2917 447 2975 adjacet
469 2916 703 2960 Tomitana
722 2933 808 2960 ora.
829 2916 956 2961 MER.

331 3001 371 3042 9.
396 2981 698 3038 Quiquefugax
710 2983 912 3039 rerqu
920 2983 960 3025 ui
973 2982 1122 3026 forum

282 3059 326 3093 et
342 3050 436 3093 lites
454 3049 653 3092 vitabam.
677 3047 727 3091 P.
934 3065 936 3067 ·

339 3133 399 3157 12.
419 3117 604 3157 Diversa·
623 3117 713 3156 vioe.
734 3110 870 3156 Maris
899 3122 942 3156 et
968 3120 1093 3157 terrae
1107 3145 1119 3166 ,

278 3179 326 3223 in
355 3179 508 3235 quibus
542 3178 732 3235 utrisque
761 3177 869 3221 dura
893 3195 1038 3235 passus
1060 3186 1123 3220 est

279 3244 387 3288 citra
408 3252 609 3286 mortem.

340 3308 400 3349 13.
415 3307 670 3363 Sufficilque
678 3311 813 3351 malls.
825 3306 925 3351 Hoc
939 3315 1018 3364 est,
1031 3318 1122 3351 non

281 3371 467 3416 inferior
480 3372 601 3416 malis
615 3373 849 3417 tolerandis
869 3373 966 3418 fuit.

1263 2533 1322 2575 15.
1356 2533 1402 2574 V
1392 2534 1501 2574 entis
1523 2528 1885 2588 duh‘usjactabar
1905 2537 1951 2574 et
1967 2547 2047 2573 un-

1202 2599 1282 2640 dis.
1311 2597 1447 2639 Terris
1465 2598 1614 2639 dubius
1637 2604 1805 2639 veteres
1825 2594 2016 2651 plerique
2033 2611 2046 2645 ;

1202 2663 1262 2707 sic
1272 2662 1342 2705 lib.
1359 2662 1441 2716 IV,
1457 2662 1578 2718 Eleg.
1595 2675 1684 2704 v111
1696 2693 1709 2716 ,
1738 2663 1814 2704 15:
1832 2677 1854 2697 «
1870 2661 1972 2703 Non
1987 2660 2047 2704 ita

1203 2728 1284 2771 Dis
1298 2727 1434 2770 visum
1444 2759 1455 2781 ,
1468 2726 1540 2783 qui
1553 2742 1623 2769 me
1637 2734 1837 2780 terraque
1849 2725 2047 2780 marique

1205 2790 1366 2835 Actum
1380 2789 1629 2834 Sarmaticis
1643 2799 1876 2846 exposuere
1894 2789 2005 2832 locis.
2024 2807 2047 2825 ›-

1264 2856 1326 2898 18.
1346 2857 1411 2897 Et
1428 2857 1552 2897 tellus
1571 2869 1667 2896 meae
1680 2869 1825 2908 poenoe.
1853 2853 1911 2895 Et
1932 2862 2048 2896 terra

1203 2920 1289 2964 mei
1307 2918 1459 2962 exsilii:
1480 2917 1675 2975 designat
1693 2926 1840 2961 autem
1856 2917 2046 2960 Tomon.

1261 3001 1321 3042 19,
1342 2985 1423 3027 Nil
1436 2985 1630 3039 mkiflere
1649 2985 1760 3026 libet.
1782 2985 1920 3026 Vacat
1933 2982 2049 3025 Haf-

1202 3049 1361 3092 niensis
1380 3066 1390 3099 ;
1415 3048 1524 3091 Met.
1548 3050 1588 3091 X
1602 3081 1614 3102 ,
1631 3049 1708 3102 387
1730 3063 1740 3091 :
1759 3064 1782 3084 «
1806 3056 1900 3091 tum
1919 3047 2047 3090 deni·

1204 3128 1285 3168 que
1306 3109 1413 3154 flere
1433 3112 1608 3155 vacavit,
1627 3129 1648 3149 »
1670 3112 1731 3154 H.

1259 3193 1323 3220 20.
1347 3180 1413 3220 De
1427 3194 1552 3220 verna
1569 3194 1690 3234 aqua.
1712 3177 1782 3221 De
1803 3177 1901 3221 nive
1916 3210 1928 3232 ,
1952 3192 2047 3234 quae

1203 3241 1397 3298 liquescit
1417 3258 1516 3285 vere
1532 3275 1546 3297 ‚
1566 3251 1610 3285 et
1630 3242 1679 3286 fit
1697 3258 1818 3298 aqua.

1258 3308 1321 3349 23.
1343 3310 1489 3351 Janua
1514 3311 1651 3350 nostri
1665 3311 1854 3363 sepulcri.
1883 3305 2047 3362 Saepius

1203 3388 1247 3416 se
1268 3380 1458 3417 mortem
1479 3372 1657 3417 evasisse
1676 3371 1789 3416 dicit.
