2280 3776
240 323 347 376 232

708 328 772 378 P.
816 325 1103 382 OVIDII
1143 327 1516 386 NASONIS

244 438 470 497 Caesaris
499 453 580 498 est
602 437 837 521 primum
865 464 1063 503 munus
1080 489 1095 512 ,
1129 444 1276 526 quod
1304 444 1554 506 ducimus
1578 468 1764 508 auras:

325 534 512 593 Gratia
540 549 668 616 post
694 559 920 612 magnos
950 554 1028 599 est
1057 540 1156 599 tibi
1183 542 1431 602 habenda
1461 544 1626 603 Deos.

241 626 343 688 Ille
375 629 523 688 dedit
550 631 740 701 vitam,
774 646 857 701 tn,
890 657 1049 714 quam
1074 634 1225 695 dedit
1255 635 1372 706 ille,
1405 637 1599 710 tueris,

323 726 396 783 Et
418 725 547 786 sacis
577 743 798 809 accepto
830 753 1051 790 munere
1082 755 1243 813 posse
1271 731 1397 792 frui.

241 819 541 902 Quumque
570 823 945 904 perhorruerit
974 850 1128 886 casus
1156 851 1281 909 pars
1310 829 1540 888 maxima
1569 842 1823 900 nostros3
1953 843 2000 884 15

326 918 460 976 Pars
489 918 648 979 ctiam
674 921 818 980 credi
846 924 1185 1004 pertimuisse
1214 923 1376 996 velit,

241 1014 708 1100 Naufragiumque
734 1042 913 1080 meum
944 1020 1154 1081 tumulo
1187 1021 1440 1103 spectarit
1469 1022 1537 1081 ab
1569 1019 1679 1080 alto
1697 1066 1712 1093 ,

324 1113 436 1172 Nec
464 1112 670 1182 dederit
694 1116 844 1175 nanti
876 1140 974 1199 per
1001 1117 1139 1178 freta
1167 1142 1303 1178 saeva
1330 1141 1589 1189 manum·,
1653 1160 1666 1170 x

244 1207 574 1269 Seminecem
605 1212 791 1294 Stygia
820 1215 1087 1275 revocasti
1116 1214 1267 1277 solus
1296 1216 1364 1276 ab
1395 1215 1558 1276 unda.
1625 1235 1628 1239 ·

326 1306 448 1364 Hoc
466 1331 685 1390 quoque
709 1310 857 1392 quod
881 1335 1144 1372 memores
1162 1336 1453 1395 possumus
1477 1335 1617 1383 esse,
1645 1325 1800 1371 tuum
1824 1320 1921 1367 est.
1955 1336 2007 1364 20

244 1399 321 1458 Di
350 1400 451 1460 tibi
479 1426 534 1462 se
566 1404 812 1464 tribuant
841 1431 963 1466 cum
990 1409 1198 1468 Caesare
1227 1432 1439 1491 semper
1466 1406 1694 1468 amicos:

322 1500 448 1558 Non
479 1502 664 1583 potuit
692 1518 881 1565 votum
908 1503 1123 1586 plenius
1153 1527 1266 1564 esse
1292 1517 1490 1563 meum.

245 1591 376 1652 Haec
406 1617 564 1655 meus
590 1596 829 1675 argutis,
859 1598 905 1658 si
936 1614 996 1658 tu
1022 1613 1264 1682 paterere
1281 1644 1296 1670 ,
1324 1596 1528 1658 libellis

326 1690 563 1750 Poneret
589 1691 645 1750 in
677 1692 848 1753 multa
877 1693 998 1753 luce
1026 1694 1253 1755 videnda
1282 1693 1454 1754 labor.

246 1786 316 1846 Se
347 1811 568 1870 quoque
594 1813 766 1861 nune,
795 1791 1041 1872 quamvis
1066 1806 1151 1851 est
1171 1791 1321 1871 jussa
1351 1788 1656 1871 quiescere,
1691 1785 1824 1868 quin
1850 1799 1902 1845 te
1954 1800 2008 1844 25

324 1885 585 1944 Nominet
612 1885 873 1958 invitum,
905 1887 994 1947 vix
1020 1911 1138 1948 mea
1169 1890 1330 1948 Musa
1362 1901 1522 1947 tenet.

303 2035 319 2061 1
333 2036 364 2061 1.
386 2021 590 2062 Ducimas
604 2037 743 2063 auras.
766 2022 875 2066 Tres
890 2055 901 2072 ‚
928 2039 1086 2067 auram.

304 2103 366 2129 12.
399 2087 505 2128 Post
526 2103 699 2142 magnos
722 2088 849 2132 Deos.
878 2089 981 2131 Post
1004 2091 1087 2132 Jo-

246 2166 346 2193 vem
363 2160 406 2194 et
426 2151 671 2208 Augustum
693 2168 702 2195 ε
722 2153 787 2195 vel
806 2153 924 2196 Deos
945 2153 1088 2208 adpel-

244 2215 304 2259 lat
327 2216 570 2273 Augustum
592 2225 636 2273 et
656 2217 749 2272 ejus
766 2217 1087 2262 liberos.'Men.

303 2285 364 2327 15.
391 2286 611 2338 ‚Quumque
627 2287 889 2339 perhorreret.
910 2286 1089 2328 Perhor-

243 2351 396 2398 ruerit,
433 2359 599 2405 septem
628 2348 856 2391 meliores:
882 2365 1013 2405 quare
1044 2358 1088 2392 et

244 2429 347 2456 mox
368 2418 570 2468 spectarit
587 2429 666 2470 pro
681 2422 885 2468 spectaret
902 2429 1085 2470 repono;

245 2494 349 2521 nam
370 2483 578 2533 spectavit
596 2479 842 2522 Patavinus.
865 2480 925 2522 H.

303 2546 366 2589 16.
400 2549 508 2588 Pars
534 2550 659 2588 eliam
692 2547 809 2589 credi
827 2548 1089 2599 pertimuisse

245 2613 357 2653 velit.
377 2609 565 2665 Exponit
578 2609 768 2663 Merula,
784 2609 903 2665 quasi
919 2609 977 2651 illi
995 2624 1088 2650 non

243 2679 334 2720 veri
355 2676 482 2720 amici
497 2676 757 2730 timuissent,
776 2688 833 2718 ne
846 2675 972 2719 simul
987 2691 1089 2719 cum

244 2742 406 2787 Ovidio
426 2742 725 2797 relegarentur
747 2757 756 2783 z
777 2740 830 2783 de
842 2756 929 2796 quo
940 2750 1088 2784 tamen

244 2822 459 2863 nusquam
481 2805 666 2850 Ovidius
686 2805 785 2848 alibi
814 2805 1089 2849 mentionem

242 2872 357 2915 facit.
381 2872 533 2928 Quare
557 2871 730 2913 mallem
753 2871 895 2927 legere
912 2903 923 2923 ,
938 2875 1090 2926 praeti—

246 2941 397 2979 mutlrse
416 2953 427 2979 :
444 2952 540 2992 pars
556 2937 685 2978 etiam
699 2949 839 2990 nunc,
862 2952 999 2992 quum
1016 2936 1090 2978 vi·-

246 3001 354 3044 dent
366 3017 437 3044 me
455 3000 659 3054 exsulem,
675 3009 723 3043 ut
740 3010 960 3052 excusent,
971 3000 1089 3057 quod

244 3066 410 3109 nullam
423 3081 552 3122 opem
571 3065 750 3109 tulerint
765 3064 889 3119 mihi,
905 3066 1026 3109 aiunt
1042 3082 1088 3108 se

245 3130 320 3172 diu
352 3130 633 3187 praetimuisse
667 3130 779 3174 hanc
808 3146 951 3173 meam
989 3146 1089 3188 poe-

244 3209 367 3248 nam,
392 3202 436 3236 et
467 3210 586 3237 casus
608 3193 800 3237 infelices
823 3211 834 3246 ;
863 3195 962 3250 quia
977 3209 1087 3250 saepe

246 3258 447 3301 viderant
473 3275 546 3301 me
569 3258 669 3301 talia
691 3259 920 3302 admittere
936 3292 947 3313 ,
982 3258 1089 3315 qui-

247 3326 327 3369 bus
348 3323 543 3367 exsilium
574 3340 780 3367 mererer.
804 3326 863 3368 Et
881 3325 965 3368 hoc
979 3339 1090 3380 quo-

247 3389 462 3432 tidianum
475 3397 540 3432 est
557 3421 569 3443 ,
594 3397 645 3431 ut
659 3388 734 3444 qui
745 3397 912 3432 veteres
931 3390 1089 3432 amicos

247 3456 488 3501 destituunt
509 3488 521 3513 ,
547 3456 607 3501 ita
640 3473 685 3501 se
721 3464 937 3514 purgent,
972 3455 1090 3512 quod

1167 2024 1258 2079 jam
1284 2022 1357 2066 diu
1374 2020 1662 2078 imprudentis
1681 2019 1895 2072 hominis,
1927 2033 2008 2061 nec

1168 2090 1254 2133 suis
1267 2089 1452 2132 consiliis
1471 2088 1760 2144 obsequentis,
1775 2102 1893 2130 casus
1907 2100 2010 2141 prae-

1168 2154 1357 2198 viderint
1375 2163 1418 2197 et
1435 2153 1764 2210 praetimuerint.
1783 2152 1834 2194 Β.

1228 2235 1289 2277 19·
1311 2220 1575 2262 seminecem.
1596 2217 1724 2261 Solus
1743 2224 1840 2273 post
1861 2215 2010 2272 Augu-

1167 2293 1282 2329 stum
1303 2285 1479 2328 servasti
1492 2300 1578 2327 me.
1600 2284 1650 2327 P.
1668 2307 1722 2315 —
1737 2284 1882 2341 Stygia
1901 2296 2010 2323 revo-

1168 2356 1284 2394 casti
1291 2355 1406 2393 solus
1419 2354 1474 2393 ab
1487 2352 1612 2393 unda.
1628 2349 1698 2393 Sic
1712 2348 1780 2391 ille
1797 2346 1910 2404 apud
1928 2345 2012 2389 Co-

1169 2415 1333 2460 micum
1354 2432 1364 2458 ε
1387 2433 1408 2452 «
1427 2414 1554 2459 Solus
1575 2414 1627 2457 ab
1647 2413 1768 2457 Orco
1783 2420 2009 2454 mortuum

1169 2499 1242 2526 me
1261 2482 1469 2526 reducem
1490 2482 1535 2524 in
1553 2481 1695 2524 lucem
1714 2478 1881 2523 feceris.
1905 2495 1927 2516 »v

1226 2566 1291 2591 22.
1313 2551 1485 2591 Plenius
1514 2562 1618 2595 esse.
1644 2545 1792 2601 Quam
1814 2541 2006 2599 precari,

1171 2623 1220 2658 ut
1243 2613 1319 2656 Dii
1349 2629 1451 2656 cum
1474 2611 1646 2655 Caesare
1677 2610 1754 2654 tibi
1776 2609 1862 2653 sint
1883 2606 2007 2650 amici

1171 2692 1214 2725 et
1235 2679 1422 2736 propitii.

1227 2748 1291 2789 23.
1313 2748 1430 2788 Jlaec.
1451 2744 1683 2788 Beneficia.
1712 2742 1842 2785 Mlzn.
1858 2741 2006 2796 Argu-

1170 2817 1239 2855 tis.
1260 2810 1466 2855 Eruditis.
1487 2812 1536 2854 P.

1225 2878 1290 2919 25.
1309 2878 1431 2918 Nunc
1450 2889 1604 2929 quoque
1628 2874 1815 2927 quamvis
1837 2869 2006 2925 estjam

1157 2940 1292 2994 jussa
1331 2944 1546 2994 quiescere.
1584 2935 1768 2980 Turbati
1802 2933 1980 2978 numeri
1999 2950 2009 2978 ι

1171 3020 1286 3046 unus
1318 3003 1580 3056 Vaticanus,
1614 3010 1659 3044 et
1684 3000 1819 3044 Palat.
1839 3018 1860 3037 «
1895 2999 2011 3054 Quae

1172 3084 1344 3125 quoque
1361 3085 1478 3111 nunc
1489 3067 1682 3124 quamvis
1695 3074 1759 3109 est
1769 3066 1882 3121 jussa
1893 3065 2013 3120 quie-

1170 3150 1302 3177 scere.
1323 3152 1343 3171 »
1364 3133 1512 3176 Scribe
1527 3165 1538 3186 ,
1562 3151 1584 3171 «
1601 3132 1659 3175 Se
1680 3147 1853 3188 quoque
1864 3137 1982 3172 nunc
1997 3160 2008 3180 ,

1171 3198 1366 3253 quamvis
1381 3207 1443 3241 est
1456 3198 1570 3252 jussa
1584 3197 1802 3253 quiescere
1814 3228 1826 3247 ,
1848 3195 1952 3250 quin
1966 3201 2008 3235 te

1169 3263 1383 3307 Nominet
1393 3263 1596 3316 invitum,
1610 3262 1677 3304 vix
1691 3277 1788 3304 mea
1806 3260 1934 3302 Musa
1947 3266 2008 3301 te-

1170 3336 1260 3370 net.
1271 3345 1292 3364 n
1311 3328 1471 3370 Prima:
1486 3326 1715 3378 editiones,
1727 3343 1748 3361 «
1761 3324 1892 3367 Nunc
1906 3336 2008 3377 quo-

1172 3407 1254 3447 que
1274 3392 1363 3446 jam
1386 3390 1579 3446 quamvis
1597 3397 1660 3432 est
1678 3389 1802 3443 jussa.
1823 3404 1844 3424 »
1860 3385 1945 3426 Vix
1960 3399 2004 3426 se

1170 3462 1291 3499 tenet
1307 3471 1404 3500 mea
1423 3454 1576 3510 Musa,
1594 3452 1696 3509 quin
1717 3461 1757 3497 te
1776 3449 1973 3494 nominet
1991 3479 2003 3501 ,
