2268 3848
296 311 364 344 20
745 291 808 349 P.
867 295 1164 352 OV1D11
1219 296 1597 353 NASONIS

293 410 483 489 Quum
510 424 698 493 repeto
727 426 942 471 noctem
962 458 975 483 ‚
1009 436 1115 494 qua
1145 426 1230 472 tot
1254 412 1391 473 mihi
1419 437 1540 474 cara
1564 412 1795 496 reliqui;

370 505 600 565 Labitur
629 530 693 566 ex
722 506 896 565 oculis
926 529 1072 566 nunc
1101 532 1322 590 quoque
1353 523 1507 585 gutta
1537 510 1689 571 meis.

290 602 412 660 Jam
441 624 615 683 prope.
645 599 741 661 lux
769 599 990 672 aderat,
1026 626 1133 683 qua
1161 626 1244 662 me
1274 603 1545 666 discedere
1576 605 1755 666 Caesar
2034 621 2061 664 5

367 696 601 756 Finibus
632 711 879 756 extremae
903 696 1137 777 jusserat
1164 699 1436 760 Ausoniae.

288 795 402 853 Nec
431 816 613 864 mem,
642 816 740 853 nec
767 792 1006 875 spatium
1035 792 1250 854 fuerant
1277 796 1409 857 satis
1437 811 1563 879 apta
1593 796 1844 880 paranti:

368 890 714 972 Torpuerant
742 888 909 968 longa
937 904 1162 972 pectora
1191 904 1379 951 nostra
1408 915 1575 952 mora.

288 988 414 1046 Non
441 985 577 1045 mihi
608 1009 887 1046 servorum
906 1033 920 1058 ‚
948 985 1166 1047 comitis
1191 1010 1301 1046 non
1338 1011 1467 1047 cura
1494 987 1711 1066 legendi
1736 1012 1750 1062 ;

367 1084 495 1141 Non
523 1096 663 1164 aptae
690 1081 930 1165 profugo
958 1082 1124 1144 vestis
1155 1083 1341 1166 opisve
1370 1083 1492 1144 suit.
2012 1119 2061 1147 ιο

288 1181 415 1239 Non
445 1178 601 1238 aliter
630 1178 848 1262 stupui,
885 1203 1047 1261 quam
1082 1180 1177 1262 qui
1203 1181 1358 1241 Jovis
1387 1181 1610 1261 ignibus
1636 1181 1778 1244 ictus

366 1273 553 1348 Vivit,
586 1290 640 1335 et
669 1291 751 1335 est
784 1275 906 1335 vitae
933 1276 1151 1336 nescius
1181 1277 1298 1360 ipse
1327 1302 1454 1338 suae.

289 1374 370 1432 Ut
398 1387 578 1434 tamen
604 1373 745 1431 hanc
772 1371 956 1431 animo
982 1372 1186 1433 nubem
1219 1372 1384 1434 dolor
1407 1375 1524 1458 ipse
1555 1376 1816 1450 removit,

369 1469 444 1529 Et
477 1467 694 1527 tandem
726 1490 919 1527 sensus
945 1466 1268 1530 convaluere
1296 1470 1429 1542 mei;

286 1564 578 1647 Adloquor
607 1579 906 1625 extremum
934 1580 1158 1626 moestos
1187 1565 1436 1626 abiturus
1464 1566 1697 1639 amicOS‚
2012 1585 2060 1628 15

370 1659 486 1738 Qui
515 1658 683 1718 modo
713 1658 777 1719 de
806 1658 997 1720 multis
1027 1684 1171 1720 unus
1199 1676 1252 1721 et
1282 1660 1419 1720 alter
1447 1676 1614 1722 erant.

291 1758 445 1816 Uxor
476 1779 663 1816 amans
691 1755 910 1816 flentem
940 1755 1077 1817 flens
1107 1759 1283 1818 acrius
1309 1758 1428 1839 ipsa
1461 1757 1709 1829 tenebat,

369 1854 554 1914 Imbre
581 1877 682 1937 per
709 1854 962 1934 indignas
990 1876 1166 1938 usque
1190 1855 1414 1916 cadente
1442 1879 1623 1934 genas.

287 1953 432 2012 Nata
460 1950 654 2034 procul
680 1951 904 2033 Libycis
933 1951 1121 2011 aberat
1150 1951 1361 2013 diversa
1392 1952 1495 2013 sub
1525 1954 1635 2011 oris
1652 1998 1667 2023 ‚

341 2080 380 2123 3.
408 2082 490 2123 Tot
505 2081 612 2122 mihi
627 2095 741 2122 cara.
774 2078 969 2122 Patriam
984 2112 995 2133 ,
1021 2095 1134 2122 uxo·-

289 2159 383 2186 rem
398 2176 409 2198 ,
432 2143 638 2199 domum,
655 2143 812 2186 amicos
827 2176 838 2199 ,
856 2143 1011 2186 urbem
1025 2176 1037 2197 ,
1053 2151 1134 2186 etc.

292 2206 490 2251 Cmrffl.

342 2274 380 2328 4.
403 2274 517 2316 Tunc
535 2288 702 2329 quoque.
718 2273 840 2315 Nunc
851 2288 1009 2328 quoque
1022 2271 1137 2316 Rot-

290 2337 520 2394 tendorph.
537 2338 708 2381 rectius.
731 2337 898 2380 Hssms.

345 2422 379 2461 7.
403 2406 557 2446 Fuerat
574 2408 681 2446 satis
700 2410 802 2458 apta
813 2405 1008 2458 parandi.
1027 2405 1136 2446 Fue-

286 2477 386 2511 rant
401 2468 621 2524 eleganter
641 2467 868 2511 Barberin.
879 2472 1058 2522 paranti
1074 2467 1134 2509 li-

288 2533 367 2577 ber
384 2533 504 2577 Petri
523 2532 662 2575 Servii
680 2551 689 2583 ;
706 2535 950 2588 piandipro
967 2531 1136 2574 diversa

288 2597 471 2640 lectione
483 2594 766 2638 Combianus.
779 2595 1135 2649 Richelianuspa-

287 2671 380 2704 ratu
395 2677 475 2717 pro
495 2655 662 2717 pai-atui
676 2692 688 2714 ,
708 2660 825 2716 quod
843 2676 994 2702 verum
1014 2668 1134 2716 puto.

290 2727 459 2769 Hnms.

341 2809 381 2852 9.
403 2794 582 2834 Comites
599 2808 680 2833 non
698 2807 798 2834 cura
811 2793 984 2846 legendi.
1005 2792 1134 2836 Comi·

284 2862 341 2901 tis
357 2859 580 2901 Barberin.
605 2867 647 2900 et
668 2873 747 2913 pro
768 2856 934 2900 diversa
950 2857 1132 2901 lectione

286 2924 630 2980 Gottorphianus
642 2958 653 2978 ‚
677 2923 864 2980 optime:
881 2940 1035 2976 comes,
1052 2941 1133 2981 pro

286 2989 477 3034 comites.
502 2990 669 3032 Hnms.

346 3072 407 3098 11.
431 3057 547 3098 Ictus
571 3069 585 3107 ,·
619 3055 762 3097 Juret.
797 3053 847 3097 ad
882 3054 1131 3114 Symmach.

289 3121 380 3172 III,
410 3120 489 3176 Ep.
511 3120 537 3161 6
553 3152 564 3173 ,
596 3119 641 3162 in
672 3119 762 3162 aliis
794 3118 1009 3162 codicibus
1041 3135 1130 3163 esse

284 3191 404 3227 actus
423 3192 628 3234 testatum
651 3191 695 3226 et
713 3182 784 3225 lib.
801 3182 883 3236 IV,
907 3183 1028 3240 Eleg.
1048 3196 1128 3236 111,

283 3266 342 3292 vs.
366 3250 441 3308 69,
461 3252 583 3292 Joot‘s
601 3253 766 3304 ignibus
784 3258 926 3305 ustus,·
949 3259 993 3294 et
1011 3258 1131 3292 ustus

281 3313 351 3357 hic
375 3323 466 3356 erat
487 3314 531 3355 in
558 3314 734 3356 Moreti.

340 3381 401 3422 13.
424 3383 574 3423 Animi
590 3383 734 3422 nubem
753 3382 873 3422 dolor
886 3385 977 3436 &ose
993 3397 1130 3424 temo—

280 3450 349 3490 eit.
369 3444 522 3488 Malim
544 3449 683 3489 animo
702 3453 750 3489 ut
768 3445 992 3489 Puteanus
1014 3461 1026 3499 ς
1058 3445 1113 3490 lib
1126 3470 1136 3481 ·

1217 2078 1336 2123 VIII
1358 2080 1469 2122 Met.
1504 2081 1578 2136 157
1595 2111 1607 2134 ‚
1629 2095 1680 2122 ex
1703 2079 1889 2136 antiquis
1909 2097 2062 2124 mem-

1214 2143 1360 2187 branis
1375 2156 1386 2184 :
1397 2146 1599 2187 Destinat
1604 2146 1714 2188 bunc
1724 2147 1867 2189 ,Minos
1875 2149 2062 2190 thalamo

1214 2226 1412 2253 removere
1427 2213 1638 2266 pudorem.
1663 2211 1830 2254 HEINS.

1275 2276 1336 2329 14.
1366 2277 1429 2318 Et
1455 2277 1621 2318 tandem
1650 2291 1798 2317 sensus
1822 2278 2064 2320 convaluere

1215 2345 1306 2384 mei.
1325 2340 1395 2384 Sic
1411 2339 1521 2383 Caes.
1536 2341 1562 2383 8
1579 2373 1590 2395 ‚
1617 2342 1667 2384 Β.
1687 2340 1742 2384 G.
1767 2342 1945 2385 Animos
1963 2359 2064 2384 con-

1214 2409 1421 2449 solatione
1430 2415 1568 2448 sanat.
1580 2405 1637 2448 Et
1649 2406 1870 2463 eleganter
1878 2406 2062 2450 sueton.

1214 2471 1262 2513 in
1277 2470 1457 2527 August.
1470 2471 1655 2513 Annona
1669 2475 1890 2514 convaluit.
1905 2474 2062 2515 Conva-

1213 2537 1335 2576 luere.
1346 2532 1589 2590 Coeperunt
1602 2534 1861 2591 resipiscere.
1877 2535 2063 2578 Man.—

1215 2601 1278 2642 Et
1287 2602 1452 2641 tandem
1465 2614 1611 2641 sensus
1621 2603 1874 2642 convaluere.
1887 2600 1975 2642 Ubi
1987 2615 2060 2642 me

1214 2663 1392 2720 collegi,
1416 2663 1673 2719 animusque
1693 2663 1847 2715 rediit;
1865 2680 1942 2707 seu
1963 2665 2062 2706 ani-

1214 2716 1340 2771 mum
1361 2729 1502 2783 recepi
1518 2760 1530 2782 ,
1550 2728 1660 2783 quia
1678 2728 1836 2771 nebula
1850 2728 1920 2771 illa
1934 2738 1977 2772 et
1990 2728 2062 2772 of-

1212 2791 1309 2835 fusa
1329 2791 1511 2849 caligine
1534 2791 1721 2835 emersit.
1749 2793 1895 2837 PONT.

1272 2859 1333 2900 ιθ.
1358 2859 1444 2910 Qui
1457 2859 1578 2899 modo
1595 2860 1647 2899 de
1667 2861 1818 2900 multzlr.
1840 2858 1964 2901 Inter
1986 2874 2059 2902 eos

1213 2923 1285 2979 qui
1308 2924 1352 2965 in
1374 2923 1571 2966 amicitiae
1601 2923 1748 2966 officio
1777 2933 2028 2966 manserant
2043 2956 2056 2978 ,

1215 2987 1403 3042 Carum,
1432 2986 1610 3030 Celsum
1628 2997 1672 3031 et
1687 2988 1931 3030 Maximum
1946 3004 2060 3031 enu-

1211 3061 1376 3106 merat,
1394 3052 1463 3095 lib.
1487 3054 1555 3097 Ill
1571 3085 1582 3106 ,
1606 3052 1727 3108 Eleg.
1743 3066 1785 3096 v,

1272 3137 1286 3161 ι
1298 3136 1333 3175 7.
1346 3120 1471 3161 Mens
1481 3123 1646 3171 acran,-
1666 3117 1724 3160 ita
1740 3117 1954 3175 conjunge
1967 3117 2060 3164 haec

1211 3183 1298 3226 duo
1316 3184 1458 3226 verba.
1474 3181 1828 3237 CIOFAN.—Jpsa
1843 3187 2030 3227 movebat
2041 3216 2055 3233 ,

1210 3265 1349 3299 unus;
1373 3252 1561 3294 dolebat,
1587 3246 1821 3304 Gottorph.
1848 3247 2057 3292 Heinsius

1209 3313 1466 3368 conjiciebat
1482 3345 1493 3366 ,
1504 3311 1694 3366 fovebat.

1270 3395 1331 3436 ¹9·
1351 3380 1473 3419 Nata.
1490 3375 1596 3419 Filia
1609 3374 1766 3418 Perilla
1777 3407 1789 3430 ,
1801 3391 1896 3432 quae
1911 3375 2056 3421 virum

1206 3443 1256 3487 in
1273 3441 1470 3486 Africam
1485 3449 1631 3486 secuta
1650 3440 1807 3485 fuerat.
