2280 3776
451 333 890 391 TRISTIUM
941 334 1098 390 LIB.
1153 335 1266 391 IV.
1319 333 1560 391 ELEG.
1603 334 1759 391 VII.
1882 337 1981 391 185

309 451 485 513 Missa
510 452 611 524 sit,
641 452 699 512 in
726 464 942 512 nostras
970 449 1122 511 nulla
1151 450 1331 512 venire
1359 475 1569 513 manus.

230 544 390 606 Mille
417 562 596 608 tamen
625 570 812 609 causas
841 546 1126 608 scribendo
1154 548 1308 607 vince
1334 547 1676 631 frequenter,
1938 565 1991 606 25

312 644 581 705 Excusem
612 668 679 705 ne
708 659 760 705 te
790 667 1028 728 semper,
1058 644 1225 705 amice
1243 690 1258 717 ‚
1287 644 1438 705 mihi.

285 787 351 840 24.
372 787 502 830 Nulla
521 790 671 829 venire.
693 785 816 830 Olim
832 785 959 841 editi,
972 802 1070 830 rara
1150 788 1208 830 da
1227 786 1344 830 alius.
1366 787 1472 830 Mox
1485 819 1497 841 ‚
1517 788 1640 830 mlle
1659 786 1821 842 quidem
1839 800 1995 829 causas

232 853 370 892 venire
383 863 399 902 5
427 850 503 893 sed
522 850 727 895 Heinsius
749 867 800 894 ex
822 850 989 896 duobus
1010 851 1070 894 li-
1152 851 1270 895 Mor.
1279 850 1993 905 scn‘benstuvinceJunian.Nostri,

232 914 319 957 bris
329 917 446 959 nulla
454 915 643 972 reposuit
656 933 667 969 ;
673 932 817 972 pauca
829 931 942 960 unus
957 934 967 969 ;
991 924 1072 959 Iar·
1152 924 1289 959 tamen
1302 926 1346 960 et
1364 919 1581 961 scribendo
1600 921 1731 960 w'nce.

779 1167 1164 1240 ELEGIA
1217 1168 1447 1238 VIII.

785 1452 1444 1511 ARGUMENTUM.

242 1588 655 1648 Quinquagenarius
678 1598 808 1647 poeta
829 1591 1052 1648 queritur,
1085 1606 1131 1634 se
1165 1589 1254 1646 jam
1282 1603 1508 1633 canescere
1541 1587 1585 1631 in
1618 1586 1908 1631 infelicissima
1927 1602 2007 1630 re-

293 1659 449 1731 gione,
484 1675 538 1704 eo
574 1668 770 1716 tempore
789 1693 800 1715 ,
843 1675 930 1717 quo
960 1659 1050 1702 frui
1086 1658 1303 1703 debuisset
1334 1658 1496 1714 patria,
1541 1656 1757 1702 carissima
1787 1656 2008 1713 conjuge,

296 1728 470 1783 amicis,
505 1737 584 1773 etc.
610 1728 724 1785 Qun
748 1728 782 1772 si
810 1727 914 1771 olim
940 1744 964 1772 a
998 1727 1213 1784 Delphico
1243 1727 1449 1781 oraculo,
1471 1735 1546 1771 aut
1561 1726 1786 1769 Dodonaea
1808 1725 2008 1769 columba

292 1798 445 1842 futura
466 1797 723 1855 accepisset,
743 1812 854 1840 vana
879 1796 980 1840 dicit
1002 1813 1045 1841 se
1068 1812 1119 1840 ea
1144 1813 1347 1854 responsa
1367 1797 1710 1841 existimaturum
1731 1795 1888 1840 fuisse:
1910 1797 2010 1838 cla-

297 1866 548 1923 rissimaque
569 1864 784 1909 sententia
805 1863 955 1920 docet,
975 1863 1083 1908 nihil
1099 1874 1188 1909 tam
1206 1865 1397 1910 validum
1412 1882 1503 1911 esse
1518 1899 1530 1921 ,
1550 1865 1664 1923 quod
1684 1882 1772 1909 non
1793 1866 2010 1922 subjaceat

294 1934 452 1981 divine
475 1935 686 1980 voluntati
708 1951 755 1979 ac
784 1935 1001 1991 potentin.
1018 1935 1249 1979 Postremo
1263 1945 1439 1980 ceteros
1459 1935 1667 1979 admonet
1685 1970 1696 1990 ,
1725 1945 1773 1979 ut
1788 1936 1917 1992 ipsius
1929 1950 2010 1977 ca-

293 2005 408 2050 sibus
439 2005 623 2061 moniti,
657 2005 903 2063 Augustum
921 2037 933 2060 ,
967 2005 1091 2062 cujus
1119 2007 1314 2064 potentia
1337 2023 1414 2063 par
1443 2015 1509 2051 est
1539 2006 1635 2051 Diis
1664 2004 1979 2049 immortalibus
1996 2036 2008 2058 ,

295 2074 618 2121 demereantur.

242 2182 395 2271 JAM
423 2230 540 2268 mea
571 2230 799 2291 cycneas
827 2207 1114 2268 imitantur
1142 2223 1388 2292 tempora
1420 2208 1666 2291 plumaS‚

324 2304 507 2366 Inficit
535 2319 588 2365 et
613 2304 798 2384 nigras
826 2328 958 2365 cana
987 2319 1200 2365 senecta
1229 2328 1446 2364 comas:

246 2404 371 2464 Jam
393 2402 641 2463 subeunt
665 2403 794 2462 anni
822 2401 1040 2480 fragiles
1058 2448 1074 2475 ‚
1103 2415 1158 2462 et
1184 2402 1414 2461 inertior
1439 2415 1598 2472 aetas;

329 2499 562 2581 Jamque
588 2521 781 2582 parum
809 2498 970 2558 firmo
998 2521 1084 2558 me
1114 2497 1251 2557 mihi
1277 2497 1416 2558 ferre
1448 2520 1607 2575 grave
1635 2511 1732 2558 est.

248 2594 410 2656 Nunc
442 2609 581 2668 erat,
606 2609 673 2666 ut
702 2593 886 2676 posito
913 2593 1166 2653 deberem
1192 2593 1300 2653 fine
1325 2593 1578 2654 laborum
1992 2609 2017 2650 5

331 2691 552 2765 Vivere,
582 2715 668 2751 mc
696 2690 852 2751 nullo
877 2689 1203 2752 sollicitante
1231 2706 1415 2762 metu3

251 2789 502 2872 Quaeque
527 2811 658 2848 meae
682 2810 895 2869 semper
921 2785 1247 2868 placuerunt
1273 2788 1385 2847 otia
1406 2787 1611 2860 menti,

176 2886 181 2890 ’
335 2886 601 2968 Carpere,
631 2899 686 2944 et
714 2884 769 2942 in
801 2883 996 2943 studiis
1026 2882 1265 2943 molliter
1293 2906 1407 2943 esse
1433 2883 1602 2954 meis;

253 2978 330 3039 Et
349 3002 569 3062 parvam
591 2976 861 3039 celebrare
892 2977 1117 3038 domum
1131 3024 1146 3051 ‚
1178 2991 1494 3059 veteresque
1514 2977 1745 3037 Penates
1761 3023 1776 3049 ‚

283 3089 289 3095 ·
312 3135 350 3161 2.
373 3117 491 3161 Alba
508 3124 677 3161 senecta
699 3135 853 3162 comas.
876 3119 964 3162 Hic
985 3135 1098 3177 quo—
1181 3119 1233 3164 C.
1251 3144 1306 3152 —
1325 3122 1444 3163 Cana
1461 3128 1628 3163 senecta
1650 3120 1881 3163 Hafniens.
1901 3120 2024 3175 cujus

257 3199 339 3241 que
351 3182 471 3225 idem
483 3182 585 3226 dicit
598 3183 714 3239 quod
727 3184 937 3240 superiori
950 3200 1096 3228 versu:
1180 3194 1286 3241 puto
1306 3189 1347 3229 τὲ
1363 3188 1462 3227 alba
1482 3202 1571 3228 esse
1590 3185 1786 3242 glossam.
1804 3185 2023 3228 Bolum.—

259 3251 362 3291 Jam
375 3263 467 3290 mea
479 3261 672 3305 cycneas‚·
689 3248 791 3290 etin
805 3248 894 3291 aliis
905 3265 1000 3305 quae
1015 3258 1100 3292 sta-
1182 3251 1329 3295 Nostri
1345 3260 1493 3294 tamen
1512 3255 1613 3294 alba
1636 3250 1889 3308 praeferunt.

260 3314 341 3357 tim
354 3312 775 3369 sequuntur.Tibull.
794 3311 866 3355 lib.
879 3314 940 3368 11,
957 3314 1023 3358 ΕΙ.
1042 3329 1095 3370 11,
1234 3319 1271 3359 5.
1298 3317 1357 3358 Ut
1365 3321 1507 3371 posito
1526 3319 1713 3359 deberem
1713 3318 1808 3372 fine
1825 3319 2023 3363 laborum.

261 3395 371 3422 vers.
399 3395 448 3438 ¹9
469 3394 544 3434 sq:
579 3396 600 3415 «
627 3377 733 3421 dum
756 3379 878 3422 tarda
899 3389 1095 3424 senectus
1179 3381 1311 3424 Forte
1335 3414 1346 3435 ,
1375 3385 1520 3436 posita
1550 3384 1731 3424 deberem
1739 3385 1835 3438 fine
1860 3385 1995 3426 labori
2004 3399 2019 3434 ‚-

263 3444 447 3490 Inducat
469 3461 610 3502 rugas,
631 3443 880 3501 inficiatque
900 3461 1056 3490 comas,
1073 3465 1095 3486 n
1169 3450 1315 3501 posita
1333 3454 1383 3490 ut
1406 3446 1567 3491 vitetur
1589 3446 1855 3502 ambiguitas.
1880 3447 1940 3490 H.
