2280 3776
522 306 637 361 EX
678 305 977 361 PONTO
1016 305 1183 361 LIB.
1228 306 1315 360 ΙΙ.
1351 305 1633 362 EPIST.
1679 309 1752 361 X.

1914 310 2019 365 365

336 423 577 504 Quaque
606 419 720 481 suis
749 421 973 501 Cyanen
1003 421 1191 480 misc-et
1218 423 1445 505 Anapus
1475 422 1647 504 aquis.

251 518 367 581 Nec
387 517 579 601 procul
598 516 727 577 hinc
748 517 1039 599 Nymphon
1059 564 1074 590 ‚
1095 542 1214 601 quae
1230 565 1245 587 ‚
1279 519 1406 580 dum
1426 520 1567 599 sugit
1584 519 1760 581 Elidis
1779 544 1990 582 amnem
2008 571 2020 595 ,

330 616 494 675 Tecta
529 612 631 674 sub
663 635 911 696 aequorea
942 636 1087 674 nunc
1120 638 1341 697 quoque
1371 617 1542 677 currit
1572 641 1731 700 aqua.

252 712 358 774 Hic
385 710 521 771 mihi
550 709 782 771 labentis
811 734 937 793 pars
966 711 1091 771 anni
1125 734 1316 790 magna
1352 730 1572 795 peracta
1602 730 1698 776 est.

330 810 486 871 Eheu
506 856 521 880 ‚
554 832 713 891 quam
749 807 934 892 dispar
962 823 1042 870 est
1072 808 1227 870 locus
1254 807 1345 869 ille
1379 811 1567 874 Getis!
1972 833 2023 874 30

250 907 325 966 Et
354 918 522 987 quota
551 925 677 986 pars
706 902 819 964 haec
853 918 983 964 sunt
1005 927 1211 976 rerum,
1245 928 1380 987 quas
1411 907 1647 967 vidimus
1673 905 1838 967 ambo
1857 952 1871 977 ‚

329 1003 410 1063 Te
442 1001 578 1062 mihi
601 1001 871 1083 jucundas
899 1001 1166 1063 efficiente
1191 1002 1340 1063 vias!

253 1099 359 1160 Seu
387 1111 503 1158 rate
541 1096 794 1158 caeruleas
824 1097 970 1180 picta
998 1096 1324 1159 sulcavimus
1352 1099 1555 1171 undas3

333 1192 540 1254 Esseda
567 1217 670 1253 nos
698 1191 826 1271 agili
854 1192 963 1254 sive
995 1193 1165 1254 tulere
1197 1208 1317 1254 rota

262 1292 416 1375 Saepe
445 1290 630 1351 brevis
654 1289 819 1350 nobis
847 1289 1060 1351 vicibus
1082 1290 1165 1350 via
1195 1291 1307 1350 visa
1339 1289 1633 1372 loquendi;
1979 1309 2032 1354 35

333 1385 610 1469 Pluraque
629 1432 644 1457 ‚
675 1386 721 1446 si
747 1409 1000 1447 numeres
1019 1433 1035 1458 ‚
1070 1387 1233 1448 verba
1265 1386 1414 1447 suere
1443 1386 1634 1464 gradu.

255 1483 407 1566 Saepe
441 1482 555 1543 dies
584 1504 831 1543 sermone
860 1483 1041 1543 minor
1068 1483 1208 1555 fuit;
1239 1482 1407 1566 inque
1437 1482 1777 1565 loquendum

335 1579 517 1639 Tarda
545 1602 644 1662 per
673 1580 890 1640 aestivos
921 1579 1094 1640 desuit
1119 1579 1253 1639 hora
1286 1578 1418 1639 dies-

252 1677 360 1737 Est
390 1674 598 1758 aliquid
619 1721 633 1748 ‚
663 1698 818 1759 casus
847 1675 1050 1758 pariter
1082 1675 1327 1735 timuisse
1360 1674 1629 1747 marinos3

253 1829 257 1833 ·
308 1806 373 1851 26.
402 1806 573 1862 Quaque
595 1807 690 1847 suis'
708 1806 877 1863 Cyanen
895 1812 975 1848 etc.
1011 1804 1099 1848 Per

251 1870 400 1914 omnia
419 1869 692 1924 subauditur,¹
706 1892 708 1894 ·
721 1871 926 1913 Vidimus.
942 1868 1095 1928 Cyane

252 1941 402 1978 autem
435 1932 630 1993 nympha
657 1932 742 1976 fuit
775 1932 952 1987 Sicula,
985 1932 1098 1976 socia

250 1996 549 2054 Proserpinae,
573 2010 669 2052 quae
687 1995 742 2038 ob
762 2004 932 2052 raptam
953 2011 975 2037 a
991 1994 1100 2037 Plu-

251 2068 356 2107 tone
383 2060 706 2117 -Proserpinam
732 2057 842 2102 adeo
877 2058 1022 2112 flevit,
1050 2067 1099 2101 ut

249 2123 488 2184 insontem
512 2125 579 2169 sui
603 2123 794 2168 nominis
814 2131 980 2166 mutata
1001 2122 1100 2166 fue-

251 2191 308 2234 rit
338 2206 349 2234 ε
375 2189 566 2235 fabulam
597 2189 767 2247 plenius
798 2188 937 2232 refert
967 2187 1098 2232 Ovid.

252 2257 441 2302 Metam.
464 2257 537 2301 lib.
556 2257 612 2300 V.

272 2374 277 2378 .
308 2338 375 2378 ²7·
391 2323 633 2377 Necpmcul
645 2323 744 2365 hinc
757 2323 955 2379 Nympbe.
969 2322 1101 2379 Nym·

244 2388 359 2440 pben
377 2385 527 2430 scribe.
549 2385 820 2430 Praecedenti
835 2400 960 2428 versu
976 2387 1098 2427 Ana-

247 2453 322 2506 pis
339 2448 516 2506 quidam
537 2458 730 2501 veteres;
762 2449 822 2492 sic
854 2456 900 2490 et
923 2447 1033 2490 libro
1058 2446 1098 2487 V

254 2515 442 2560 Metam.
467 2524 510 2560 et
531 2514 628 2570 alibi
650 2515 831 2558 variant.
849 2514 1011 2566 Graecis
1035 2523 1102 2556 ta·-

251 2596 360 2624 men
386 2574 536 2629 Ᾰνακος
557 2588 809 2623 constanter
831 2578 1001 2622 dicitur.
1039 2579 1100 2621 H.

256 2666 310 2676 -
333 2646 421 2689 Nec
439 2648 592 2701 procul
612 2648 714 2701 hine
743 2647 791 2687 N
782 2646 944 2702 ymphe.
977 2644 1100 2686 Are-

255 2709 429 2754 thusam
453 2711 568 2755 dicit.
586 2710 803 2754 Arethusa
818 2719 965 2753 autem
979 2709 1101 2765 virgo

252 2775 342 2834 {uit
360 2777 555 2820 venatrix
570 2810 582 2831 ,
603 2792 748 2821 comes
765 2775 919 2818 Diauae
933 2808 945 2829 ,
977 2789 1072 2830 quae
1088 2807 1100 2827 ‚

254 2888 258 2900 λ
288 2854 394 2899 uum
425 2849 530 2885 aestu
551 2840 757 2897 fatigata,
798 2856 842 2883 se
863 2839 907 2881 in
934 2837 1102 2894 Alpheo

214 2912 217 2921 ¹
292 2904 441 2948 umine
462 2905 638 2960 lavaret,
651 2904 757 2947 dum
773 2902 974 2946 Deusilla
990 2917 1102 2944 ama-

260 2974 303 3009 ta
335 2967 463 3025 potiri
497 2970 641 3027 cupit,
681 2969 862 3026 aufugit.
893 2968 970 3012 Ille
998 2982 1102 3009 vero

260 3029 367 3074 dum
388 3034 647 3088 pertinacius
676 3034 919 3091 insequitur
942 3067 953 3087 ,
981 3035 1101 3076 Are-

260 3094 402 3146 thusa,
418 3096 647 3153 implorato
664 3099 816 3142 Dianae
830 3098 1017 3142 subsidio
1029 3131 1040 3150 ,
1056 3098 1103 3140 in

262 3160 435 3204 sontem
466 3162 531 3204 sui
563 3164 752 3207 nominis
787 3180 994 3209 conversa
1023 3172 1101 3207 est.

264 3224 406 3280 Cujus
433 3226 559 3269 undis
595 3243 728 3282 quum
759 3227 953 3283 Alpheus
980 3244 1104 3271 cotn-

263 3294 444 3336 misrere
459 3310 503 3336 se
521 3293 673 3346 vellet,
696 3294 764 3336 illa
779 3310 883 3336 vero
903 3311 981 3350 per
1000 3295 1104 3338 sub-

263 3367 486 3402 terraneos
502 3367 667 3401 meatus
682 3358 917 3415 diffugeret
933 3391 944 3412 ,
968 3375 1102 3417 usque

265 3422 311 3465 in
333 3423 523 3466 Siciliam
544 3432 795 3478 prosecutus
818 3432 894 3466 est.
916 3425 980 3467 M.

1239 1803 1301 1845 28.
1310 1804 1446 1845 Currit
1455 1819 1580 1859 aqua.
1591 1803 1748 1845 Manat
1757 1803 1876 1859 prior
1886 1804 2030 1849 Thun-

1181 1885 1302 1914 neus.
1333 1869 1500 1912 Huius.

1235 1932 1303 1974 30.
1334 1934 1427 1974 Heu
1457 1939 1655 1987 quantum
1684 1933 1860 1988 dtlrpar!
1898 1933 2033 1978 Multi

1179 2005 1349 2040 veteres
1363 2029 1375 2051 ,
1414 2000 1510 2040 Heu
1525 2030 1536 2046 ,
1566 2000 1667 2047 heu,
1703 2014 1826 2053 quam
1857 2001 2028 2055 da‘spar!

1180 2062 1300 2103 Eheu
1320 2076 1442 2117 quarn
1475 2064 1622 2115 deli-par
1650 2061 1823 2105 Sarrav.
1848 2063 2031 2119 Argent.

1182 2132 1225 2168 et
1255 2124 1408 2168 decem
1437 2125 1535 2177 alii3
1576 2125 1757 2169 totidem
1775 2160 1786 2179 ,
1815 2129 1904 2169 Hei
1930 2131 2039 2170 mihi

1181 2206 1303 2245 quam
1335 2192 1482 2245 dispar
1502 2222 1513 2239 ‚
1552 2200 1599 2233 ut
1633 2190 1842 2246 Epic-edio
1869 2191 2031 2236 Drusi:

1182 2271 1205 2291 «
1230 2254 1316 2297 Hei
1339 2254 1471 2308 mihi,
1500 2271 1630 2311 quam
1657 2255 1801 2311 dispar
1823 2256 1923 2300 huic
1947 2258 2033 2301 suit

1181 2319 1286 2362 illud
1308 2321 1403 2364 iter.
1431 2338 1453 2358 »ι

1221 2385 1288 2428 32.
1299 2386 1356 2427 Te
1365 2385 1685 2439 mibey’ucnndas
1697 2387 1902 2443 efficiente
1912 2388 2031 2433 vias!

1182 2447 1421 2491 Dictumne
1439 2458 1503 2491 est
1516 2448 1596 2491 hoc
1613 2449 1730 2505 juxta
1745 2450 1847 2493 illud
1862 2452 2029 2507 Publii,

1185 2530 1207 2551 «
1224 2513 1455 2556 Facundus
1480 2529 1626 2558 comes
1646 2514 1691 2557 in
1715 2516 1781 2558 via
1805 2532 1886 2573 pro
1905 2517 2031 2560 vehi-

1183 2577 1278 2621 culo
1298 2587 1375 2620 est.
1399 2596 1420 2615 »

1223 2643 1303 2684 ⁷35.
1334 2645 1504 2686 V1'c1’bns
1522 2646 1725 2700 loquendi.
1765 2644 2028 2691 Alter-natium

1182 2724 1434 2752 sermonem
1465 2709 1695 2764 habendo,
1730 2711 1834 2755 fecit
1866 2721 1915 2755 ut
1946 2715 2031 2757 iter

1183 2773 1309 2816 nobis
1329 2774 1460 2817 breve
1477 2775 1712 2821 videretur.

1237 2838 1304 2882 36.
1325 2839 1457 2881 Fuere
1466 2843 1593 2895 plura
1612 2845 1758 2896 gradu.
1779 2842 1922 2886 Fuere
1943 2860 2031 2887 nu-

1184 2904 1422 2948 merosiora
1440 2904 1553 2961 ipsis
1581 2909 1794 2963 gressibus
1815 2918 1859 2952 et
1877 2911 2031 2966 gradi-

1184 2970 1264 3012 bus
1287 2971 1458 3012 nostris.
1480 2971 1608 3015 Mna.

1239 3038 1304 3093 37.
1323 3038 1435 3091 Saepe
1455 3040 1545 3080 dies
1573 3054 1757 3082 sermone
1780 3044 1915 3084 minor
1922 3041 2027 3096 fuit.

1185 3101 1290 3144 Dies
1321 3118 1431 3158 saepe
1463 3103 1578 3146 visus
1609 3104 1694 3148 fuit
1725 3106 1898 3148 brevior
1928 3123 2029 3150 ser—

1185 3170 1516 3222 mone.—-Inqne
1534 3172 1748 3224 loquendo.
1760 3171 2029 3226 Loquendum

1186 3232 1356 3275 Sarrav.
1381 3232 1560 3288 Argent.
1587 3243 1630 3275 et
1652 3233 1842 3290 quinque
1862 3236 1944 3278 alii.
1967 3237 2026 3278 H.

1239 3298 1304 3340 38.
1338 3299 1445 3340 Dies
1476 3301 1611 3340 tarda.
1645 3299 1751 3342 Dies
1778 3300 1894 3356 ipsa,
1933 3316 2029 3356 quae

1184 3378 1261 3419 per
1280 3371 1470 3405 aestatem
1493 3372 1555 3406 est
1577 3364 1740 3407 tardior
1760 3375 1804 3408 et
1823 3367 2004 3423 longior.

1239 3428 1305 3485 39.
1341 3429 1476 3471 Cium
1490 3434 1656 3483 pariter
1676 3435 1865 3473 temuisse
1890 3435 2026 3474 mari*
