2280 3776
573 330 678 384 EX
724 327 1021 383 PONTO
1061 328 1216 382 LIB.
1262 328 1309 381 1.
1352 327 1627 384 EPIST.
1672 333 1759 385 11.

1938 336 2043 389 263

367 441 598 522 Ignibus
625 442 858 504 admotis
886 456 952 502 ut
975 465 1114 502 nova
1147 462 1265 503 cera
1293 441 1482 526 liquet.

289 538 443 623 Saepe
471 563 666 623 precor
689 554 954 611 mortem3
982 553 1213 600 mortem
1246 563 1466 623 quoque
1495 539 1756 624 deprecor
1782 542 1955 617 idem,

366 638 450 699 Ne
474 660 592 699 mea
619 636 977 698 Sarmaticum
1005 650 1263 715 contegat
1290 660 1411 698 ossa
1439 636 1631 699 solum.
1992 660 2049 700 σο

287 733 475 812 Quum
506 731 689 806 subit,
722 733 963 811 Augusti
992 756 1111 817 quae
1137 734 1211 794 sit
1236 732 1543 809 clementia,
1567 736 1727 797 credo

367 829 562 891 Mollia
586 830 885 911 naufragiis
913 830 1074 892 litora
1103 854 1265 915 posse
1296 832 1429 893 dari.

288 925 478 1006 Quum
506 926 663 988 video
681 972 697 999 ‚
728 951 891 1010 quam
916 927 1027 988 sint
1052 951 1173 989 mea
1198 927 1307 990 sata
1340 930 1577 1001 tenacia,
1602 930 1857 1009 frangor3

365 1023 612 1107 Spesque
637 1023 797 1095 levis,
829 1047 1030 1103 magno
1053 1025 1194 1085 victa
1222 1025 1446 1098 timore,
1478 1026 1641 1086 cadit.

284 1118 399 1178 Nec
430 1131 607 1177 tamen
638 1116 868 1178 ulterius
898 1118 1197 1202 quidquam
1225 1143 1454 1203 sperove
1474 1166 1488 1193 ‚
1515 1143 1802 1203 precorve‚
1994 1137 2051 1180 65

365 1212 549 1291 Quam
578 1211 715 1273 male
744 1228 955 1273 mutato
986 1237 1150 1297 posse
1178 1238 1357 1277 carere
1384 1215 1527 1277 loco.

281 1307 400 1368 Aut
429 1307 568 1381 hoc,
602 1323 697 1369 aut
722 1309 859 1369 nihil
888 1324 1002 1382 est,
1031 1334 1134 1393 pro
1164 1334 1251 1372 me
1283 1325 1489 1373 tentare
1518 1313 1763 1375 modeste

363 1401 553 1462 Gratia
583 1402 733 1485 quod
762 1402 911 1464 salvo
941 1418 1118 1464 vestra
1145 1406 1358 1487 pudore
1387 1422 1568 1489 queat.

284 1495 511 1581 Suscipe
529 1544 545 1569 ‚
575 1499 837 1560 Romanae
865 1498 1149 1573 facundia,
1181 1502 1421 1563 Maxime
1439 1549 1455 1576 ‚
1486 1502 1718 1582 linguae‚

364 1594 622 1657 Difficilis
649 1620 823 1659 causae
849 1598 980 1659 mite
1011 1598 1394 1682 patrocinium.
2001 1631 2055 1673 7⁰

285 1695 389 1754 Est
418 1693 558 1754 mala
577 1740 592 1766 ‚
622 1695 921 1769 confiteor3
955 1696 1050 1757 sed
1080 1712 1132 1756 te
1156 1697 1306 1757 bona
1333 1697 1429 1758 fiet
1454 1712 1643 1776 agente
1666 1721 1679 1757 z

362 1791 534 1852 Lenia
562 1816 663 1876 pro
690 1792 884 1854 misera
915 1793 998 1853 sac
1025 1794 1193 1855 modo
1223 1796 1387 1856 verba
1416 1795 1563 1874 fuga.

285 1889 473 1950 Nescit
501 1890 645 1950 enim
675 1892 855 1951 Caesar
874 1937 888 1963 ‚
924 1892 1170 1974 quamvis
1197 1894 1348 1954 Deus
1380 1893 1559 1954 omnia
1589 1893 1772 1965 norit,

365 1982 607 2046 Ultimus
636 1985 727 2047 hic
755 2011 863 2070 qua
895 1986 968 2049 sit
999 1988 1314 2052 conditione
1342 1987 1498 2050 locus
1524 2013 1538 2049 z

285 2081 490 2161 Magna
520 2096 710 2143 tenent
738 2082 877 2145 illud
906 2108 1089 2147 rerum
1116 2085 1398 2147 molimina
1422 2109 1658 2157 numen;
1999 2103 2054 2159 75

283 2216 441 2263 bricius
458 2220 647 2264 restituit
658 2252 670 2275 ,
687 2237 825 2279 quum
845 2222 891 2265 in
913 2222 1128 2279 plerisque

283 2281 450 2338 scriptis
468 2282 681 2340 editisque
704 2289 939 2341 liquescunt
962 2285 1130 2342 legere-

284 2353 359 2390 tur
373 2361 384 2389 ι
398 2354 484 2391 tres
498 2349 634 2392 nostri
647 2352 866 2404 liquuntur,
887 2365 977 2393 non
994 2350 1129 2393 mate:

286 2418 331 2452 et
362 2419 458 2453 tum
487 2427 568 2468 pro
593 2415 723 2468 liquet
746 2429 873 2457 versu
901 2415 1099 2470 proximo
1115 2446 1128 2470 ,

286 2489 387 2518 cum
407 2475 603 2532 plurimis
626 2477 893 2521 membranis
918 2481 1027 2521 solet
1050 2495 1131 2521 re-

287 2550 475 2596 ponatur
505 2557 515 2585 :
537 2545 750 2598 liquantur
769 2543 1131 2589 Twisdenianus:

287 2606 334 2649 in
354 2606 490 2651 Fastis
509 2611 638 2651 mella
657 2612 819 2664 liquata
840 2608 983 2653 habes.
1004 2611 1065 2653 H.

341 2671 409 2715 66.
427 2675 561 2726 Quam
575 2676 684 2716 male
695 2681 850 2717 mutato
857 2691 982 2729 posse
993 2691 1133 2718 carere

286 2740 391 2781 Ioco.
407 2738 599 2782 Videtur
617 2739 896 2782 scribendum
915 2744 1024 2783 male
1039 2757 1133 2784 mu-

287 2805 432 2858 tandm
446 2803 530 2848 hoc
542 2813 622 2859 est,
636 2805 710 2861 qui
724 2814 920 2849 mutetur
933 2823 1034 2850 cum
1050 2807 1131 2850 alio

287 2865 408 2922 loeo,
438 2871 731 2925 quamtumvis
761 2870 876 2913 malo
901 2888 911 2915 z
931 2872 1013 2914 hoc
1039 2880 1129 2923 est,

291 2933 409 2988 quod
434 2944 581 2991 postea
600 2945 666 2979 est
688 2936 905 2991 dicturus,
933 2954 993 2980 vs.
1022 2942 1099 2981 105
1119 2955 1130 2982 ι

293 3015 314 3034 «
326 2998 420 3042 Nec
429 3000 580 3055 petito,
589 3009 638 3044 ut
648 3001 760 3045 bene
772 3003 843 3055 sit,
857 3001 930 3045 sed
946 3002 1008 3045 uti
1020 3003 1132 3047 male

292 3064 452 3116 tutin„
468 3083 490 3103 »
509 3067 569 3110 sic
580 3067 653 3111 lib.
667 3069 713 3112 11
728 3100 740 3122 ,
765 3067 886 3125 Eleg.
904 3082 939 3111 11
951 3100 963 3122 ‚
978 3085 1037 3111 vs.
1052 3069 1131 3127 98:

295 3149 316 3166 κ
333 3129 400 3174 Sit
418 3139 492 3174 tua
507 3133 719 3175 mutando
737 3135 872 3189 gratia
890 3134 1049 3177 blanda
1068 3134 1133 3176 Ιο-

292 3211 368 3247 co;
387 3213 409 3232 ι»
432 3196 562 3239 Pont.
584 3197 666 3250 lv,
688 3198 807 3254 Eleg.
830 3213 925 3253 Χιν,
947 3215 998 3242 ex
1018 3200 1134 3243 anti-

295 3262 389 3318 quis
408 3261 526 3304 libris
543 3278 562 3318 7
581 3277 628 3304 :a
643 3263 773 3306 Nulla
794 3264 900 3307 mihi
920 3280 1023 3308 cura
1040 3275 1130 3321 est,

294 3335 410 3370 terra
426 3326 507 3371 nisi
521 3335 667 3370 muter
686 3337 735 3371 ut
754 3329 852 3381 ista;
868 3347 890 3367 »ι
903 3329 1001 3372 vide
1017 3329 1135 3374 Gro-

294 3391 474 3435 novium
489 3423 502 3445 ‚
526 3391 754 3435 Observat.
771 3393 843 3436 lib.
858 3393 952 3447 111,
973 3410 1064 3450 cap.
1084 3413 1100 3438 1
1119 3413 1131 3448 3

294 3454 353 3499 sic
380 3455 528 3512 Elegia
557 3455 610 3499 de
640 3456 761 3501 Nuce
779 3489 791 3511 ,
823 3460 951 3501 solem
977 3468 1135 3503 mutare

1208 2238 1300 2268 non
1321 2228 1473 2273 m'taere.
1498 2222 1616 2280 quod
1631 2223 1753 2267 estin
1770 2222 1917 2266 inuitis
1933 2231 2055 2266 vete-

1209 2304 1325 2331 rum.
1335 2287 1488 2344 Quare
1501 2288 1661 2331 frustra
1673 2295 1777 2331 sunt
1788 2320 1800 2341 ‚
1816 2287 1891 2343 qui
1906 2287 1986 2330 hoc.
1998 2287 2056 2329 Ιο·

1209 2366 1262 2396 co
1270 2352 1549 2396 scribendum
1561 2351 1834 2395 contendunt
1848 2367 1889 2394 :u
1902 2350 2055 2406 Quam

1211 2415 1322 2458 male
1336 2430 1406 2458 me
1422 2424 1517 2458 tuto
1531 2430 1651 2472 posse
1665 2430 1812 2458 carere
1826 2415 1933 2459 loco.
1948 2433 1970 2453 ιο
1994 2416 2055 2458 Η.

1209 2481 1382 2523 —Loco
1391 2484 1500 2523 male
1513 2487 1682 2523 mutato.
1705 2480 1820 2523 Loco
1836 2479 1967 2523 exsilii
1981 2479 2057 2523 ubi

1211 2560 1307 2588 sum
1324 2576 1337 2599 ‚
1361 2553 1530 2588 mutato
1557 2560 1659 2588 cum
1686 2545 1770 2588 aiio
1790 2545 1885 2588 loco
1912 2545 2055 2598 maio,

1210 2609 1287 2653 sed
1309 2618 1457 2652 tamen
1477 2610 1623 2654 minus
1642 2610 1910 2653 turbulento.

1264 2675 1330 2718 68.
1355 2677 1480 2719 Salvo
1497 2679 1668 2731 μαίων.
1698 2677 1859 2720 Habita
1880 2676 2057 2732 pudoris

1211 2741 1394 2784 ratione.
1412 2741 1552 2798 Quasi
1566 2743 1679 2787 dicat
1693 2776 1705 2798 ,
1719 2742 1780 2799 ‚de
1799 2742 1942 2786 reditu
1962 2744 2058 2786 nu!-

1211 2805 1304 2848 lum
1330 2807 1514 2850 verbum
1546 2807 1704 2862 facies,
1732 2808 1780 2850 ni
1806 2808 1923 2852 forte
1952 2809 2057 2852 velis

1210 2869 1362 2913 haberi
1380 2870 1712 2916 inverecundus.

1250 2935 1489 2993 69.Suscipe
1498 2939 1710 2980 Romame.
1724 2939 1775 2982 In
1790 2939 1972 2994 vulgatis
1984 2954 2056 2981 co-

1212 3000 1376 3045 dicibus
1391 3034 1404 3057 ‚
1426 3018 1551 3046 novae
1563 3002 1645 3047 hoc
1657 3003 1817 3061 Elegiae
1828 3003 2054 3046 exordium

1212 3075 1289 3110 est.
1319 3068 1410 3110 Nos
1429 3068 1821 3111 vetustissimorum
1846 3068 2058 3124 exempla—

1211 3133 1330 3175 rium
1349 3133 1648 3176 auctoritatem
1665 3149 1815 3176 sumus
1832 3134 1980 3176 secuti.
1994 3134 2054 3176 H.

1270 3201 1334 3255 75.
1346 3199 1508 3252 Magna
1523 3201 1748 3241 molimina.
1765 3198 1927 3255 Magna
1943 3214 2057 3254 pon-

1213 3263 1318 3306 dera
1339 3263 1445 3318 reip.
1467 3263 1551 3306 hoc
1574 3271 1638 3306 est
1663 3278 1674 3306 :
1695 3261 1918 3306 detinetur
1948 3264 2057 3305 An-

1212 3337 1361 3386 gustus
1373 3328 1611 3383 majorihus
1621 3328 1826 3371 oneribus
1839 3361 1851 3381 ,
1866 3327 1975 3371 adeo
1989 3337 2052 3378 ut,

1211 3410 1300 3451 prae
1313 3395 1487 3437 illorum
1498 3393 1799 3451 magnitudine
1813 3427 1825 3443 ‚
1848 3409 1938 3436 non
1955 3409 2056 3449 pos-

1212 3461 1267 3502 sit
1286 3459 1351 3502 his
1369 3459 1470 3504 locis
1488 3492 1501 3516 ,
1531 3468 1576 3503 et
1597 3459 1705 3503 meis
1734 3458 1858 3502 malis
1884 3472 2054 3514 cogno-
