2280 3776
326 325 426 392 148
785 326 849 377 P.
894 324 1177 379 OVIDII
1223 322 1596 378 NASONIS

396 442 464 500 In
494 439 613 499 loca
640 462 708 498 ne
737 438 923 498 redeas
954 438 1185 520 amplius
1213 440 1345 508 ista,
1379 461 1605 520 precor;

316 535 463 593 Dum
494 556 603 601 me,
636 547 897 591 terrarum
930 555 1056 613 pars
1087 555 1235 613 paene
1259 533 1582 605 novissima,
1613 532 1862 610 Pontus,'

396 629 597 690 Euxini
627 627 765 687 falso
789 628 1012 687 nomine
1044 628 1245 699 dictus,
1275 629 1458 688 habet.

316 781 416 823 Hoc,
435 779 563 831 dicit,
589 779 686 834 quia
716 779 902 822 natalem
931 779 1156 823 celebran-
1236 780 1361 836 gebat
1393 779 1678 835 Tanaquillus
1710 779 1852 822 Faber
1875 776 1929 820 ad
1948 777 2080 821 Phae-

311 853 377 887 tes
395 876 406 896 ,
429 859 451 886 3
476 843 566 885 Diis
580 843 740 899 aliquid
761 844 979 900 petebant.
1236 844 1364 886 drum
1384 877 1395 897 ‚
1424 844 1492 887 lib.
1516 844 1579 886 lv
1599 876 1611 897 ,
1635 842 1783 886 Fabul.
1802 857 1863 886 VI.

369 925 431 965 27.
454 911 559 951 Pars
569 925 686 963 poene
697 915 922 953 novztcmna
936 913 1061 953 Ponti
1075 913 1155 953 Eu·
1292 911 1354 951 28.
1375 909 1568 951 Euxinus
1576 907 1700 962 falso
1724 916 1803 950 etc.
1830 908 1943 950 Nam
1968 907 2079 950 circa

312 978 449 1017 xinus.
467 976 624 1015 Pontus
642 974 765 1017 multi
787 983 965 1017 veteres.
985 974 1154 1017 Scribe:
1239 973 1462 1016 Euxinum
1496 973 1588 1016 loca
1617 982 1718 1016 sunt
1746 973 1979 1030 asperrima
1997 1005 2009 1026 ,
2035 979 2082 1015 et

314 1055 336 1075 α
358 1038 476 1079 Dum
494 1053 564 1080 me
579 1071 589 1089 ,
606 1047 819 1080 terrarum
836 1055 930 1094 pars
943 1054 1065 1094 paene
1082 1054 1156 1080 no·
1237 1037 1331 1080 fera
1359 1070 1370 1090 ,
1414 1045 1647 1094 gentesque
1686 1037 1815 1080 etiam
1854 1037 2042 1079 immites
2063 1068 2077 1090 ,

311 1102 479 1144 vissima
495 1134 506 1155 ,
541 1103 706 1145 Pontus
721 1134 731 1154 ,
757 1103 914 1146 Euxini
938 1103 1044 1145 falso
1075 1119 1160 1145 no-
1239 1119 1374 1159 quum
1391 1103 1442 1145 ab
1459 1102 1699 1158 inhospitali
1717 1102 1906 1156 feritate,
1922 1101 2080 1145 rectius

310 1167 430 1210 mine
446 1167 582 1211 dictus
598 1199 610 1220 ,
629 1167 772 1211 habet.
790 1186 811 1205 »ι
828 1168 887 1212 Η.
900 1170 1033 1212 —Ita
1047 1176 1091 1211 et
1103 1168 1160 1211 le·
1237 1169 1416 1212 Axenus
1428 1167 1740 1224 adpellaretur„

318 1328 520 1335 —...——-—

871 1439 1266 1510 ELEGIA
1313 1442 1512 1510 XIV.

849 1764 1510 1825 ARGUMENTUM.

307 1901 464 1952 Amici,
476 1899 712 1957 colligentis
725 1900 819 1956 ejus
838 1900 1009 1957 scripta,
1024 1900 1159 1954 fidem
1174 1911 1218 1945 et
1239 1917 1434 1945 amorem
1452 1901 1597 1945 laudat
1611 1911 1752 1958 poeta,
1769 1902 2070 1960 hortaturque,

358 1982 431 2027 ut,
453 1972 594 2029 quoad
616 1980 758 2029 potest
775 2004 787 2026 ‚
809 1972 902 2028 ejus
923 1988 1088 2015 nomen
1105 1972 1147 2015 in
1173 1973 1279 2015 urbe
1301 1973 1509 2028 retineat,
1531 1972 1743 2030 simulque
1765 1975 1939 2031 exponit
1960 1977 2072 2019 Me—

356 2043 643 2102 tamorphosis
662 2060 769 2101 opus
788 2043 1119 2087 inemendatum
1138 2059 1161 2087 e
1182 2044 1386 2086 manibus
1395 2043 1556 2087 exiisse.
1573 2045 1800 2088 Postremo
1813 2046 1929 2100 dicit,
1945 2046 2073 2103 quid-

354 2112 459 2169 quid
479 2112 610 2156 exsilii
628 2120 824 2169 tempore
845 2111 1136 2168 compositum
1155 2127 1178 2154 3
1197 2126 1243 2155 se
1268 2110 1354 2154 fuit
1375 2111 1420 2154 in
1440 2111 1615 2170 Scythia
1631 2146 1642 2167 ‚
1665 2114 1955 2158 excusandum
1966 2131 2071 2158 esse.

312 2261 620 2348 CULTOR
646 2298 702 2344 et
728 2283 953 2344 antistes
982 2283 1272 2343 doctorum
1306 2299 1486 2345 sancte
1517 2285 1787 2366 virorum,

384 2380 500 2460 Qui
528 2379 660 2439 facis
687 2379 909 2457 ingenio
943 2396 1154 2460 semper
1176 2379 1341 2438 amice
1369 2402 1491 2440 meo
1516 2403 1529 2454 ;

303 2476 551 2558 Ecquid,
579 2490 642 2535 ut
668 2474 993 2535 incolumem
1023 2474 1300 2556 quondam
1331 2472 1600 2534 celebrare
1627 2475 1868 2551 solebaS‚

382 2575 543 2632 Nunc
578 2594 827 2652 quoque,
854 2593 923 2629 ne
952 2570 1137 2629 videar
1161 2585 1311 2630 totus
1341 2571 1560 2643 abesse,
1592 2575 1789 2634 caves?

304 2666 550 2750 Suscipis
577 2665 814 2747 exceptis
842 2665 1037 2747 ecquid
1063 2688 1179 2725 mea
1210 2667 1447 2727 carmina
1478 2665 1612 2728 solis
2037 2684 2063 2725 5

384 2765 642 2833 Artibus,
677 2760 869 2821 artifici
901 2785 1019 2843 quae
1047 2785 1279 2822 nocuere
1309 2765 1448 2823 suo?

302 2862 478 2920 Immo
504 2860 581 2918 ita
613 2858 722 2927 fac,
755 2871 968 2927 vatum,
1003 2881 1213 2938 quaest),
1241 2857 1484 2916 studiose
1514 2880 1814 2929 novorum;

389 2959 625 3037 Quaque
651 2967 838 3035 poteS‚
871 2952 1044 3012 retine
1073 2975 1274 3034 corpus
1302 2951 1360 3009 in
1390 2951 1526 3011 urbe
1555 2975 1751 3012 meum.

361 3132 395 3159 1.
419 3115 620 3158 Anttlrtes.
649 3110 743 3167 Qui
764 3110 865 3153 alios
889 3125 1041 3152 omnes
1066 3124 1147 3150 an-
1225 3123 1314 3158 res3
1329 3107 1472 3164 plures
1489 3110 1820 3164 Conspiczssrsnec
1834 3109 1956 3166 pauci
1975 3111 2064 3153 Col-

306 3178 492 3231 teeedis)
520 3194 559 3233 q.
590 3177 800 3231 προστάτης
821 3192 830 3217 :
852 3174 979 3217 ducta
1000 3172 1147 3228 adpel-
1226 3176 1344 3227 lzgvlc,
1374 3173 1487 3229 quod
1508 3190 1666 3230 sequor
1690 3191 1701 3218 τ
1728 3190 1839 3217 unus
1859 3177 2036 3230 Excipis
2050 3191 2065 3219 .·

302 3243 463 3286 latione
478 3242 544 3284 vel
558 3258 581 3284 a
596 3257 641 3284 re
656 3239 856 3292 militari,
878 3238 943 3281 vel
964 3254 987 3280 3
1005 3252 1146 3281 sacro-
1226 3237 1331 3280 alius
1348 3240 1512 3292 Exigis.
1534 3238 1592 3280 H.

306 3320 405 3348 rum
423 3304 751 3347 consuetudine.
777 3303 955 3345 BERSM.
1279 3304 1317 3345 8.
1333 3305 1483 3344 Retine
1491 3318 1636 3344 nomen
1652 3305 1697 3344 in
1707 3305 1954 3344 urbemeum.
1966 3302 2066 3344 Cor-

359 3390 396 3415 2.
423 3374 537 3424 Quid
541 3370 674 3423 facis.
694 3370 902 3423 Quz‘sacz's
913 3366 1068 3424 scripti.
1084 3365 1143 3408 H.
1217 3383 1300 3421 pus
1315 3367 1456 3422 major
1482 3383 1577 3423 pars
1602 3376 1824 3418 veterum;
1847 3376 1994 3423 argute
2017 3375 2062 3410 et

362 3440 396 3480 5.
419 3437 618 3490 Suscqvt‘s·
641 3437 819 3490 Conficis
833 3442 929 3477 octo
942 3430 1144 3476 vetustio·
1224 3447 1324 3473 vere
1343 3448 1353 3474 :
1373 3431 1432 3474 sic
1453 3432 1523 3473 lib.
1548 3434 1591 3475 11
1606 3464 1618 3485 ,
1640 3431 1694 3476 de
1719 3432 1884 3489 scriptis
1907 3431 2060 3487 Virgi-
