2268 3848
307 260 377 312 62
774 261 837 313 P.
885 260 1185 316 OVIDII
1235 260 1604 318 NASOMS

307 367 556 436 Carmina
584 399 652 436 ne
681 376 887 436 nostris
918 375 994 436 sic
1023 391 1074 436 te
1104 380 1411 440 venerantia
1439 379 1596 441 libris

386 473 605 533 Judicio
634 472 852 555 possint
881 473 1194 535 candidiore
1222 474 1347 554 legi.
2023 503 2076 544 so

306 573 439 631 Esse
469 570 562 631 sed
588 571 726 631 irato
759 571 884 653 quis
915 586 968 632 te
998 572 1134 631 mihi
1161 568 1348 655 posset
1373 574 1582 636 amicus
1611 578 1635 636 ?

386 667 493 726 Vix
524 681 653 727 tunc
681 666 798 750 ipse
819 667 954 727 mihi
984 693 1100 728 non
1128 669 1383 730 inimicus
1411 695 1572 731 eram.

308 765 495 843 Quum
524 764 687 846 coepit
715 780 967 847 quassata
993 766 1192 827 domus
1222 767 1507 828 subsidere
1524 815 1539 840 ,
1570 782 1752 850 partes

388 860 453 917 In
480 858 814 940 proclinatas
842 883 1004 919 omne.
1030 860 1304 920 recumbit
1332 883 1504 920 onus:

308 957 653 1039 Cunctaque,
686 955 908 1017 fortuna
937 957 1129 1017 rimam
1153 957 1410 1028 faciente,
1441 956 1759 1031 dehiscunt;
2023 978 2077 1020 85

388 1059 515 1139 Ipsa
546 1081 646 1117 suo
677 1056 954 1139 quondam
985 1056 1228 1139 pondere
1262 1070 1400 1116 tecta
1428 1071 1612 1116 ruunt.

309 1153 485 1229 Erg0,
516 1151 803 1211 hominum
837 1151 1127 1234 quaesitum
1158 1151 1347 1211 odium
1375 1151 1511 1211 mihi
1540 1151 1800 1223 carmine,
1829 1176 2042 1235 quaque

389 1245 628 1317 Debuit,
662 1259 742 1305 est
774 1243 960 1304 vultus
989 1245 1152 1304 turba
1179 1259 1368 1305 secuta
1396 1259 1540 1306 tuos.

306 1344 411 1414 At,
439 1341 686 1414 memini,
715 1342 993 1423 vitamque
1021 1365 1196 1402 meam
1224 1363 1513 1424 moresque
1539 1341 1818 1424 probabas

387 1438 491 1499 Illo
510 1487 524 1512 ,
556 1462 718 1522 quem
746 1438 999 1509 dederas,
1027 1438 1406 1521 praetereuntis
1435 1463 1596 1522 equo.
2027 1471 2083 1514 9⁰

308 1536 480 1616 Quod
507 1537 696 1598 si.non
730 1535 984 1619 prodest,
1017 1550 1072 1597 et
1098 1535 1317 1598 honesti
1341 1536 1514 1615 gratia
1541 1535 1693 1595 nulla

361 1725 424 1768 79.
453 1711 649 1751 Carmina
661 1726 714 1751 ne
725 1712 880 1751 nostris
896 1712 959 1752 sic
975 1715 1016 1750 le
1027 1723 1154 1750 vene-

307 1779 447 1818 rantia
462 1777 593 1816 libris.
608 1772 795 1816 Plurimi
814 1789 864 1816 ve
871 1782 1014 1816 terum
1025 1789 1102 1828 quo
1115 1781 1155 1815 te

306 1843 571 1892 venerantia,
591 1837 657 1881 vel
671 1855 779 1893 quoe,
803 1837 869 1880 vel
883 1853 1051 1894 quoque.
1065 1837 1154 1881 Sed

307 1905 510 1948 meliores
540 1919 638 1959 quoe.
671 1902 884 1946 Nonnulli
916 1903 1049 1945 etiam
1075 1918 1154 1960 pro

306 1988 358 2015 ne
373 2003 384 2024 ,
414 1985 522 2012 nunc
559 1975 799 2024 agnoscunt
823 1999 834 2020 ,
872 1975 916 2010 et
956 1967 1155 2024 sequenti

309 2051 436 2078 versu
463 2035 626 2076 Indicio
654 2047 733 2088 pro
754 2033 926 2074 Judicio
939 2064 950 2081 ,
977 2040 1022 2074 et
1041 2048 1155 2086 pos-

307 2108 406 2143 sunt
422 2114 501 2155 pro
514 2101 694 2152 possint.
716 2094 805 2138 Sed
822 2112 909 2151 quo
930 2103 969 2138 te
992 2105 1152 2149 vertas,

312 2165 461 2208 omnia
485 2162 748 2206 subobscura
779 2169 894 2204 sunt.
929 2159 1080 2216 Quare
1113 2170 1156 2204 et

308 2229 394 2273 hoc
413 2226 626 2271 distichon
647 2227 763 2268 inter
784 2225 928 2282 spuria
945 2240 1157 2268 numere-

311 2304 396 2338 tur.
418 2293 584 2335 Hnms.

366 2359 431 2400 81.
464 2358 577 2399 Esse
601 2357 682 2399 sed
702 2358 823 2397 ι’ωίο.
853 2352 1062 2398 Ostendit
1086 2353 1157 2395 la·-

311 2431 457 2466 tenter
474 2421 656 2473 multos,
681 2427 725 2462 et
744 2433 845 2462 eum
859 2417 1127 2475 potissimum
1142 2449 1153 2470 ‚

264 2507 268 2509 *
313 2488 389 2545 qui
406 2488 509 2544 legit
527 2486 622 2541 ejus
639 2483 808 2528 delicias
824 2482 985 2526 Caesari
999 2514 1010 2536 ,
1027 2482 1157 2525 fuisse

310 2556 390 2600 sibi
407 2556 568 2598 iratum
587 2587 598 2608 ,
619 2562 848 2609 propterea
868 2549 982 2607 quod
1000 2549 1159 2593 sciebat

314 2637 418 2666 eum
452 2636 541 2663 esse
581 2619 778 2675 Augusto
819 2615 1041 2659 infestum.
1074 2614 1159 2657 Vel

312 2697 430 2731 certe
452 2686 555 2730 dicit
582 2702 626 2729 se
657 2683 859 2727 omnibus
884 2677 1015 2725 fuisse
1045 2681 1160 2723 invi-

239 2775 242 2778 ·
313 2769 411 2797 sum
427 2786 438 2808 ,
468 2760 747 2809 posteaquam
773 2748 866 2804 ejus
888 2763 1063 2792 carmen
1089 2746 1159 2789 da—

315 2817 484 2860 mnavit
502 2815 735 2873 Augustus.

326 2924 333 2926 ,
371 2878 436 2925 86.
448 2884 550 2937 Ipsa
561 2898 637 2924 suo
648 2882 832 2936 quaedam
839 2882 1020 2934 pondere
1025 2887 1160 2921 lracla

315 2956 449 2992 ruunt.
465 2950 681 3002 Quondam
696 2945 921 2996 meliores‚·
935 2942 1093 2986 deinde
1106 2952 1160 2985 tc-

317 3023 387 3057 cta
403 3029 476 3058 sex
494 3013 618 3066 libri,
642 3010 758 3067 quod
772 3025 931 3066 sequor
949 3027 959 3053 z
981 3010 1059 3052 etsi
1080 3008 1159 3051 hoc

312 3078 529 3124 distichon
556 3078 687 3121 etiam
719 3077 772 3119 sit
799 3077 915 3118 inter
940 3083 1156 3131 suspecta,

316 3146 434 3202 quod
455 3144 646 3188 versibus
675 3143 842 3186 duobus
868 3141 1160 3199 superioribus

316 3213 407 3268 iam
421 3211 476 3255 sit
488 3209 732 3266 complexus
751 3225 801 3251 ea
817 3242 828 3263 ,
850 3223 944 3263 quae
958 3207 1040 3252 hoc
1053 3224 1161 3251 con—

317 3279 527 3320 tinentur.
549 3278 715 3320 Hmns.

372 3348 438 3405 89.
471 3344 534 3385 At
547 3377 556 3393 ,
579 3346 764 3391 memini,
791 3345 995 3396 vitamque
1016 3357 1160 3384 meam.

320 3411 473 3455 Mit’iin
493 3407 705 3466 plerisque
726 3407 902 3461 scriptis.

1289 1722 1357 1766 90.
1397 1708 1688 1749 Proeleteuntzlr
1721 1721 1834 1761 equo.
1874 1704 2081 1748 Probasse

1236 1786 1381 1814 mores
1415 1769 1544 1828 ipsius
1578 1778 1839 1826 argumento
1876 1786 1964 1812 esse
1995 1770 2081 1823 ait,

1235 1836 1354 1894 quod
1377 1837 1428 1879 ab
1447 1852 1501 1880 eo
1515 1869 1527 1890 ‚
1558 1844 1607 1879 ut
1636 1850 1814 1879 censore
1833 1867 1844 1888 ,
1867 1850 1982 1890 equo
2003 1834 2083 1877 do—

1236 1910 1363 1945 natus
1386 1901 1453 1953 sit.
1479 1900 1693 1957 Loquitur
1716 1908 1863 1943 autem
1890 1899 1943 1942 de
1971 1915 2083 1955 equo

1236 1959 1586 2009 transvectionis.>
1606 1963 1843 2022 Dionysius
1861 1996 1872 2016 ‚
1900 1963 1970 2006 lib.
1991 1965 2057 2007 Vl
2071 1997 2082 2018 ‚

1235 2029 1383 2074 scribit
1395 2062 1407 2084 ,
1419 2030 1466 2073 in
1476 2029 1693 2072 honorem
1706 2027 1983 2085 adparitionis
2000 2027 2086 2070 Ca-

1235 2106 1404 2139 storum
1422 2129 1433 2148 ,
1458 2095 1657 2152 illiusque
1674 2095 1863 2138 victoriae
1878 2127 1889 2148 ,
1912 2110 2007 2150 quae
2031 2093 2084 2136 ad

1236 2162 1379 2206 lacum
1396 2159 1613 2218 Regillum
1637 2168 1758 2218 parta
1771 2168 1860 2212 est,
1882 2159 2002 2214 equis
2015 2175 2086 2201 se-

1236 2228 1389 2271 dentes
1404 2224 1645 2279 transvehi,
1663 2223 1917 2281 incipientes
1930 2240 1954 2266 a
1971 2233 2084 2266 tem-

1236 2293 1308 2350 plo
1324 2291 1479 2335 Martis
1500 2300 1805 2334 extramurano
1819 2323 1829 2339 ,
1850 2288 2084 2345 perrexisse

1234 2375 1316 2416 per
1341 2357 1519 2410 forum,
1555 2355 1672 2412 juxta
1710 2353 1848 2398 aedem
1882 2352 2085 2396 Castoris.

1238 2425 1388 2467 Fiebat
1408 2431 1555 2466 autem
1576 2421 1667 2464 haec
1695 2420 1953 2463 transvectio
1983 2419 2082 2462 idib,

1232 2487 1539 2545 Quintilibus,
1573 2501 1661 2543 quo
1697 2485 1766 2528 die
1800 2485 1913 2542 apud
1944 2485 2083 2527 lacum

1239 2552 1458 2610 Regillum
1489 2565 1694 2608 prospere
1723 2557 1964 2607 pugnatum
1990 2557 2081 2602 est,

1234 2618 1422 2664 Castore
1442 2626 1488 2661 et
1506 2616 1682 2670 Polluce
1700 2615 2011 2659 auxiliantibus.
2030 2615 2081 2657 ln

1202 2705 1212 2719 ⁸
1238 2684 1556 2730 transvectione
1583 2691 1730 2725 autem
1757 2681 1922 2738 equites
1949 2680 2084 2724 vehe—

1238 2753 1414 2805 bantur,
1428 2747 1624 2794 coronati
1637 2745 1847 2789 olivarum
1856 2746 2000 2800 ramis,
2011 2746 2083 2788 in-

1239 2819 1419 2874 dutique
1441 2814 1598 2860 trabeis
1620 2812 1792 2871 punicei
1811 2814 1964 2857 coloris
1981 2847 1992 2868 ,
2015 2830 2084 2857 se-

1239 2899 1338 2927 cum
1356 2889 1569 2938 gestantes
1583 2887 1841 2922 ornamenta
1858 2912 1869 2932 ,
1892 2878 2081 2936 praemia·

1240 2965 1322 3005 que
1336 2947 1485 2991 omnia
1497 2941 1781 3000 fortitudinis,
1797 2961 2081 3002 quaecumque

1236 3015 1284 3057 ‘in
1306 3012 1461 3070 praeliis
1487 3013 1542 3055 ob
1568 3028 1663 3056 rem
1693 3011 1806 3054 bene
1836 3021 1999 3069 gestam
2016 3044 2028 3067 ,
2059 3030 2080 3054 a

1239 3077 1488 3123 ductoribus
1506 3077 1592 3121 suis
1611 3093 1827 3134 accepere.

1294 3163 1359 3206 9¹·
1388 3147 1515 3200 Quod
1525 3149 1567 3188 si
1584 3161 1665 3186 non
1678 3146 1858 3199 prodest.
1889 3142 1976 3186 Hic
2003 3142 2079 3185 de-

1239 3227 1328 3254 nuo
1344 3217 1554 3267 grassatus
1567 3217 1630 3251 est
1643 3209 1927 3265 interpolator
1938 3206 2082 3250 nescio

1240 3275 1346 3332 quis.
1365 3273 1497 3317 Certe
1511 3289 1658 3316 versus
1675 3272 1743 3316 hic
1763 3288 1862 3316 cum
1884 3270 2080 3326 sequenti

1239 3343 1554 3388 semibarbarus
1563 3350 1638 3385 est.
1650 3341 1739 3384 Pro
1747 3343 1883 3395 gloria
1897 3346 2080 3394 quatuor

1239 3409 1382 3464 scripti
1393 3411 1555 3463 gratia,
1571 3405 1686 3464 quod
1703 3414 1884 3462 praestat.
1897 3404 1986 3445 Pro
1999 3406 2079 3443 cxi-
