2280 3776
482 280 930 340 TRISTIUM
975 282 1135 335 LIB.
1186 281 1260 337 V.
1309 281 1550 336 ELEG.
1606 283 1720 336 XI.
1865 286 1971 361 237

810 553 1203 626 ELEGIA
1252 554 1383 624 XI.

764 844 1446 900 ARGUMENTUM.

213 979 346 1025 Dolet
366 989 492 1039 poeta
507 1014 520 1037 ,
553 982 789 1039 conjugem
813 982 865 1026 ab
884 981 1062 1025 inimico
1082 981 1231 1038 jurgiis
1252 981 1488 1025 lacessitam
1507 1014 1517 1036 ,
1540 981 1779 1039 exsulisque
1801 996 1986 1027 uxorem

268 1050 529 1109 adpellatam
552 1068 562 1096 τ
583 1068 769 1110 eamque
790 1052 1016 1104 hortatur,
1053 1060 1101 1096 ut
1121 1053 1310 1110 patiatur
1340 1052 1488 1096 omnia
1509 1068 1519 1096 :
1538 1069 1629 1096 non
1658 1053 1779 1097 enim
1790 1054 1988 1098 exsulem

267 1137 337 1173 se,
361 1121 436 1165 sed
459 1121 699 1180 relegatum
718 1122 771 1166 ab
797 1123 995 1180 Augusto
1017 1121 1197 1166 dictum.

217 1248 443 1354 QUOD
473 1289 525 1336 te
553 1275 740 1336 nescio
771 1278 894 1359 quis
925 1297 1024 1359 per
1046 1275 1223 1356 jurgia
1254 1274 1451 1338 dixerit
1482 1299 1598 1337 esse

291 1370 517 1434 Exsulis
545 1395 799 1445 uxorem,
834 1371 987 1433 litera
1020 1386 1211 1454 questa
1246 1386 1337 1432 tua
1370 1386 1465 1432 est.

214 1467 432 1530 Indolui
454 1516 469 1542 ‚
503 1493 617 1530 non
644 1483 751 1530 tam
785 1492 903 1530 mea
935 1467 1084 1551 quod
1115 1467 1334 1528 fortuna
1361 1466 1499 1528 male
1531 1467 1717 1539 audit,

296 1566 412 1648 Qui
439 1566 547 1649 jam
579 1567 835 1628 consuevi
865 1566 1081 1627 fortiter
1112 1587 1226 1626 esse
1256 1565 1453 1637 miser3

218 1666 403 1746 Quam
433 1664 591 1748 quia,
625 1665 714 1725 cui
747 1664 969 1724 minime
997 1662 1222 1736 vellem,
1255 1663 1357 1723 sim
1386 1686 1546 1724 causa
1575 1663 1831 1746 pudoriS,

297 1762 487 1844 Teque
513 1785 635 1822 rear
663 1761 870 1822 nostris
902 1760 1185 1821 erubuisse
1200 1757 1386 1819 'malis

218 1858 435 1931 Perfer,
466 1873 521 1918 et
551 1857 764 1919 obdura
792 1882 804 1918 ε
829 1856 1004 1918 multo
1036 1856 1285 1936 graviora
1311 1855 1515 1927 tulisti,

299 1953 491 2034 Quum
519 1975 604 2013 me
634 1951 915 2036 subripuit
943 1951 1210 2036 principis
1239 1947 1318 2012 iia
1347 1951 1467 2011 tibi.

217 2050 449 2114 Fallitur
476 2052 579 2113 iste
611 2066 788 2112 tamen
805 2098 820 2123 ‚
852 2075 962 2134 quo
988 2049 1167 2132 judice
1195 2048 1453 2109 nominor
1481 2046 1635 2109 exsul
1660 2072 1672 2107 :

299 2146 532 2210 Mollior
556 2162 641 2209 est
666 2146 883 2230 culpam
912 2169 1072 2232 poena
1099 2160 1283 2207 secuta
1309 2169 1500 2206 meam.
1953 2174 1996 2201 μ.

222 2237 462 2307 Maxima
490 2267 652 2328 poena
682 2243 818 2304 mihi
850 2257 965 2315 est,
999 2244 1179 2326 ipsum
1211 2240 1535 2313 offendisse3
1567 2239 1832 2322 priusque

304 2340 560 2402 Venisset
588 2338 806 2400 mallem
833 2339 1040 2400 funeris
1068 2340 1203 2399 hora
1233 2338 1385 2399 mihi.

225 2437 443 2517 Quassa
469 2452 649 2499 tamen
675 2452 864 2498 nostra
892 2452 1008 2510 est,
1038 2461 1153 2497 non
1181 2438 1381 2508 fracta,
1411 2458 1510 2494 nec
1541 2434 1736 2495 obruta
1767 2436 2001 2519 puppis;

257 2597 292 2625 1.
307 2582 460 2625 Nescio
470 2585 576 2638 qut's.
589 2577 662 2624 Sic
674 2594 753 2635 per
763 2587 1066 2636 contemptum
1147 2595 1218 2622 sus
1234 2579 1309 2632 28,
1336 2578 1458 2636 Eleg.
1485 2592 1551 2622 111
1574 2594 1584 2623 ε
1603 2579 1745 2635 Siqua
1763 2581 1835 2622 diu
1854 2595 1866 2621 :
1885 2579 2001 2623 nulla

226 2643 489 2703 quandoque
530 2645 650 2703 loqui
684 2645 893 2694 solemus,
928 2660 1067 2701 quum
1154 2642 1308 2687 lacuna
1333 2642 1493 2687 relicta.

220 2709 458 2767 indignum
480 2726 614 2768 quem
635 2710 900 2754 aestimemus
914 2711 1070 2754 nomi-
1217 2725 1231 2749 1
1245 2724 1278 2749 1·
1300 2709 1459 2763 Ipsum.
1482 2706 1561 2750 Me
1586 2706 1822 2751 offendisse
1848 2706 2001 2751 Caesa-

230 2791 403 2823 DamuS·
1161 2789 1270 2816 rem.

283 2844 321 2886 5.
354 2844 490 2896 Quam
513 2843 629 2897 quod
652 2844 903 2885 cuimim‘me
928 2843 1074 2883 vellem
1216 2839 1278 2882 13.
1305 2840 1474 2893 Quassa
1498 2847 1638 2884 tamen
1658 2849 1801 2884 nostra
1815 2848 1881 2884 est
1894 2874 1906 2894 ,
1926 2857 2003 2883 nec

229 2918 318 2946 snm
331 2919 463 2948 causa
469 2907 655 2960 pudoris.
678 2909 812 2959 Quam
823 2910 942 2962 quia,
965 2920 1076 2948 non·
1155 2919 1310 2951 mersa,
1332 2921 1409 2947 nec
1420 2908 1589 2955 obruta,
1615 2910 1747 2948 navis.
1766 2908 1859 2949 Non
1872 2921 2005 2947 mersa

231 2966 340 3010 nulli
361 2983 412 3011 ex
430 2969 683 3013 melioribus
701 3002 713 3023 ‚
735 2979 779 3013 et
802 2974 909 3021 πίνης
940 2985 1072 3026 quare
1154 2968 1410 3024 scriptizsex
1420 2970 1551 3012 etiam
1558 2975 1735 3026 puppis:
1748 2971 1858 3014 bene
1873 2971 2006 3013 etiam

229 3047 325 3074 rear
339 3033 469 3076 etiarn
487 3034 685 3090 proximo
702 3051 829 3079 versu
850 3045 914 3080 est
933 3037 1075 3093 legen·
1157 3051 1220 3091 pr.
1236 3032 1584 3090 Palawnsracta,
1596 3051 1650 3078 ne
1662 3036 1725 3079 bis
1739 3036 1856 3078 idem
1868 3035 2004 3081 dicat:

230 3095 353 3139 dum.
373 3097 539 3140 Hssms.
1156 3099 1229 3143 sed
1244 3108 1288 3142 et
1303 3102 1343 3143 τό
1356 3107 1492 3142 tamen
1508 3109 1755 3155 suspectum
1769 3110 1849 3155 est,
1867 3117 2007 3157 quum

268 3160 773 3216 8.Pr1⁰nc1'p1'sira.P1-im.
793 3165 1074 3221 Politetopt.
1156 3164 1199 3207 id
1239 3179 1338 3206 mox
1375 3179 1501 3223 versu
1535 3165 1733 3219 sequenti
1772 3174 2006 3222 repetatur.

232 3222 575 3279 Medicjudicis.
595 3226 709 3284 Lege
730 3232 912 3273 vt‘ndt’cttr
934 3246 948 3273 .·
968 3245 1074 3273 nam
1158 3227 1307 3271 Scribe
1326 3261 1337 3281 ‚
1361 3245 1381 3264 «
1416 3227 1584 3282 Quassa
1606 3228 1714 3270 mari
1745 3237 1892 3272 nostra
1915 3239 2006 3283 est,

222 3289 372 3344 judice
390 3291 598 3346 sequitur.
619 3292 680 3334 H.
1156 3309 1247 3337 non
1270 3293 1406 3336 fracta
1424 3326 1435 3347 ,
1453 3308 1534 3336 nec
1552 3294 1705 3337 obruta
1723 3295 1886 3352 puppis.
1906 3314 1927 3332 »
1950 3296 2009 3337 ΙΙ.

209 3404 214 3405 ⁷
286 3370 326 3412 9.
349 3355 531 3398 Fallitur
548 3359 628 3398 istc
647 3363 797 3399 tamen.
825 3359 906 3400 Ille
926 3357 1014 3402 duo
1031 3367 1077 3402 et
1156 3382 1210 3392 --
1234 3362 1405 3413 Quassa
1416 3367 1552 3401 tamen
1567 3391 1579 3413 ,
1592 3368 1673 3402 etc.
1695 3359 1794 3402 Hoc
1814 3359 2009 3402 exsilium

234 3416 494 3484 Bernensis,
516 3419 560 3464 in
577 3435 664 3476 quo
685 3422 948 3476 sequebatur
966 3439 1074 3466 ver-
1162 3435 1227 3469 est
1242 3425 1351 3468 mihi
1365 3425 1504 3469 instar
1518 3425 1735 3481 procellae,
1754 3443 1838 3482 qua
1851 3427 1989 3482 agitor
2002 3459 2014 3478 ,
