2280 3776
234 316 346 385 486
798 315 970 370 Nic.
1006 314 1442 371 '‘HE‘INS‘I'US

238 431 404 493 Haud
433 430 606 491 facilis
633 430 768 490 mihi
797 454 983 513 pugna
1008 431 1116 491 fuit
1144 455 1268 494 cum
1294 430 1694 514 labepudenda
1711 481 1725 505 ‚

321 528 611 610 Temporis
639 526 821 605 allevit
851 551 1013 610 quam
1042 552 1195 588 mora
1222 528 1384 606 longa
1412 529 1547 589 viro.

237 622 327 683 Sic
356 646 574 705 quoque
602 622 880 704 pernoctis
909 624 1158 706 superavi
1190 623 1347 684 taedia
1375 647 1544 696 curae;

322 721 587 780 Successu
619 720 863 781 studium
892 744 990 781 nec
1022 735 1172 782 vacat
1203 745 1362 782 omne
1389 745 1509 782 suo.

242 817 446 876 Menda
469 816 706 895 relegata
733 832 816 878 est
841 841 872 876 a
899 819 1056 878 tersis
1085 817 1321 900 plurima
1348 817 1551 878 chartis
1575 842 1588 877 ε

323 914 574 973 Comtior
604 914 917 974 Ausonium
943 915 1051 996 jam
1083 914 1227 974 videt
1254 914 1347 974 ille
1378 915 1539 975 diem.

246 1007 470 1069 Exsulis
495 1009 753 1069 immeriti
781 1010 1006 1071 reduces
1034 1025 1146 1071 tere
1165 1057 1179 1081 ‚
1216 1012 1420 1082 Roma,
1455 1009 1673 1070 libellos
1694 1057 1710 1082 ‚

326 1106 583 1167 Nominis
611 1106 724 1167 ulla
754 1131 918 1190 super
945 1108 992 1167 si
1022 1108 1126 1166 tibi
1155 1131 1284 1168 cura
1313 1107 1393 1167 tui
1424 1122 1523 1168 est.

247 1206 388 1262 Ecce
406 1250 420 1275 ,
452 1203 775 1286 Cupidineis
807 1204 959 1286 quod
986 1204 1167 1264 saucia
1198 1204 1362 1264 turba
1391 1204 1604 1283 sagittis
1622 1251 1639 1275 ‚

329 1300 454 1357 Non
485 1298 808 1358 damnaturo
845 1299 1055 1360 Caesare
1078 1346 1092 1369 ,
1125 1298 1309 1358 volvat
1339 1322 1480 1381 opus
1509 1323 1523 1371 ;

248 1397 375 1478 Ipse
404 1395 518 1456 suis
545 1398 775 1478 posthac
801 1397 1007 1457 fidibus
1024 1397 1189 1478 vquod
1210 1396 1440 1461 >mandet
1465 1394 1704 1480 Apoll03

334 1490 509 1569 Quod
541 1514 706 1572 soror*
729 1491 913 1550 Aonio
943 1489 1083 1550 colle
1110 1515 1321 1550 novena
1350 1506 1506 1555 canat
1524 1515 1544 1563 ·;

253 1589 536 1665 Degener,
567 1602 622 1647 et
651 1585 791 1648 nulli
815 1587 1003 1650 Caesar
1028 1586 1296 1648 laudande
1327 1603 1534 1670 poem,

335 1684 624 1744 Dardanus
653 1683 909 1744 Anchisae
932 1700 1062 1750 tune
1090 1684 1260 1745 ferare
1291 1687 1507 1768 nepos?

254 1782 413 1840 Tune
444 1780 776 1862 Cytheriacae
806 1781 1110 1847 censendus
1134 1781 1363 1859 originis
1387 1782 1591 1843 henes?

339 1877 494 1956 Quid
524 1877 652 1950 tibi,
683 1877 815 1960 quid
842 1878 1002 1945 Latio
1028 1878 1226 1950 verba,
1257 1892 1509 1950 eruente,
1539 1877 1752 1939 dabas?

259 1978 383 2035 Hoc
414 1990 465 2035 te
496 1977 806 2036 mendacem
836 1977 1013 2039 scelus
1035 1977 1217 2055 arguit
1243 1977 1402 2060 :ipsa
1430 1978 1614 2039 Dione

341 2073 642 2156 Exsequias
669 2074 779 2132 vati
806 2074 1047 2141 creditur
1072 2074 1180 2135 isse
1202 2098 1326 2137 suo,

257 2174 386 2254 Ipsa
414 2170 515 2229 viri
542 2171 795 2234 comitata
826 2170 1012 2248 fugam
1042 2172 1135 2252 pia
1163 2155 1308 2238 'Diva
1327 2185 1606 2254 ratemque
1626 2218 1642 2244 ,

340 2267 522 2328 Ionias
552 2267 745 2350 spissis
777 2266 999 2334 fletibus
1026 2265 1179 2333 auxit
1204 2290 1393 2350 aquas,

263 2367 482 2444 Unguis
510 2366 569 2424 in
601 2389 693 2429 ore
725 2364 907 2436 sedet,
937 2363 1080 2429 lae-er
1106 2363 1298 2425 horret
1326 2364 1385 2423 in
1415 2387 1509 2424 ore
1534 2362 1799 2447 capillus,

344 2462 537 2522 Livida
566 2462 792 2521 rescissa
821 2474 1046 2543 pectora
1071 2474 1218 2522 veste
1247 2460 1445 2538 rigent.

265 2560 390 2618 Hoc
413 2557 612 2617 habitu
640 2557 839 2618 vulnus
866 2581 982 2622 non
1008 2555 1347 2622 consolabile
1371 2556 1658 2638 quondam

346 2655 636 2728 Prodidit,
666 2655 894 2722 invisam
923 2654 1012 2713 vix
1041 2654 1184 2719 ,bene
1208 2676 1375 2735 :passa
1401 2652 1575 2724 diem,

268 2752 447 2813 Unica
477 2752 607 2812 dum
634 2766 853 2834 raptum
882 2750 993 2817 sibi
1016 2750 1450 2829 ‚gaudiavmoeret
1475 2764 1744 2810 amantem
1763 2797 1778 2823 ‚

353 2851 537 2929 Quem
561 2849 709 2909 ferus
740 2847 971 2930 obliquo
1000 2847 1168 2908 dente
1200 2861 1419 2908 necarat
1445 2864 1602 2929 aper..

271 2946 503 3028 Optavit
531 2946 748 3005 funesta
775 2944 947 3016 mori,
981 2942 1274 3025 doluitque
1304 2943 1545 3026 cupitam

352 3041 443 3101 Ad
478 3041 646 3124 Styga
671 3040 936 3124 praecludi
961 3041 1116 3105 triste
1138 3041 1368 3099 Deabus
1398 3038 1518 3098 iter.

272 3139 403 3197 Haec
433 3151 655 3218 praestat
687 3136 815 3209 tibi,
846 3136 990 3203 Diva
1010 3183 1024 3208 ‚
1054 3151 1184 3198 tuus
1215 3134 1409 3195 solatia
1439 3136 1647 3208 Caesar3

354 3233 649 3311 Sanguinis
678 3248 956 3296 auctorem
985 3233 1062 3294 sic
1092 3233 1242 3292 fovet
1269 3230 1359 3292 ille
1384 3231 1486 3291 sui.

270 3326 407 3387 Vela
433 3327 586 3386 dedit
613 3327 855 3410 legitque
879 3352 1043 3395 manu
1075 3327 1296 3405 lugente
1325 3326 1546 3399 carinae,

350 3423 630 3504 Armaque
653 3423 864 3483 Nasoni
889 3423 1055 3489 noxia
1084 3421 1238 3503 rupit
1264 3422 1453 3482 Amor.

1966 1124 2020 1165 30

1975 1601 2028 1647 35

1989 2571 2044 2628 45
