2268 3848
424 292 868 353 TRISTIUM
906 292 1066 351 LIB.
1111 297 1196 350 11.
1239 296 1363 351 EL.
1409 295 1702 352 UNICA.
1868 298 1939 352 63

260 411 558 485 Redditur,
584 426 640 472 at
667 409 884 471 nullum
913 410 1117 471 crimen
1144 410 1375 495 adeptus
1404 432 1567 472 eram.

180 509 292 568 Nec
319 507 458 570 male
489 507 780 569 commissa
811 521 893 567 est
920 506 1084 568 nobis
1112 507 1332 569 fortuna
1359 530 1576 569 reorum
1594 553 1611 580 ‚

257 602 461 687 Lisque
492 603 675 664 decem
707 601 882 663 decies
909 601 1246 686 inspicienda
1273 602 1419 664 viris.

181 699 292 759 Res
321 722 542 782 quoque
571 698 808 781 privatas
837 698 1003 759 statui
1035 698 1154 759 sine
1183 697 1405 759 crimine
1431 697 1597 780 judex
1616 743 1632 771 ‚
1896 713 1953 773 9⁵

262 796 453 879 Deque
482 819 599 857 mea
627 788 768 855 sassa
797 807 1028 877 estpars
1059 817 1283 877 quoque
1309 796 1449 856 victa
1472 795 1597 856 fide.

181 893 276 953 Me
306 891 594 953 miserum!
626 890 814 974 potui,
845 888 891 951 si
919 913 1033 951 non
1059 904 1296 952 extrema
1323 904 1614 963 nocerent,

257 992 294 1051 J
298 990 479 1052 udicio
508 1003 660 1051 tutus
687 1013 804 1049 non
833 986 998 1050 semel
1029 1011 1146 1050 esse
1178 1004 1294 1050 tuo.

178 1085 384 1147 Ultima
412 1086 788 1169 meperdunt3
812 1086 1033 1169 imoque
1065 1085 1169 1147 sub
1199 1109 1416 1170 aequore
1446 1085 1647 1164 mergit

255 1180 588 1242 Incolumem
620 1182 783 1242 toties
811 1205 919 1243 una
947 1179 1186 1265 procella
1215 1195 1415 1241 ratem:

1871 1211 1946 1242 too

175 1279 288 1339 Nec
317 1278 452 1339 mihi
484 1299 609 1362 pars
632 1277 824 1338 nocuit
846 1276 913 1338 de
939 1276 1156 1361 gurgite
1183 1299 1346 1360 parva
1373 1299 1386 1336 ε
1417 1275 1514 1337 sed
1537 1299 1724 1338 omnes

259 1377 513 1439 Pressere
540 1374 646 1437 hoc
673 1375 901 1449 fluctus,
933 1375 1303 1459 Oceanusque
1331 1388 1513 1458 caput.

176 1546 267 1573 men
284 1531 478 1587 adeptus,
513 1529 628 1589 quod
648 1529 835 1574 latinum
850 1529 917 1574 vix
929 1539 993 1575 est
1008 1563 1021 1586 ‚

175 1594 289 1640 forte
303 1598 473 1641 adortns
491 1604 554 1641 est
574 1595 850 1641 scribendum
862 1629 873 1651 ,
894 1605 942 1640 ut
956 1613 1021 1655 ap.

179 1658 586 1717 Virg.AEn.V1‚386
601 1677 610 1704 :
623 1679 642 1698 «
657 1660 871 1705 Simulato
882 1660 1023 1705 numi-

177 1739 232 1767 ne
248 1722 419 1779 Bacchi,
435 1722 581 1782 Maius
598 1724 746 1769 adorta
760 1725 897 1777 nesam
915 1744 936 1764 ν»
952 1726 1023 1770 ubi

178 1798 324 1832 tamen
349 1792 504 1834 adorsa
531 1791 573 1834 in
604 1790 825 1835 nonnullis
845 1789 1023 1848 scriptis.

176 1854 264 1898 Sed
281 1852 484 1899 meliores
505 1871 584 1913 pro
606 1854 718 1914 vulg.
738 1864 874 1909 stant3
894 1857 1021 1901 Pom.

173 1915 244 1960 lib.
270 1918 340 1972 11,
366 1916 536 1977 meg-11
553 1951 564 1972 ,
595 1935 704 1963 vers.
730 1923 777 1963 15
797 1935 876 1977 sq:
897 1938 919 1958 α
944 1919 1023 1963 Est

169 1998 273 2027 mea
289 1985 413 2041 culpa
436 1984 572 2043 gravis
587 2018 599 2039 ,
617 1984 692 2029 sed
714 2001 810 2043 quae
831 2000 902 2029 me
921 2001 1023 2043 per-

173 2046 276 2093 iere
288 2050 428 2094 solum
453 2050 566 2095 Ausa
586 2050 640 2094 sit
655 2082 666 2104 ,
687 2059 730 2094 et
745 2050 915 2095 nullum
930 2065 1022 2094 ma-

172 2113 239 2171 jus
261 2114 411 2159 adorta
430 2114 564 2159 nefas.
588 2133 610 2153 υ
632 2115 699 2159 lta
711 2115 806 2159 libri
824 2124 1018 2169 veterem

171 2180 230 2223 sic
253 2185 381 2223 maris
405 2196 543 2237 equor
561 2182 704 2224 adorti
719 2179 815 2225 Val.
838 2180 989 2225 Flacco
1005 2214 1018 2235 ,

170 2244 242 2289 lib.
254 2247 274 2290 1
289 2264 300 2298 ς
315 2255 357 2290 et
373 2254 676 2302 tantumoequor
685 2249 842 2294 adoni.
855 2245 926 2291 lib.
939 2246 1019 2291 IV.

174 2309 261 2354 Sed
280 2326 336 2354 ne
350 2311 408 2355 sic
424 2309 601 2367 quidem
615 2308 697 2355 hoc
711 2309 924 2354 distichon
943 2327 1021 2367 ge-

173 2376 362 2422 nuinum
383 2392 472 2422 esse
489 2379 628 2422 ausim
643 2377 910 2422 adseverare.
932 2378 992 2421 H.

225 2442 293 2501 93.
325 2445 413 2486 Nec
445 2447 555 2486 male
585 2446 807 2486 commessrsa
835 2450 910 2485 est.
937 2442 1020 2485 His

171 2504 340 2550 duobus
370 2507 564 2551 versibus
592 2506 788 2565 designat
814 2523 859 2550 se
891 2515 1020 2563 poeta

171 2573 494 2617 centumvirum
508 2572 654 2618 fuisse.
668 2574 721 2617 In
742 2588 797 2616 eo
816 2572 1020 2628 onimiu-

173 2636 284 2681 dicio
298 2654 435 2682 causae
449 2647 660 2683 testamen
668 2639 785 2682 tariae
797 2671 809 2693 ,
830 2646 875 2681 et
887 2637 1020 2681 haere-

171 2700 337 2747 ditariae
349 2736 361 2758 ,
377 2703 708 2760 crimin-alesque
722 2703 853 2746 etiam
872 2701 1021 2745 audie-

170 2768 341 2816 bantur.
354 2768 632 2814 centumviri
642 2778 787 2812 autem
799 2785 822 2812 a
831 2783 1019 2811 numero

169 2836 363 2881 virorum
377 2836 644 2881 dicebantur.
656 2836 770 2880 Nam
782 2851 919 2891 quum
934 2834 1019 2878 Ro·

170 2917 252 2948 mn
263 2912 407 2949 essent
415 2903 609 2961 quinque
623 2910 667 2946 et
677 2903 853 2959 triginta
865 2901 1015 2954 tribus,

169 2970 280 3014 terni
299 2986 350 3014 ex
374 2970 552 3028 singulis
572 2969 769 3012 tribubus
791 2967 1017 3025 eligeban-

169 3044 240 3078 tur
260 3033 311 3079 ad
329 3035 613 3093 iudicandum
630 3044 696 3079 :et
709 3035 807 3078 licet
821 3033 1014 3090 quinque

164 3115 292 3157 supra
306 3107 485 3144 centum
497 3100 679 3153 fuerint,
695 3107 840 3142 tamen
854 3108 901 3141 ut
915 3098 1016 3142 faci·

165 3165 245 3208 lius
258 3165 593 3208 nominarentur
607 3198 618 3219 ‚
641 3163 900 3208 centumviri
913 3172 1016 3206 sunt

166 3229 280 3273 dicti.
301 3228 470 3272 Eorum
486 3245 590 3272 vero
605 3229 816 3284 iudicium
831 3235 1016 3271 centum—

166 3297 311 3338 viralis
323 3296 451 3337 hasta
463 3294 772 3338 nominabatur
786 3310 796 3336 :
811 3293 926 3349 quod
941 3309 1015 3350 po-

170 3360 248 3403 sita
269 3359 315 3402 in
330 3357 430 3402 foro
452 3359 569 3403 hasta
586 3393 597 3414 ,
619 3359 878 3402 centumviri
897 3358 1015 3414 judi-

171 3425 336 3467 cabant.
349 3425 529 3467 Fortuna
537 3441 704 3468 reorum.
717 3424 821 3468 Sors
835 3439 986 3467 eorum
1000 3457 1011 3478 ,

1103 1530 1176 1588 qui
1210 1528 1512 1574 centumvirali
1547 1526 1709 1586 iudicio
1742 1528 1947 1586 subjicie-

1102 1596 1275 1641 bantur.

1157 1665 1223 1723 9⁴·
1247 1662 1388 1720 Usque
1409 1665 1549 1706 decen
1568 1664 1719 1708 deciss.
1739 1665 1795 1707 Τι’
1817 1664 1954 1720 Usque

1100 1726 1308 1771 frivolum
1327 1736 1371 1772 et
1393 1728 1579 1771 otiosum
1608 1726 1690 1771 boc
1718 1727 1813 1771 loco
1834 1745 1844 1771 ε
1865 1727 1952 1772 duo

1099 1802 1268 1838 veteres
1287 1795 1446 1850 θωνα
1468 1808 1581 1837 unus
1606 1794 1778 1850 Vixque.
1801 1792 1949 1838 Scribe

1101 1859 1285 1903 omnino
1298 1875 1308 1903 ς
1322 1877 1345 1897 οι
1363 1858 1522 1915 Linque
1542 1856 1694 1902 decem
1716 1857 1857 1903 decies
1878 1858 1921 1902 in
1936 1883 1949 1888 -

1099 1923 1317 1983 spicienda
1340 1924 1454 1968 viris.
1473 1942 1495 1962 υ
1518 1921 1714 1967 Centum
1732 1922 1844 1967 viros
1864 1923 1950 1967 liti·

1098 1988 1178 2033 bus
1203 1986 1445 2046 judicandis
1465 1985 1674 2045 designat.
1705 1986 1773 2033 Ne
1799 1986 1949 2031 dubita

1100 2053 1154 2100 de
1175 2054 1254 2100 hoc
1272 2054 1561 2100 restitutione.
1579 2052 1748 2097 nnus.

1153 2123 1218 2179 95.
1232 2121 1320 2163 Res
1332 2134 1489 2177 quoqu
1493 2122 1687 2175 privatas
1699 2121 1841 2162 statui.
1862 2117 1949 2162 Hic

1100 2182 1286 2228 Ovidius
1321 2183 1497 2228 ridetur
1532 2181 1794 2237 ostendere,
1826 2197 1871 2226 se
1897 2197 1949 2226 ex

1099 2258 1252 2307 quarta
1279 2248 1455 2293 decuria
1484 2247 1676 2304 iudicem
1694 2280 1707 2303 ‚
1725 2246 1822 2291 .hoc
1854 2255 1915 2290 est
1935 2279 1947 2300 ,

1099 2314 1379 2358 triumvirum
1411 2313 1597 2356 electum
1623 2344 1635 2365 ,
1664 2311 1871 2367 judicasse
1894 2311 1948 2354 de

1097 2379 1329 2423 levioribus
1357 2378 1539 2423 summis
1560 2394 1571 2421 :
1593 2392 1673 2434 per
1701 2378 1948 2422 centumvi-

1097 2446 1186 2488 rale
1208 2444 1419 2500 iudicium
1440 2443 1591 2497 docet,
1612 2458 1657 2486 te
1675 2442 1835 2499 judicia
1855 2459 1942 2500 pu-

1097 2509 1206 2553 blica
1221 2526 1231 2559 ;
1255 2524 1334 2565 per
1348 2508 1533 2565 privatae
1549 2522 1655 2551 vero
1668 2523 1817 2552 causas
1827 2539 1840 2562 ‚
1855 2508 1947 2565 pri-

1097 2583 1194 2617 vata
1211 2574 1341 2617 etiam
1361 2571 1522 2628 judicia
1539 2572 1816 2616 triumvirum
1829 2588 1948 2617 exer·

1096 2639 1245 2683 cuisse.
1264 2660 1319 2670 —
1339 2636 1458 2682 Nihil
1482 2635 1606 2680 aliud
1633 2636 1757 2691 vult,
1786 2637 1869 2680 nisi
1900 2653 1944 2681 se

1097 2704 1229 2748 etiam
1249 2704 1367 2747 inter
1384 2701 1550 2758 judices
1567 2701 1784 2746 adlectum
1798 2734 1810 2755 ,
1838 2718 1944 2759 quos

1097 2779 1258 2826 pretor
1274 2769 1319 2812 in
1340 2767 1474 2812 causis
1497 2767 1672 2824 privatis
1694 2766 1798 2809 dare
1821 2767 1944 2811 sole-

1097 2834 1183 2878 bat.
1222 2833 1388 2878 Omnia
1423 2830 1660 2876 confundit
1697 2831 1945 2888 ignorantia

1097 2899 1362 2956 antiquitatis
1394 2897 1594 2952 Merula,
1635 2898 1782 2955 inepte
1809 2898 1942 2942 adse-

1097 2983 1198 3010 rens
1212 2964 1344 3009 ovid.
1354 2963 1553 3021 *judicem
1574 2981 1625 3007 ex
1639 2973 1795 3020 quarta
1809 2964 1946 3009 decu-

1095 3031 1160 3073 ria
1181 3029 1309 3074 fuisse
1326 3061 1339 3083 ,
1369 3038 1415 3072 et
1439 3029 1718 3072 triumvirum
1741 3028 1941 3072 electum.

1098 3096 1323 3140 Triumvir
1344 3093 1453 3145 futu
1477 3092 1552 3137 sed
1572 3092 1632 3136 illi
1653 3108 1744 3136 non
1768 3093 1942 3150 judica-

1095 3162 1214 3205 bant.
1239 3161 1399 3203 Eunu.

1150 3243 1216 3285 99.
1255 3226 1415 3267 Ultima
1443 3240 1507 3266 me
1530 3225 1718 3278 perdunt.
1754 3225 1944 3278 produnt

1096 3307 1210 3333 unus
1223 3289 1393 3346 gallicus
1406 3287 1799 3344 ;sicinfrahocipso
1813 3287 1937 3339 libro,

1095 3371 1134 3398 v.
1158 3371 1233 3410 207
1250 3386 1262 3407 ‚
1287 3353 1587 3396 Combianus:
1609 3370 1631 3390 «
1658 3352 1937 3396 Prodiderint

1096 3437 1231 3478 quum
1254 3436 1325 3464 me
1347 3420 1435 3464 duo
1457 3419 1654 3463 crimina.
1678 3438 1699 3458 n
1729 3420 1910 3462 fluns(
