2280 3776
308 316 407 351 102

763 302 827 355 P.
879 303 1173 383 ovlnn
1209 304 1584 361 NASONIS

379 415 604 475 Pectore
625 461 638 487 ‚
668 414 890 477 lecturis
918 419 1253 501 inspicienda
1286 436 1490 504 patent.

300 512 627 590 Quaerebam
649 513 840 575 fratres
858 561 873 586 ,
909 518 1150 600 exceptis
1176 517 1382 579 scilicet
1408 519 1518 579 illis
1537 566 1552 592 ‚
2012 543 2068 584 613

375 609 535 686 Quos
563 634 694 670 suus
725 626 940 692 optaret
964 636 1080 672 non
1110 614 1361 692 genuisse
1389 639 1587 697 parens
1613 640 1626 675 ε

295 702 642 780 Quaerentem
670 704 874 766 frustra
907 722 1095 767 custos
1125 732 1210 768 me
1228 756 1242 781 ‚
1274 709 1500 770 sedibus
1527 709 1638 771 illis

373 799 734 881 PraeposituS‚
764 818 954 863 sancto
978 805 1142 885 jussit
1171 805 1323 866 abire
1353 806 1496 866 loeo.

290 891 480 954 Altera
509 897 710 980 templa
736 915 865 980 peto
882 946 896 971 ,
928 901 1107 961 vicino
1132 902 1321 982 juncta
1349 902 1590 973 theatr03
1822 964 1832 972 ,

374 992 503 1052 Haec
534 1018 756 1077 quoque
787 1012 939 1057 erant
964 998 1205 1080 pedibus
1230 1023 1343 1058 non
1373 999 1623 1058 adeunda
1653 1000 1806 1061 meis.
2012 1032 2065 1076 7⁰

293 1089 407 1148 Nec
435 1113 548 1160 me,
581 1116 699 1173 quae
727 1093 904 1155 doctis
932 1109 1230 1178 patuerunt
1256 1095 1430 1179 prima
1461 1095 1693 1170 libellis,

374 1186 531 1246 Atria
558 1188 810 1251 Libertas
842 1206 1063 1271 tangere
1091 1216 1251 1274 passa
1283 1217 1377 1254 sua
1406 1208 1505 1254 est.

293 1281 354 1339 In
386 1306 557 1359 genus
588 1287 826 1346 auctoris
853 1287 1038 1348 miseri
1059 1288 1278 1348 fortuna
1303 1289 1601 1361 redundat;

377 1377 453 1435 Et
481 1378 722 1459 patimur
749 1380 890 1453 nati,
922 1406 1084 1463 quam
1114 1382 1241 1443 tulit
1266 1383 1411 1467 ipse,
1439 1383 1665 1463 fugam·

293 1473 547 1532 Forsitan
576 1490 630 1534 et
659 1476 825 1537 nobis
855 1475 984 1537 olim
1011 1478 1193 1538 minus
1224 1502 1412 1561 asper,
1439 1495 1492 1540 et
1523 1479 1605 1539 illi

369 1567 594 1628 Evictus
623 1567 792 1647 longo
823 1585 1069 1654 tempore
1102 1572 1283 1632 Caesar
1308 1574 1431 1633 erit.
1473 1596 1476 1602 ·

290 1665 364 1724 Di
381 1711 397 1736 ,
417 1689 627 1747 precor,
645 1681 808 1749 atque
825 1668 979 1740 adeo,
1003 1692 1182 1752 neque
1200 1670 1346 1730 enim
1362 1670 1500 1731 mihi
1522 1670 1684 1730 turba
1697 1671 1938 1750 roganda
1959 1687 2059 1739 est,

295 1798 461 1839 Veteres
474 1796 617 1852 secere
641 1800 812 1852 novique
832 1798 1016 1840 Pectore.
1044 1799 1130 1841 Ce-

276 1862 376 1916 pere
408 1861 574 1917 antiqui
608 1861 703 1904 fere
739 1877 906 1905 omnes.
939 1862 1133 1906 Avienus

286 1925 578 1981 prognosticis
603 1958 614 1980 ,
646 1942 752 1981 cape
785 1929 934 1970 sollers
965 1930 1134 1983 singula

283 2000 441 2033 mente:
458 1989 558 2033 hinc
573 2007 713 2045 capax
727 1996 892 2034 animus
903 2026 913 2043 ‚
932 2001 976 2035 et
989 1997 1134 2037 conci-

275 2071 375 2110 pere
392 2063 545 2105 mente,
576 2055 694 2110 quod
716 2056 872 2111 passim
891 2056 1005 2114 apud
1025 2057 1132 2101 scri-

285 2129 430 2176 ptores
466 2119 666 2163 occurrit.
698 2121 865 2164 Veram
898 2121 1131 2182 lectionem

283 2185 374 2239 jam
401 2184 508 2228 vidit
536 2185 827 2243 sagacissimus
851 2186 1099 2234 Gronovius
1115 2220 1127 2241 ‚

286 2250 513 2294 Observat.
536 2251 605 2294 lib.
632 2251 709 2306 11,
744 2269 834 2309 cap.
859 2254 885 2296 3
903 2286 917 2308 ‚
949 2253 1021 2310 qui
1047 2253 1131 2297 illic

284 2314 544 2359 consulatur.
567 2317 626 2360 H.

337 2380 404 2422 65.
428 2382 664 2435 Quaerebam
669 2380 841 2436 fratres.
862 2382 1129 2438 Quaerebam

284 2446 329 2487 in
349 2445 502 2487 eadem
527 2445 782 2491 bibliotheca
802 2457 979 2492 caeteros
999 2448 1135 2492 libros·

284 2512 336 2553 ab
373 2510 534 2554 ovidio
573 2514 832 2570 compositos
861 2531 871 2566 ;
919 2522 1129 2570 tanquam

280 2574 437 2619 fratres
457 2592 576 2619 meos
596 2578 648 2619 ab
668 2579 760 2633 ipso
779 2578 960 2635 genitos.

335 2642 403 2684 66.
423 2645 519 2685 Non
533 2648 725 2697 genuisse
736 2652 873 2699 paler.
900 2648 1061 2688 Parens
1082 2646 1127 2688 in

284 2706 534 2749 melioribus
551 2707 716 2764 scriptis
736 2717 780 2751 et
800 2708 946 2765 priscis
970 2709 1129 2753 editio-

283 2772 410 2816 nibus
438 2790 448 2816 :
478 2773 627 2817 malim
658 2774 790 2817 etiam
813 2779 994 2829 θρίω-ιη
1022 2792 1127 2819 nam

279 2846 448 2891 optarat
462 2847 525 2881 est
545 2839 588 2881 in
611 2838 880 2895 quibusdam.
897 2841 957 2883 H.

333 2902 399 2958 67.
425 2904 573 2945 Custos
590 2920 614 2945 e
633 2907 800 2947 sedibus
816 2908 917 2948 illis.
933 2907 1004 2947 De
1016 2909 1127 2949 sedi-

283 2968 360 3008 bus
373 2966 587 3009 nonnulli.
606 2967 754 3011 Scribe
769 2985 831 3011 me
843 3002 852 3017 ,
869 2971 1047 3011 sedibus.
1066 2971 1125 3012 H.

334 3029 399 3074 68.
422 3032 573 3073 Sancto
586 3035 689 3075 loco.
711 3031 830 3088 Quia
848 3033 967 3088 quasi
981 3033 1124 3090 quod-

284 3092 384 3135 dam
409 3095 620 3150 templum
639 3097 859 3154 sapientiae
874 3129 887 3151 ,
914 3113 999 3153 qua
1017 3096 1125 3140 nihil

283 3159 469 3202 sanetius
489 3177 536 3203 ac
555 3162 851 3205 venerabilius.
872 3164 923 3206 P.

335 3222 401 3280 69.
429 3224 579 3266 Altera
605 3230 760 3281 templa
778 3236 887 3282 pelo.
915 3227 1030 3271 Sunt
1051 3226 1125 3284 qui

282 3285 352 3328 hic
368 3286 421 3329 de
443 3290 603 3346 templo
629 3291 803 3347 Magnae
824 3294 973 3337 matris
995 3293 1127 3337 intel-

278 3348 414 3406 ligant
435 3365 445 3393 :
468 3351 660 3409 plerique
686 3355 739 3397 de
769 3358 930 3413 templo
950 3359 1121 3400 Vestae:

281 3414 415 3470 magis
438 3414 600 3472 placet,
623 3428 804 3477 propter
825 3437 1010 3478 sequens
1028 3439 1125 3465 car-

1212 1815 1315 1841 men
1333 1831 1344 1850 ‚
1375 1798 1605 1842 Libertatis
1633 1800 1794 1842 atrium
1823 1798 2057 1857 intelligas,

1213 1864 1330 1920 quod
1362 1865 1414 1907 ab
1445 1864 1597 1908 Asinio
1636 1865 1831 1909 Pollione
1862 1875 2056 1909 erectum

1212 1938 1346 1972 est.-—
1355 1932 1504 1973 W'cino
1523 1931 1696 1973 theatro.
1717 1930 1910 1974 Theatro
1933 1930 2059 1973 B‘Iar·

1211 1993 1305 2036 celli
1326 2026 1337 2048 ,
1364 2002 1438 2037 aut
1469 1991 1664 2037 Cornelii
1686 1994 1840 2049 Balbi,
1869 1997 2066 2051 propin-2

1211 2073 1310 2114 quo,
1348 2059 1478 2101 Man.
1505 2081 1558 2091 --
1581 2060 1733 2102 Altera
1767 2063 1923 2115 templa
1945 2069 2056 2116 peto.

1213 2124 1337 2180 Quid
1356 2124 1390 2167 si
1411 2124 1464 2169 de
1486 2125 1649 2182 templo
1663 2158 1675 2180 ,
1706 2125 1795 2169 sive
1816 2125 1908 2169 aede
1928 2127 2057 2170 Her-

1210 2189 1314 2232 culis
1333 2189 1565 2233 Musarum
1584 2190 1875 2247 intelligamus
1889 2223 1901 2244 ,
1925 2207 2056 2247 quem

1209 2254 1624 2309 MusagetemGraeco
1635 2254 1816 2297 nomine
1825 2255 2056 2298 vocarunt?

1208 2318 1330 2373 cujus
1359 2327 1510 2362 auctor
1542 2319 1700 2362 exstitit
1725 2319 1913 2362 Martius
1941 2319 2059 2362 Phi-

1207 2382 1360 2440 lippus,
1376 2393 1424 2427 ut
1437 2385 1618 2428 sueton.
1633 2383 1778 2440 tradit.
1796 2374 2054 2428 Rex-smann-

1207 2449 1299 2492 vult
1314 2450 1803 2494 esseVenerisVicn-icis
1819 2450 2030 2507 templum
2042 2483 2053 2502 ,

1206 2514 1397 2557 vicinum
1421 2515 1623 2573 Pompeii
1652 2512 1824 2562 theatro
1840 2548 1852 2571 ,
1880 2515 1947 2559 vel
1971 2548 1983 2570 ,
2008 2525 2055 2558 ut

1207 2578 1300 2632 alii,
1326 2579 1534 2623 Marcelli.
1556 2566 1728 2624 MICYL.

1265 2661 1284 2700 7
1295 2661 1328 2686 1.
1347 2645 1604 2700 Potuerunl;
1626 2647 1854 2688 docuerunt
1870 2646 2052 2688 Putean.

1197 2712 1445 2765 placuerunt
1457 2708 1656 2752 Leidens.
1677 2713 1848 2752 tabellts
1861 2709 2024 2752 Lovan.

1220 2778 1223 2781 ’
1263 2775 1326 2830 73.
1347 2774 1398 2815 Iu
1409 2790 1541 2829 genus
1557 2779 1742 2816 auctoris
1755 2779 1906 2818 meseri-
1929 2775 1982 2818 In
1999 2776 2053 2818 li-

1204 2836 1305 2880 bros
1324 2837 1434 2880 filios
1453 2836 1633 2880 infelicis
1653 2836 1814 2882 Ovidii.

1233 2896 1236 2898 v
1263 2905 1324 2958 74.
1342 2903 1404 2944 E't
1412 2902 1769 2959 patimurfitgam.
1784 2905 1843 2948 Et
1861 2921 1941 2949 nos
1955 2905 2050 2949 libri

1206 2966 1354 3011 Ovidii
1375 2968 1595 3026 fugamur.

1261 3035 1324 3089 75.
1345 3034 1408 3076 Et
1422 3036 1500 3076 illi.
1527 3033 1585 3077 Et
1607 3034 1780 3077 ovidio.

1258 3112 1320 3153 77.
1339 3099 1477 3152 Neque
1488 3102 1597 3141 caim
1611 3101 1718 3141 mihi
1726 3100 1848 3142 turba
1859 3103 2047 3155 roganda

1201 3169 1277 3203 est.
1300 3161 1454 3203 Malim
1474 3166 1662 3217 roganda
1689 3180 1747 3207 es.
1781 3164 1899 3209 Deos
1928 3165 2046 3208 enim
2103 3182 2109 3189 “

1203 3225 1460 3281 adloquitur.
1476 3229 1534 3270 H.
1548 3229 1675 3271 —Dt
1683 3262 1693 3278 ‚
1717 3245 1872 3284 precor.
1884 3231 2047 3285 Depre-

1203 3308 1277 3334 cor
1297 3293 1509 3337 Bet-nens.
1542 3303 1585 3337 et
1612 3295 1786 3351 plurimi
1805 3294 1964 3352 scripti.
1987 3297 2046 3337 Te

1196 3358 1511 3412 precorMoreti
1522 3368 1564 3404 et
1573 3376 1731 3403 novem
1744 3360 1824 3403 alii.
1836 3359 1924 3403 Sed
1936 3358 2044 3402 mihi

1203 3424 1337 3480 magis
1361 3424 1498 3481 placet
1515 3425 1640 3469 lectio
1657 3425 1909 3470 Heinsiana.
