2280 3776
303 307 410 376 340

764 307 829 359 Ρ.
882 304 1177 359 OVIDII
1229 302 1611 359 NASONIS

298 425 465 493 Mox,
496 421 595 480 ubi
627 418 784 502 pulsa
818 443 965 479 mora
997 432 1109 489 est,
1141 433 1304 500 atque
1337 442 1400 478 os
1431 417 1636 480 caeleste
1663 419 1904 484 solutum
1923 469 1938 496 ,

378 522 503 579 Hoc
535 519 773 599 Superos
803 517 949 596 jures
976 539 1128 575 more
1158 515 1329 576 solere
1362 515 1515 598 loqui
1543 541 1554 575 τ

299 617 481 696 Atque
501 659 514 684 ,
547 612 659 671 haec
686 625 797 683 est,
829 610 1000 681 dicaS,
1033 610 1279 670 facundia
1312 611 1558 693 principe
1590 610 1788 690 digna3
2010 632 2062 674 55

376 707 615 790 Eloquio
648 722 859 767 tantum
885 705 1188 766 nobilitatis
1216 706 1384 765 inest!

296 805 440 866 Huic
468 819 526 862 tu
560 826 728 884 quum
763 799 973 884 placeas
993 848 1007 872 ,
1041 815 1093 860 et
1121 801 1317 860 vertice
1347 800 1521 860 sidera
1551 815 1743 879 tangas
1763 850 1780 877 ,

379 898 596 980 Scripta
628 911 802 955 tamen
834 895 1053 978 profugi
1082 896 1218 955 vatis
1246 895 1492 955 habenda
1523 912 1699 979 putas.

295 996 513 1057 Scilicet
544 994 778 1072 ingeniis
807 992 988 1074 aliqua
1019 1006 1100 1051 est
1132 991 1421 1051 concordia
1449 991 1682 1072 junctiS,

375 1096 450 1153 Et
474 1106 647 1152 servat
681 1088 848 1150 studii
877 1088 1078 1149 foedera
1108 1089 1339 1171 quisque
1371 1089 1475 1148 sui.
2013 1111 2069 1151 σο

290 1188 556 1250 Rusticus
586 1184 873 1265 agricolam
895 1230 909 1255 ,
938 1183 1093 1244 miles
1123 1183 1234 1242 fera
1263 1182 1408 1243 bella
1438 1197 1741 1262 gerentem,

373 1287 664 1345 Rectorem
698 1280 879 1341 dubiae
905 1280 1085 1339 navita
1115 1280 1320 1363 puppis
1348 1295 1506 1340 amat.

291 1384 380 1442 Tu
412 1403 635 1464 quoque
665 1377 941 1438 Pieridum
973 1377 1187 1449 studim
1221 1376 1501 1450 studiose,
1530 1377 1759 1450 teneriS,

369 1477 710 1557 Ingenioque
741 1475 918 1544 faveS,
949 1473 1264 1551 ingeniose,
1296 1495 1436 1532 meo,

287 1574 473 1634 Distat
497 1596 637 1655 opus
668 1585 918 1631 nostrum
942 1594 954 1642 ;
988 1570 1080 1630 sed
1109 1569 1360 1629 sontibus
1388 1568 1498 1629 exit
1526 1568 1596 1627 ab
1624 1568 1798 1628 isdem
1824 1593 1838 1629 :
2009 1587 2063 1629 65

367 1669 521 1729 Artis
558 1684 612 1729 et
640 1669 889 1746 ingenuae
914 1667 1093 1728 cultor
1119 1681 1348 1749 uterque
1379 1689 1583 1726 sumus.

287 1766 534 1848 Thyrsus
565 1766 706 1825 enim
738 1764 897 1825 vobis
915 1812 929 1837 ,
961 1778 1168 1842 gestata
1198 1778 1281 1823 est
1308 1762 1489 1822 laurea
1510 1760 1702 1834 nobis;

369 1862 476 1921 Sed
508 1877 685 1921 tamen
713 1861 983 1922 ambobus
1014 1861 1179 1921 debet
1210 1860 1388 1919 inesse
1416 1858 1580 1918 calor.

288 1957 475 2038 thue
502 1955 636 2015 meis
667 1956 908 2015 numeris
939 1970 1029 2042 tua
1061 1955 1155 2013 dat
1180 1953 1431 2012 facundia
1461 1975 1684 2023 nerVOS,

370 2051 461 2110 Sic
491 2050 642 2109 venit
669 2074 699 2108 a
721 2049 885 2108 nobis
913 2050 971 2108 in
1001 2063 1092 2108 tua
1124 2049 1290 2109 verba
1318 2049 1481 2108 nitor.
2011 2076 2064 2123 70

340 2189 403 2232 53.
436 2190 520 2231 Ubi
540 2191 669 2243 pulsa
699 2204 814 2230 mora
837 2194 911 2230 est.
938 2187 1134 2243 Quando

284 2252 503 2296 silentium
520 2285 530 2306 ,
548 2251 664 2308 quod
684 2250 946 2306 aliquamdiu
966 2252 1107 2295 tenuit
1120 2287 1131 2303 ‚

283 2321 609 2379 rupit—Atque
628 2336 676 2362 os
696 2322 858 2362 coeleste
868 2322 1060 2362 solutum.
1076 2320 1134 2363 Et

286 2386 539 2431 Germanici
561 2384 757 2428 divinum
772 2401 818 2428 os
831 2384 950 2441 ,loqui
965 2385 1104 2440 coepit.

339 2456 403 2510 59.
425 2454 611 2506 Ingenz‘is
613 2451 793 2505 junctis.
815 2448 1006 2505 Ingeniis
1024 2464 1133 2491 con-

282 2516 441 2574 junctis
463 2525 507 2558 et
526 2514 730 2571 colligatis
756 2513 802 2556 in
830 2514 966 2570 aliqua
996 2512 1132 2556 disci-

281 2581 411 2638 plina.
435 2580 719 2636 Ingeniorum
745 2577 865 2621 enim
893 2577 1130 2621 similitudo

284 2646 493 2691 amicitias
511 2645 792 2700 conglutinat.

338 2712 404 2755 60.
418 2708 735 2763 Servatfaedera
747 2712 820 2750 sui
828 2711 970 2751 studii.
989 2709 1044 2751 Et
1058 2725 1132 2751 re—

283 2775 394 2818 tinet
416 2772 776 2829 conjunctionem
804 2772 919 2815 illam
948 2786 1044 2828 quae
1067 2781 1131 2816 est

280 2841 328 2884 in
349 2840 447 2897 ipsis
466 2839 617 2883 studiis
635 2847 680 2881 et
697 2838 942 2895 disciplinis.

336 2906 402 2949 65.
422 2906 573 2946 Distat
590 2919 694 2957 opus
716 2911 913 2947 nostrum.
936 2903 1054 2959 Quia
1081 2913 1130 2946 tu

279 2984 401 3012 vacas
421 2968 680 3024 eloquentiae
693 3001 704 3021 ,
727 2983 808 3024 ego
829 2983 933 3011 vero
952 2969 1130 3025 poeticae

277 3034 482 3079 facultati.
510 3059 563 3067 —
591 3035 660 3077 Ab
686 3037 819 3078 isdem
827 3035 1033 3092 fontibus.
1060 3034 1129 3078 Ab

278 3101 433 3143 iisdem
459 3100 614 3144 Musis.

332 3165 397 3219 67.
416 3167 600 3222 Thyrsus
611 3169 720 3208 em'm
732 3168 852 3208 vobis
865 3198 874 3211 ,
891 3171 1057 3219 gestata
1066 3171 1132 3206 est

276 3231 419 3269 laurea
440 3231 571 3270 nobis.
604 3228 716 3271 Mihi
743 3237 883 3272 totum
914 3227 1128 3271 distichon

275 3291 359 3334 hoc
379 3290 518 3333 dubiae
542 3292 643 3334 fidei
667 3303 729 3335 est
753 3301 997 3349 suspectum
1024 3308 1034 3334 ι
1057 3311 1129 3335 κα·-

272 3362 435 3415 noemia
457 3355 575 3397 enim
594 3356 669 3397 ista
682 3388 693 3407 ,
711 3361 850 3403 vobis,
871 3361 1011 3403 nobis,
1035 3373 1129 3398 am-

274 3420 423 3470 bobus,
447 3417 557 3460 mire
578 3417 762 3462 offendit
783 3434 910 3463 aures
932 3435 942 3461 :
966 3418 1126 3463 deinde

1216 2187 1285 2229 vix
1314 2195 1378 2231 est
1405 2187 1578 2243 adsequi
1603 2186 1707 2244 quid
1732 2186 1847 2230 velit.
1874 2186 1988 2231 Nam
2016 2185 2064 2230 in

1215 2252 1380 2309 scriptis
1392 2252 1607 2296 codicibus
1622 2261 1815 2296 monstra
1828 2251 2065 2295 lectionum

1216 2325 1484 2371 comparent.
1500 2317 1782 2359 Sarravianus
1799 2333 1809 2360 :
1827 2334 1848 2353 «
1869 2315 2064 2374 Thyrsus

1216 2380 1443 2423 sublestate
1465 2390 1626 2436 gestata
1647 2391 1710 2425 est
1728 2381 1871 2424 laurea
1891 2379 2027 2423 nobis.
2041 2398 2064 2418 »

1220 2446 1489 2490 Combianus
1511 2449 1696 2506 Thy'rsus
1714 2451 1863 2490 abies!
1874 2462 1903 2488 a
1917 2454 1968 2488 te.
1984 2446 2065 2489 Po-

1213 2511 1347 2556 litian.
1369 2521 1414 2555 et
1435 2511 1942 2569 fragmentumvatican.
1961 2527 2064 2554 cum

1215 2578 1626 2636 Rottendorphiano
1648 2596 1657 2623 :
1682 2598 1703 2617 «
1732 2579 1942 2636 Delphica
1969 2595 2063 2622 non

1212 2658 1331 2698 aeque
1349 2653 1509 2700 gestata
1522 2654 1586 2688 est
1604 2644 1747 2688 laurea
1766 2644 1903 2687 nobis.
1920 2644 2062 2686 »Tres

1218 2710 1405 2766 Thyrsus
1441 2714 1487 2751 in
1517 2718 1583 2752 est
1616 2713 1765 2760 vobis;
1792 2709 1880 2751 duo
1908 2710 2062 2759 adest,-

1214 2789 1295 2828 pro
1319 2775 1400 2815 sed
1418 2782 1558 2816 tamen
1584 2789 1697 2817 unus
1716 2772 1878 2815 Medic.
1897 2773 1978 2814 sed
1979 2771 2064 2825 sa-

1213 2854 1295 2882 νον.
1311 2839 1424 2880 Puto
1436 2840 1518 2880 sed
1519 2854 1613 2893 par.
1633 2839 1746 2880 H.—
1754 2839 1937 2896 Thyrsus
1954 2841 2062 2880 enim

1211 2904 1342 2943 vobis.
1367 2901 1456 2943 Per
1481 2904 1664 2960 thyrsum
1679 2935 1690 2951 ‚
1729 2901 1962 2944 oratoriam
1992 2901 2059 2943 sa-

1211 2966 1415 3009 cultatem
1451 2965 1650 3024 intelligit
1684 2984 1694 3010 :
1731 2984 1809 3023 per
1841 2971 2058 3018 lauream,

1211 3031 1440 3085 poeticam.
1467 3030 1603 3085 Quasi
1627 3031 1741 3075 dicat
1771 3049 1781 3075 :
1808 3048 1883 3074 vos
1903 3032 2061 3075 Bacchi

1208 3095 1392 3139 stimulis
1428 3096 1646 3151 agitamini
1671 3131 1682 3151 ‚
1713 3115 1789 3141 nos
1816 3096 2058 3153 Apollinis:

1210 3161 1364 3217 quibus
1400 3169 1547 3204 tamen
1584 3162 1778 3220 utrisque
1812 3179 1913 3206 suus
1941 3161 2058 3206 calor

1211 3235 1276 3269 est
1295 3259 1306 3280 ,
1328 3243 1514 3283 suusque
1538 3227 1738 3284 impetus.
1759 3228 1932 3271 Mzcn.

1267 3308 1330 3347 70·
1359 3293 1429 3335 Sic
1453 3297 1569 3335 venit
1585 3310 1612 3334 a
1634 3296 1755 3335 nobis
1773 3297 1818 3334 in
1838 3301 1911 3335 tua
1930 3293 2055 3333 verba

1209 3360 1328 3399 nitor.
1360 3357 1428 3400 Ab
1452 3366 1543 3400 arte
1577 3360 1741 3413 poetica
1765 3374 1775 3401 ε
1800 3374 1823 3400 a
1850 3373 1931 3412 qua
1960 3371 2053 3397 non

1210 3420 1373 3466 alienus
1395 3430 1459 3466 est
1479 3431 1637 3465 orator.
1660 3423 1725 3465 Ita
1747 3422 1865 3465 enim
1888 3419 1977 3464 Cic.
2000 3421 2019 3463 I
2037 3451 2050 3474 ,
