2280 3776
399 372 401 374 .
477 328 586 383 EX
626 326 922 395 PossNTo
962 326 1125 382 LIB.
1169 329 1257 382 ΙΙ.
1300 327 1576 383 EPIST.
1620 330 1691 382 V.

1865 332 1964 401 341

209 446 343 506 Jure
371 444 542 524 igitur
569 443 752 506 studio
781 442 1014 503 confinia
1045 444 1278 505 carmina
1306 459 1487 506 vestro
1505 492 1520 518 ‚

294 544 368 603 Et
397 541 699 603 commilitii
727 564 872 603 sacra
906 541 1103 601 tuenda
1133 556 1308 625 putas.

211 638 322 699 Pro
353 639 554 722 quibus
581 653 641 698 ut
669 652 911 707 maneat,
947 638 1023 698 de·
1044 662 1155 720 quo
1185 638 1450 711 censensi,
1482 639 1719 710 amicu8‚

293 736 627 820 Compreeor
651 734 716 795 ad
746 734 866 794 vitae
897 748 1140 818 tempora
1169 758 1377 795 summa
1412 749 1514 796 tuae
1539 760 1552 808 ;

211 832 583 916 Succedatque
613 831 721 892 tuis
748 832 902 892 orbis
926 832 1236 893 moderator
1256 833 1486 893 habenis
1510 858 1522 893 :
1921 852 1973 908 75

291 928 465 1009 Quod
493 952 700 990 mecum
732 928 923 1012 popuii
954 944 1078 990 vota
1108 944 1400 1013 precantur
1427 928 1587 990 idem.

207 1071 261 1116 de
285 1072 474 1119 Oratore
500 1091 510 1119 :
531 1092 553 1113 «
584 1074 661 1119 Est
686 1074 805 1118 enim
836 1075 1048 1119 finitimus

205 1139 364 1183 oratori
396 1148 519 1196 poeta
539 1171 550 1193 ,
581 1140 776 1183 numeris
807 1140 1049 1184 adstrictior

204 1204 332 1259 paulo
349 1235 361 1258 ,
385 1205 618 1249 verborum
643 1214 789 1249 autem
813 1205 980 1249 licentia
1004 1205 1047 1248 ii-

201 1264 349 1310 berior
363 1299 374 1321 ,
405 1268 550 1312 multis
571 1285 675 1312 vero
696 1268 881 1313 ornandi
904 1284 1047 1327 gene-

200 1331 320 1377 ribus
338 1334 476 1378 socius
490 1366 502 1388 ,
526 1349 572 1378 ar.
594 1350 702 1391 pene
722 1352 820 1390 par,
837 1344 915 1379 etc.
939 1354 959 1372 υ

260 1415 309 1455 7²
319 1400 460 1444 sacra
471 1404 712 1445 commilitii.
726 1400 762 1444 C
770 1402 934 1444 munina
946 1416 1045 1445 con·

203 1460 309 1507 finia
337 1473 480 1508 vestro
505 1464 674 1518 studim
704 1474 751 1509 nt
783 1465 837 1510 sit
866 1482 1045 1510 sensns:

202 1528 298 1585 jure
317 1528 447 1587 igitur
466 1530 665 1576 defendis
684 1533 876 1577 carmina
901 1533 1048 1576 confi-

203 1591 274 1635 nia
295 1600 339 1637 et
361 1596 477 1649 qnasi
498 1605 677 1651 cognata
698 1605 866 1651 vestro,
892 1596 933 1639 id
955 1606 1044 1649 est,

202 1657 393 1700 oratorio
408 1658 552 1703 studio
572 1676 582 1703 z
600 1669 644 1703 et
663 1677 779 1704 sacra
800 1670 843 1703 et
861 1661 1048 1704 commi-

202 1719 306 1777 litii,
332 1723 410 1767 hoc
429 1732 517 1778 est,
545 1724 589 1768 in
610 1724 764 1780 quibus
781 1725 912 1769 iidem
927 1723 1046 1783 quasi

202 1787 520 1833 commilitones
540 1805 702 1832 sumus.
724 1790 896 1833 Mtcvr..

261 1853 321 1909 73.
350 1856 430 1898 I’ro
449 1858 594 1910 quibus
621 1863 670 1898 u!
691 1871 874 1899 maneas.
907 1854 1044 1898 Malui

201 1926 389 1966 maneat,
416 1918 502 1962 scil.
534 1918 822 1963 Germanicus
843 1935 852 1961 :
877 1927 969 1962 tum
991 1918 1046 1962 sit

200 1997 349 2026 sensus
376 1998 386 2026 ε
413 1999 491 2040 pro
512 1983 667 2039 quibus
687 1998 965 2038 comprecor,
996 1991 1045 2026 ut

199 2046 270 2091 iiie
286 2047 338 2091 de
357 2064 444 2105 quo
460 2049 670 2103 censeris,
694 2048 774 2092 boc
795 2056 887 2100 est,
908 2047 952 2091 in
974 2064 1045 2092 cu·

199 2112 268 2170 jus
280 2114 463 2158 amicitia
477 2130 523 2159 ac
537 2113 819 2158 familiaritate
837 2122 1042 2170 tanquam

201 2187 318 2222 certa
347 2179 487 2236 aliqua
512 2179 638 2224 classe
666 2180 852 2223 censeris
880 2196 926 2224 ar
954 2196 1041 2223 nu-

201 2242 381 2288 meraris
401 2259 412 2288 :
437 2244 523 2287 sive
545 2243 598 2288 de
620 2245 743 2297 cuius
765 2243 877 2287 sama
902 2260 947 2289 ac
969 2243 1043 2287 di-

203 2306 382 2363 gnitate,
396 2316 469 2352 tua
481 2324 652 2365 quoque
665 2308 849 2364 dignitas
860 2317 1043 2365 augetur

203 2388 252 2416 ac
277 2371 454 2426 crescit,
488 2372 566 2418 tibi
595 2374 756 2419 amicus
784 2383 960 2419 maneat
986 2374 1041 2418 ad

1130 1076 1264 1119 tinem
1280 1076 1377 1121 vitae
1391 1092 1525 1132 usqne
1542 1084 1650 1122 ωας
1669 1073 1868 1130 idemque
1883 1091 1973 1119 suc·

1128 1140 1252 1184 cedat
1274 1141 1316 1183 in
1341 1140 1524 1197 imperio
1543 1140 1629 1182 suis
1659 1138 1835 1182 habenis
1854 1172 1866 1192 ,
1893 1138 1973 1184 boc

1129 1213 1192 1247 est
1209 1237 1220 1258 ,
1252 1203 1329 1247 sibi
1362 1203 1517 1248 debitis
1550 1219 1596 1246 ac
1629 1202 1848 1246 destinatis
1884 1218 1974 1246 non

1128 1269 1353 1326 Augusto,
1378 1268 1445 1313 cui
1462 1271 1546 1322 iam
1566 1279 1656 1311 tum
1673 1285 1889 1311 successor
1901 1268 1973 1312 de·

1125 1332 1307 1379 stinatus
1320 1343 1412 1378 erat
1424 1333 1625 1378 Tiberius
1641 1351 1650 1376 ι
1667 1331 1740 1377 sed
1760 1333 1824 1375 vei
1840 1333 1975 1376 Tibe-

1127 1399 1193 1443 rio
1214 1399 1319 1457 ipsi,
1351 1400 1416 1443 vei
1440 1399 1568 1458 ipsius
1599 1398 1688 1443 filio
1713 1399 1868 1442 Druso.
1892 1396 1976 1442 Vel

1128 1479 1301 1507 rursum
1321 1497 1331 1517 ,
1353 1466 1405 1507 de
1419 1481 1498 1521 quo
1509 1469 1703 1509 censeres.
1726 1479 1822 1519 pro,
1841 1478 1973 1519 quem

1126 1529 1262 1573 modo
1282 1529 1469 1587 possides
1486 1563 1498 1585 ,
1527 1529 1600 1586 qui
1625 1545 1744 1573 nunc
1765 1537 1863 1572 tuns
1883 1535 1973 1579 est,

1127 1604 1172 1639 et
1201 1596 1316 1640 velut
1348 1613 1445 1653 pars
1473 1596 1669 1653 quaedam
1700 1611 1852 1639 census
1882 1594 1975 1647 tui,

1126 1660 1214 1704 sive
1232 1678 1384 1705 earum
1406 1678 1552 1706 rerum
1577 1662 1629 1705 de
1651 1661 1804 1718 quibus
1823 1675 1977 1703 cense-

1128 1725 1198 1768 ris.
1212 1726 1293 1768 Vei
1307 1760 1318 1780 ,
1332 1727 1385 1770 de
1399 1729 1523 1782 cujus
1538 1727 1672 1782 gratia
1685 1736 1727 1769 et
1740 1725 1884 1769 favore
1901 1734 1975 1769 tua

1127 1789 1311 1845 dignitas
1322 1790 1785 1847 etatimatiopendet.
1797 1790 1973 1835 Mtc.P.

1183 1859 1246 1912 75.
1260 1857 1540 1914 Succedatque
1553 1861 1643 1899 suls
1655 1859 1767 1899 orbis
1782 1858 1975 1899 modera-

1127 1927 1194 1962 tor
1211 1922 1394 1963 habenis.
1425 1922 1526 1964 Tuis
1550 1924 1723 1963 habent]-
1746 1936 1900 1975 magna
1922 1935 1976 1964 ex

1125 1992 1245 2042 parte
1266 1992 1455 2033 veter-eu
1489 1999 1567 2040 pro
1585 1990 1835 2034 moderafor.
1858 2001 1973 2028 unus

1127 2048 1376 2092 Hasniensis
1403 2052 1692 2099 moderantem·
1717 2058 1865 2106 argute
1924 2057 1975 2092 ut

1124 2113 1358 2170 imperium
1372 2113 1636 2159 Germanico
1654 2123 1806 2158 voveat
1826 2130 1874 2158 ac
1894 2113 1973 2157 ad-

1124 2189 1325 2238 preoetnr
1347 2198 1358 2225 :
1380 2181 1576 2226 succedat
1610 2181 1693 2226 tuis
1719 2181 1898 2224 habenis
1925 2195 1972 2222 ac

1124 2245 1324 2303 regimini
1342 2246 1456 2289 orbis
1470 2246 1770 2290 moderamen.
1787 2247 1973 2290 Putean.

1123 2319 1166 2354 et
1185 2308 1296 2354 unus
1308 2311 1479 2356 Thuan.
1501 2315 1806 2358 moderandus:
1822 2321 1943 2355 veter
1960 2334 1970 2340 ·

1122 2376 1260 2420 rimus
1279 2376 1563 2423 sarx-avianus
1584 2381 1831 2423 moderatus.
1853 2377 1913 2421 H.
