2280 3776
282 313 383 367 186

746 319 811 373 P.
858 319 1145 376 OVIDII
1186 321 1567 380 NASONIS
1646 352 1647 355 ¹

350 429 426 486 Et
455 451 573 510 quae
599 454 744 490 nunc
771 432 991 494 domino
1021 459 1148 499 rura
1177 453 1405 520 paterna
1436 455 1650 501 carent:
1992 478 2039 507 ιο

270 525 445 606 Inque
473 527 596 586 sinu
626 528 886 603 dominae,
920 531 1166 616 carisque
1188 537 1512 618 nepotibus»,
1541 537 1709 620 inque

357 623 589 684 Securus
616 626 791 706 patria
822 631 1169 692 consenuisse
1196 654 1329 691 mea.
1495 700 1506 707 v,

274 720 402 778 Haec
431 741 547 778 mea
578 720 654 779 sic
681 723 957 804 quondam
984 728 1170 809 peragi
1199 743 1508 810 speraverat
1534 745 1695 803 aetas;

278 860 284 862 -
355 818 472 876 Hos
504 841 605 895 ego
634 819 711 879 sic
740 844 916 883 annos
945 823 1179 884 condere
1209 824 1411 902 dignus
1444 848 1609 885 cram.

270 914 397 972 Non
425 913 500 972 ita
532 916 634 975 Dis
660 917 836 977 visum
861 965 874 990 ‚
904 920 997 1001 qui
1028 944 1114 979 me
1139 934 1389 1002 terraque
1405 968 1420 993 ‚
1446 922 1690 1005 marique
1993 942 2041 984 15

351 1010 579 1082 Actum,
611 1013 922 1075 Sarmaticis
951 1040 1252 1097 exposuere
1281 1017 1432 1077 locis.

271 1107 336 1163 In
364 1129 490 1165 cava
514 1107 790 1168 ducuntur
818 1134 1026 1192 quassae
1054 1112 1263 1173 navalia
1290 1137 1508 1196 puppes
1527 1160 1541 1185 ‚

348 1200 430 1259 Ne
462 1215 656 1262 temere
682 1203 740 1262 in
767 1205 956 1264 mediis
987 1206 1353 1267 destituantur
1378 1207 1536 1290 aquis
1560 1232 1573 1267 :

272 1293 352 1352 Ne
383 1294 538 1354 cadat
556 1342 570 1367 ‚
601 1311 652 1355 et
681 1298 879 1359 multas
905 1299 1450 1381 palmas'inhonestet
1482 1302 1736 1383 adeptas,

351 1389 674 1466 Languidus
702 1392 758 1450 in
787 1394 961 1475 pratis
989 1395 1231 1472 gramina
1261 1395 1436 1478 carpit
1464 1419 1669 1478 equus:
1990 1426 2044 1454 20

272 1484 465 1558 Miles,
495 1503 560 1547 ut
587 1488 823 1548 emeritis
854 1514 965 1548 non
994 1505 1076 1550 est
1108 1491 1240 1550 satis
1267 1490 1421 1550 utilis
1451 1490 1637 1561 anniS‚

349 1582 516 1642 Ponit
543 1582 611 1641 ad
642 1583 902 1665 antiquos
920 1631 942 1656 2
970 1607 1088 1667 quae
1114 1584 1242 1644 tulit
1267 1608 1444 1659 arma,
1483 1586 1662 1644 Lares.

273 1676 360 1736 Sic
391 1676 592 1755 igitur,
624 1677 777 1740 tarda
805 1679 945 1740 vires
974 1680 1256 1743 minuente
1287 1695 1530 1754 seneffia,

327 1832 388 1858 10.
418 1817 538 1858 Rura
562 1824 754 1871 paterna.
791 1816 869 1859 Me
907 1817 980 1873 qui
1012 1834 1115 1868 ⁸sum

269 1877 472 1925 dominus
505 1896 672 1923 eorum.
709 1881 850 1924 Erant
885 1890 1032 1925 autem
1065 1882 1111 1924 in

273 1943 478 2000 Pelignis.

327 2010 387 2050 13.
412 2011 541 2064 Inque
569 2012 664 2052 sinu
694 2011 892 2061 dominre,
927 2014 1115 2067 carisque

267 2079 492 2127 nepotibus.
521 2077 742 2118 Sodalibus
772 2077 922 2132 primae
951 2077 1110 2121 editio-

267 2154 346 2180 nes
364 2148 407 2181 et
428 2139 601 2194 plurimi
617 2140 775 2196 scripti.
793 2141 880 2184 Sed
899 2141 1111 2185 distichon

270 2202 401 2245 etiam
422 2203 503 2247 hoc
523 2203 590 2246 vix
609 2205 851 2262 genuinum
873 2215 946 2251 est.
969 2207 1028 2250 H.

328 2287 343 2311 1
352 2272 388 2324 4.
397 2272 491 2312 Hos
501 2287 574 2325 ego
582 2275 646 2313 sic
656 2288 791 2314 annos
795 2289 948 2326 ponere
961 2275 1113 2328 dignus

266 2350 391 2376 eram.
407 2336 544 2376 Canos
548 2351 702 2389 ponere
717 2336 842 2391 prim.
860 2345 904 2379 et
920 2337 1113 2394 quinque

270 2400 352 2443 alii.
370 2400 455 2443 Sed
474 2417 615 2456 neque
631 2401 753 2456 anni,
766 2418 907 2458 neque
922 2403 1018 2447 cmi
1031 2402 1115 2446 hoc
1141 2398 1146 2406 ¹

267 2482 396 2509 sensu
417 2467 515 2509 satis
538 2467 668 2510 latine
691 2476 930 2524 ponuntur.
961 2467 1114 2524 Quare

269 2530 438 2587 refingo
465 2548 598 2573 annos
625 2536 798 2576 condere
822 2549 834 2574 ,·
863 2533 922 2576 sic
944 2535 1118 2575 condere

268 2605 430 2638 oetalem
448 2605 614 2639 veteres
631 2628 642 2650 ‚
667 2606 716 2640 ut
736 2607 780 2641 et
802 2600 976 2641 condere
994 2600 1116 2640 soles.

331 2660 392 2702 16.
421 2662 667 2704 Sarmalt'czs
697 2665 814 2706 loce‘s.
843 2664 969 2718 Jugis
1000 2678 1116 2719 qua—

270 2735 372 2769 tuor
390 2727 488 2770 libri
505 2736 684 2771 veteres.
710 2728 770 2770 H.

328 2809 388 2848 17·
410 2794 460 2834 Ia
480 2809 587 2835 cava
605 2795 808 2836 ducuntur
825 2802 902 2837 etc.
925 2794 1117 2838 Navium

271 2856 469 2913 exemplo
495 2891 506 2910 ,
540 2874 635 2913 quae
675 2858 803 2915 longa
828 2860 1116 2916 ,navigatione

271 2920 467 2976 procellis
481 2922 647 2978 agitatae
662 2955 672 2975 ,
690 2922 733 2964 in
751 2924 972 2967 navalibus
987 2941 1118 2981 repo-

271 3002 299 3027 n
307 3003 364 3027 un
373 2995 454 3038 tur,
467 3002 511 3028 se
521 3003 674 3029 senem
684 2986 786 3030 dicit
799 2988 962 3043 placida
973 2983 1117 3045 quiete

274 3051 338 3092 uti
357 3050 566 3094 debuisse.

330 3133 391 3173 19·
406 3119 469 3159 Ne
482 3119 632 3167 cadat,
649 3125 693 3160 et
707 3121 1038 3173 multaspalnzas
1054 3122 1118 3161 in-

272 3183 460 3224 honestet
484 3186 669 3238 adeptas.
703 3184 840 3226 Locus
864 3192 1112 3240 corruptus:

271 3247 461 3286 ademtos
484 3263 549 3301 pr.
573 3247 699 3290 Polit.
727 3257 770 3290 et
796 3246 1115 3303 Rottendorph.

270 3310 460 3352 ademtus
484 3309 589 3352 alter
613 3312 841 3364 Politiani3
863 3316 1027 3368 adeptts
1051 3329 1114 3369 pr.

269 3374 410 3416 Vatic.
430 3373 560 3427 alius,
587 3379 763 3430 adeptus
784 3394 796 3419 ,-
819 3379 954 3422 scribe
979 3380 1119 3421 mullis

270 3440 434 3493 adeptis
444 3472 455 3492 ,
475 3437 686 3483 nimirum
700 3441 863 3496 palmis.
877 3441 966 3485 sed
981 3457 1120 3498 quum

1197 1817 1684 1866 inhonestandiverbum
1698 1814 1766 1858 vix
1782 1815 1879 1859 alibi
1892 1817 2045 1861 obcur-

1199 1891 1266 1925 rat
1286 1882 1400 1940 apud
1421 1882 1657 1943 Nostrum,
1677 1888 1785 1942 puto
1806 1881 1937 1923 etiam
1961 1881 2043 1925 hoc

1197 1944 1410 1989 distichon
1434 1961 1523 1988 esse
1547 1960 1598 1987 ex
1619 1945 1668 1987 iis
1684 1977 1696 1999 ‚
1725 1960 1820 2000 quae
1846 1944 2045 1988 inculca—

1195 2019 1301 2053 runt
1319 2010 1520 2054 homines
1537 2010 1648 2053 male
1669 2008 1826 2052 feriati.
1848 2008 1909 2051 H.

1254 2093 1276 2116 2
1286 2092 1299 2117 1
1307 2108 1317 2117 .
1333 2077 1477 2126 M'les,
1494 2079 1568 2117 ubi
1579 2078 1760 2117 emerim·
1771 2091 1853 2117 non
1864 2082 1930 2117 est
1938 2078 2046 2117 salis

1194 2145 1311 2184 utilis
1327 2146 1468 2184 armis.
1489 2143 1618 2184 ,Miles
1637 2149 1685 2183 ut
1703 2140 1898 2197 plerique
1922 2148 2045 2184 vete-⁴

1196 2222 1288 2258 res;
1308 2214 1354 2250 et
1372 2210 1499 2250 anuh
1511 2221 1592 2262 pro
1608 2209 1739 2248 armis
1752 2221 1765 2248 ‚⁰
1786 2213 1924 2256 recte3
1941 2219 2045 2247 nam

1197 2277 1238 2318 τὲ
1255 2289 1373 2320 arma
1391 2273 1601 2336 sequitur.
1623 2272 1814 2320 Maniai.
1829 2290 1849 2310 κ
1871 2272 2049 2316 Emeri-

1197 2345 1264 2383 tos
1277 2337 1417 2381 Musis
1431 2347 1474 2381 et
1487 2336 1654 2381 Phoebo
1668 2335 1845 2380 tradidit
1859 2351 2008 2379 annos.
2024 2354 2046 2374 »

1199 2402 1527 2448 lia-Pessime
1553 2418 1601 2446 ac
1625 2400 1857 2445 foedissime
1881 2401 1928 2444 in
1949 2401 2048 2458 qui,-

1197 2470 1382 2522 busdam
1397 2465 1703 2531 legitur‘arquc
1720 2485 1733 2512 .·
1753 2468 1800 2515 in
1827 2467 1917 2514 aliis
1936 2484 2047 2526 per-

1199 2538 1342 2595 spicue
1361 2571 1373 2593 ‚
1395 2542 1532 2582 annis.
1561 2537 1748 2581 Miseret
1768 2552 1839 2579 me
1860 2535 2048 2585 Merulae

1199 2619 1301 2647 oum
1334 2603 1421 2646 suis
1446 2605 1629 2647 emer-121&
1661 2605 1791 2645 onmis
1803 2633 1814 2650 ‚
1852 2615 1947 2656 quoe
1977 2599 2047 2643 hic

1197 2669 1318 2714 nulla
1337 2677 1452 2715 sunt,
1479 2668 1646 2727 Lucan.
1674 2667 1746 2716 lib.
1776 2668 1826 2721 I„
1847 2683 1904 2709 vs.
1937 2667 2016 2719 343
2034 2698 2047 2720 ,

1199 2750 1287 2790 qua·
1299 2736 1419 2778 sedes
1435 2736 1516 2775 erit
1531 2735 1710 2775 emerius
1721 2731 1746 2773 ,Ρ
1761 2739 1805 2773 et
1818 2729 1953 2772 Tacit.
1965 2729 2044 2771 sub

1196 2797 1338 2839 finem
1356 2796 1454 2839 libri
1471 2796 1492 2840 I
1513 2795 1625 2838 Htsi.
1644 2796 1894 2836 Percennius
1914 2801 1957 2834 et
1977 2794 2045 2835 Vae'-

1197 2863 1372 2909 bulenus
1387 2862 1590 2905 militibus
1610 2873 1735 2913 agros
1753 2859 1934 2901 emet-'ills
1956 2858 2045 2896 lar-

1195 2929 1363 2980 giemur.
1394 2946 1448 2954 —-
1475 2923 1640 2972 Annis,
1678 2920 1724 2964 id
1749 2930 1811 2965 est
1825 2953 1837 2974 ,
1869 2928 2048 2976 propter

1202 2996 1486 3032 senectutem.
1507 2982 1668 3030 Bunm.

1251 3070 1317 3095 22.
1336 3055 1466 3094 Ponit
1477 3055 1541 3094 ad
1553 3056 1756 3107 antiquos.
1777 3050 1942 3095 Milites
1957 3051 2047 3094 sin-

1198 3116 1286 3174 guli
1312 3116 1530 3174 perfuncti
1557 3109 1711 3159 militia
1730 3149 1741 3170 ,
1768 3113 2050 3167 donabantur

1201 3183 1389 3240 septenis
1402 3217 1413 3238 ,
1434 3183 1682 3239 pluribusve
1703 3181 1932 3237 aliquando
1947 3214 1959 3235 ‚
1977 3181 2050 3236 ju-

1207 3249 1377 3305 geribus
1390 3258 1533 3303 terrae,
1548 3264 1635 3304 quo
1648 3255 1822 3304 possent
1831 3246 2048 3302 reliquum

1204 3314 1302 3356 vitae
1313 3329 1451 3371 agere.
1467 3311 1674 3355 Solebant
1686 3320 1833 3355 autem
1847 3344 1858 3365 ‚
1869 3325 2010 3366 quum
2024 3325 2048 3351 a

1200 3377 1353 3421 militia
1366 3377 1658 3433 discederent,
1677 3390 1797 3420 arma
1811 3375 1934 3418 alicui
1945 3374 2045 3416 Deo

1204 3442 1467 3499 suspendere
1494 3459 1504 3488 ι
1533 3458 1663 3499 quam
1684 3456 1779 3486 rem
1800 3456 1892 3484 non
1913 3438 2047 3482 modo
