2268 3848
473 299 948 362 TRISTIUM
988 307 1153 364 LIB.
1209 307 1301 362 11.
1353 306 1479 362 EL.
1517 306 1813 364 UNICA.

1978 330 2045 386 77

338 421 607 483 Protinus
636 422 746 483 hoc
772 421 928 483 vetiti
959 422 1207 484 criminis
1235 436 1353 485 acta
1377 446 1471 485 rea
1499 438 1599 484 est.

258 518 370 580 Nec
398 533 579 581 tamen
609 532 693 580 est
722 517 932 581 facinus
959 518 1154 581 molles
1181 517 1431 581 evolvere
1459 542 1685 582 versus:

340 612 524 675 Multa
552 611 680 674 licet
712 628 874 676 castae
901 638 1015 675 non
1040 613 1288 676 facienda
1316 613 1519 694 legant.

260 711 416 795 Saepe
446 709 725 795 supercilii
754 711 931 773 nudas
961 726 1215 774 matrona
1249 712 1450 784 severi,

340 809 417 867 Et
449 807 677 868 Veneris
708 821 916 869 stantes
944 807 1013 869 ad
1040 830 1215 887 genus
1244 829 1405 868 omne
1422 853 1438 879 ,
1464 805 1627 868 videt.

1970 823 2053 868 310

263 901 514 986 Corpora
543 901 792 964 Vestales
821 901 967 964 oculi
997 902 1302 964 meretricia
1332 916 1592 974 cernunt;

343 1002 459 1061 Nec
487 999 715 1061 domino
740 1024 917 1084 poenae
945 1024 1032 1062 res
1060 1024 1121 1062 ea
1149 1023 1309 1061 causa
1339 1000 1463 1060 suit.

260 1097 339 1157 At
371 1121 470 1157 cur
497 1096 556 1157 in
585 1112 778 1158 nostra
805 1096 974 1159 nimia
1006 1112 1089 1158 est
1114 1095 1334 1157 lascivia
1365 1098 1575 1157 Musa?

346 1192 527 1253 Curve
556 1216 712 1255 meus
740 1194 998 1277 cuiquam
1022 1194 1216 1256 suadet
1243 1216 1421 1254 amare
1448 1191 1634 1253 liber?

262 1289 359 1353 Nil
391 1290 501 1352 nisi
532 1305 847 1374 peccatum,
877 1291 1277 1374 manifestaque
1303 1290 1495 1375 culpa,
1518 1290 1802 1353 fatendum
1829 1307 1943 1355 est:
1975 1312 2055 1356 315

346 1388 588 1450 Poenitet
616 1388 824 1468 ingenii
855 1387 1159 1472 judiciique
1189 1387 1314 1448 mei.

267 1486 383 1547 Cur
412 1508 554 1559 non,
583 1484 866 1564 Argolicis
894 1485 1087 1569 potius
1118 1508 1239 1568 quae
1269 1483 1511 1546 concidit
1535 1486 1729 1558 armiS,

353 1581 564 1641 Vexata
591 1594 676 1642 est
703 1580 905 1642 iterum
938 1579 1207 1653 carmine,
1234 1579 1405 1662 Troja
1423 1627 1439 1654 ,
1469 1582 1630 1641 meo?

267 1675 383 1737 Cur
412 1675 558 1737 tacui
583 1675 835 1751 Thebas,
869 1690 924 1738 et
952 1690 1147 1737 mutua
1173 1673 1401 1737 vulnera
1428 1674 1703 1736 fratrum?

265 1809 481 1870 Sequenti
493 1828 620 1857 versu
631 1828 712 1871 pro
725 1816 813 1858 haec
824 1822 1011 1871 quatuor
1018 1815 1117 1869 ᾗσι-ς

263 1876 309 1922 id
333 1886 420 1933 est,
442 1878 526 1923 hoc
556 1879 661 1936 ipso.
686 1878 825 1936 Quod
848 1878 1044 1923 Grutero
1070 1888 1116 1924 et

265 1944 544 1991 Bersmanno
563 1946 803 1992 adridebat.
822 1947 882 1992 H.
898 1970 954 1981 —
982 1949 1114 2003 Que-

264 2029 434 2071 cumque
440 2017 627 2071 erumpit.
640 2014 799 2072 Arguit
814 2030 838 2058 a
852 2014 979 2058 simili
994 2029 1116 2058 ream

265 2094 356 2122 esse
375 2077 492 2122 illam
504 2110 516 2134 ‚
541 2094 638 2136 quoe
653 2078 872 2137 prohibita
891 2088 936 2123 et
953 2079 1118 2136 rejecta

264 2142 449 2202 inspexit
485 2143 581 2201 ejus
615 2152 830 2202 precepta
856 2160 868 2188 :
894 2143 1118 2202 quemad-

266 2208 451 2253 modum
465 2224 518 2254 ea
529 2225 626 2267 quoe
638 2209 898 2267 prohibente
912 2210 1120 2256 sacerdo-

267 2282 309 2319 te
331 2276 498 2333 erupit,
521 2291 610 2333 quo
627 2290 723 2319 non
742 2275 852 2320 licet.

323 2337 420 2398 309.
443 2341 606 2384 Nudas.
636 2338 811 2385 Scilicet
833 2340 1108 2395 meretrices,

267 2421 366 2464 que
388 2406 520 2452 nude
546 2407 733 2452 Floralia
759 2422 918 2465 magna
947 2408 1120 2452 licentia

268 2470 546 2517 celebrabant
570 2488 580 2516 ι
601 2471 687 2516 fuit
707 2481 855 2516 autem
871 2473 999 2516 Flora
1017 2487 1122 2515 mu-

268 2535 364 2591 lier,
379 2552 477 2593 quae
490 2552 628 2594 quum
640 2552 820 2594 magnas
836 2553 940 2594 opes
954 2546 1122 2594 quaestu

268 2602 521 2646 meretricio
558 2601 822 2658 quaesivisset
855 2635 868 2657 ‚
907 2601 1120 2659 populum

269 2666 526 2711 Romanum
539 2668 707 2724 scripsit
726 2666 948 2711 haeredem
971 2700 984 2722 ,
1016 2683 1123 2712 cer-

271 2741 448 2790 tamque
467 2732 699 2790 pecuniam
717 2732 915 2789 reliquit,
936 2733 1059 2790 cujus
1072 2747 1126 2776 ex

270 2813 421 2842 annuo
439 2796 611 2843 foenore
633 2797 787 2842 natalis
806 2797 901 2854 ejus
926 2796 1018 2841 dies
1040 2813 1124 2840 ce-

269 2865 515 2911 lebraretur
540 2865 735 2910 editione
759 2863 967 2908 ludorum
983 2896 996 2919 ,
1026 2878 1124 2919 quae

271 2930 458 2977 Floralia
477 2930 681 2976 dixerunt
700 2946 711 2976 :
733 2929 851 2988 quod
870 2930 971 2987 quia
987 2944 1125 2974 sena—

272 2997 337 3040 tui
356 2995 621 3055 flagitiosum
641 2996 895 3050 videbatur,
918 3005 966 3039 ut
979 2994 1125 3039 scribit

275 3059 523 3106 Lactantius
538 3095 551 3117 ,
581 3063 633 3106 ab
659 3062 752 3119 ipso
778 3060 959 3105 nomine
986 3076 1126 3118 argu-

274 3136 479 3172 mentum
495 3128 608 3171 sumi
628 3127 810 3184 placuit,
837 3135 886 3170 ut
909 3125 1127 3184 pudendas

275 3193 340 3237 rei
380 3192 581 3250 quaedam
621 3192 809 3250 dignitas
856 3192 1092 3237 adderetur
1112 3208 1124 3236 :

275 3257 507 3315 Deamque
528 3274 619 3302 esse
639 3257 864 3302 finxerunt
883 3289 896 3313 ‚
925 3273 1023 3315 quae
1047 3256 1125 3301 flo-

271 3326 395 3371 ribus
407 3335 607 3384 proeesset
619 3358 631 3379 ,
650 3342 780 3383 quam
794 3327 912 3383 prius
925 3325 1127 3369 Chlorim

278 3392 534 3449 appellatam
553 3390 684 3435 fuisse
704 3392 852 3436 scribit
872 3389 1060 3436 Ovidius
1079 3392 1126 3434 in

279 3456 448 3503 Fastis:
475 3471 658 3514 eamque
680 3456 885 3517 Zephyro
914 3465 1126 3515 nuptam,

1196 1812 1317 1871 quasi
1334 1812 1448 1858 dotis
1460 1813 1555 1859 loco
1573 1812 1617 1857 id
1636 1814 1843 1871 accepisse
1859 1815 2053 1860 muneris

1197 1895 1221 1922 a
1239 1879 1399 1923 marito
1415 1912 1429 1934 ‚
1461 1888 1510 1923 ut
1542 1878 1723 1923 haberet
1755 1878 1918 1923 florum
1946 1896 2055 1925 om·-

1196 1943 1323 1988 nium
1345 1953 1619 2003 potestatem.

1253 2014 1279 2058 3
1287 2032 1301 2058 ι
1312 2032 1348 2058 2.
1359 2016 1452 2059 Nec
1462 2016 1629 2058 domino
1631 2030 1769 2070 pene
1778 2030 1844 2057 res
1855 2030 1910 2058 ea
1921 2030 2056 2058 causa

1184 2079 1294 2137 sm?-
1307 2079 1376 2124 De
1391 2080 1575 2124 Lenone
1593 2080 1942 2138 interpretantur
1954 2098 1966 2132 ;
1979 2079 2056 2124 sed

1198 2159 1278 2189 cur
1298 2143 1468 2188 Iaenoni
1496 2144 1639 2203 potius
1660 2144 1716 2188 ob
1746 2144 1790 2187 id
1819 2160 1946 2202 poena
1966 2143 2059 2189 de-

1200 2219 1411 2254 cernatur
1426 2243 1438 2265 ,
1459 2226 1593 2268 quam
1611 2209 1828 2253 AEdilibus
1841 2242 1853 2264 ,
1873 2210 1947 2267 qui
1961 2210 2057 2253 Flo-

1199 2278 1305 2321 ralia
1328 2276 1624 2322 exhibebant?
1659 2277 1813 2333 Quare
1842 2285 1917 2321 aut
1954 2292 2057 2320 ver-

1199 2360 1296 2388 sum
1317 2343 1435 2387 hunc
1455 2341 1749 2386 adulteratum
1764 2358 1855 2387 esse
1870 2358 2027 2387 censeo
2043 2377 2055 2397 ,

1200 2418 1275 2452 aut
1295 2408 1577 2452 scribendum
1596 2424 1644 2451 z«
1666 2409 1760 2452 Nec
1780 2407 1944 2451 damno
1963 2425 2057 2452 sce-

1200 2489 1270 2517 na
1287 2489 1357 2516 res
1375 2488 1427 2516 ea
1447 2474 1534 2516 visa
1555 2472 1655 2517 suit.
1676 2491 1698 2511 ›·
1714 2475 1767 2518 In
1786 2473 2054 2529 Combiano‚

1201 2553 1282 2595 pro
1301 2538 1469 2582 diversa
1487 2538 1673 2583 lectione
1692 2571 1705 2592 ,
1731 2541 1894 2582 Roma
1907 2556 2055 2583 cansa.

1206 2602 1339 2647 Certe
1353 2603 1535 2648 Roscius
1551 2603 1775 2647 comoedus
1791 2604 1951 2648 librum
1966 2604 2058 2648 edi-

1204 2668 1327 2712 derat
1341 2702 1352 2723 ,
1370 2669 1414 2711 in
1428 2685 1514 2726 quo
1526 2685 1702 2712 causam
1714 2668 1951 2713 histrionia
1965 2686 2058 2727 age·

1202 2731 1299 2788 bat,
1324 2748 1510 2789 eamque
1528 2733 1807 2790 comparabat
1834 2749 1936 2776 cum
1964 2735 2060 2777 elo-

1204 2800 1396 2855 quentie
1408 2798 1567 2843 studio.
1582 2798 1794 2842 Meminit
1807 2799 1938 2855 hujus
1950 2799 2059 2843 scri-

1203 2865 1267 2922 pti
1287 2864 1558 2913 Macrobius.
1580 2864 1758 2908 saturn.
1779 2863 1850 2908 lib.
1865 2866 1927 2918 11,
1941 2881 1976 2908 c.
1996 2868 2060 2921 14.

1206 2929 1295 2974 Sed
1323 2931 1531 2988 abruptus
1555 2931 1686 2974 nimis
1717 2930 1774 2974 sit
1802 2931 2007 2974 transitus
2035 2946 2060 2974 a

1206 2997 1451 3040 Vestalibus
1472 2996 1525 3040 ad
1549 2997 1771 3042 Roscium.
1798 2997 1859 3040 H.

1261 3062 1357 3106 315.
1386 3061 1700 3119 Mang‘festaque
1729 3065 1855 3117 culpa
1872 3061 2059 3117 fhlenda

1205 3138 1281 3171 est.
1302 3129 1533 3170 Fatendum
1551 3136 1618 3170 est
1633 3137 1800 3170 veteres
1814 3127 1955 3171 multi.
1969 3129 2029 3172 H.

1261 3193 1354 3236 318.
1381 3195 1547 3237 Vexata
1562 3201 1628 3236 est
1644 3197 1799 3236 iterum.
1822 3193 1958 3250 Troja
1976 3194 2059 3237 ite-

1206 3275 1308 3302 rum
1328 3258 1487 3302 dicitur
1507 3258 1650 3302 vexari
1670 3259 1864 3302 carmine
1879 3291 1891 3313 ,
1917 3275 2054 3316 quum

1206 3326 1301 3381 ejus
1320 3341 1441 3369 casus
1461 3333 1505 3368 et
1524 3325 1653 3368 ruina
1669 3325 1788 3382 quasi
1801 3341 1902 3368 vera
1917 3325 2057 3369 clades

1206 3391 1478 3435 describitur.

1264 3457 1288 3500 3
1297 3470 1358 3516 19.
1365 3457 1426 3501 Et
1432 3461 1575 3500 mutua
1589 3459 1759 3501 vulnera
1759 3454 1955 3511 fratrum.
1971 3455 2030 3498 Pe
2037 3469 2057 3495 r
