2280 3776
280 303 384 373 442

742 308 806 359 Ρ.
859 307 1151 362 OVIDII
1188 306 1563 365 NASONIS

273 423 519 504 Impetus
550 422 650 482 iste
683 436 811 481 tuus
839 421 1066 501 longum
1096 424 1264 483 modo
1295 425 1454 485 duret
1481 425 1540 485 in
1567 449 1766 498 aevum;

353 518 499 576 Neve
529 515 682 575 malis
704 517 881 599 pietas
909 518 982 577 sit
1009 532 1101 578 tua
1128 517 1270 580 lassa
1295 521 1448 580 meis.

273 612 377 671 Jus
407 609 626 692 aliquod
656 610 864 671 faciunt
889 612 1088 674 adfinia
1116 612 1331 674 vincula
1358 614 1523 675 nobis
1543 661 1558 687 ‚

355 708 494 785 Quae
524 731 737 791 semper
763 724 1014 770 maneant
1042 709 1376 784 illabefacta,
1408 733 1617 794 precor.
1992 745 2040 772 10

274 804 410 862 Nam
440 803 542 862 tibi
573 829 691 887 quae
719 807 945 888 conjux,
979 806 1164 867 eadem
1193 807 1329 867 mihi
1360 806 1471 867 filia
1497 831 1649 890 paene
1674 822 1791 868 est:

355 900 428 957 Et
457 923 575 981 quae
607 914 659 959 te
688 924 975 980 generum,
1009 925 1094 962 me
1122 918 1284 963 vocat
1311 902 1404 963 illa
1429 904 1622 963 virum.

275 995 398 1054 Heu
430 996 564 1055 mihi
588 1001 599 1056 l
637 998 683 1058 si
713 997 866 1059 lectis
897 998 1110 1059 vultum
1138 1015 1199 1060 tu
1227 1000 1474 1061 versibus
1498 1000 1621 1060 istis

352 1093 557 1166 DuciS‚
588 1109 639 1154 et
667 1095 899 1156 adfinem
929 1112 981 1157 te
1009 1098 1184 1179 pudet
1212 1122 1328 1158 esse
1356 1098 1566 1158 meum!

274 1187 351 1245 At
375 1188 516 1247 nihil
547 1189 636 1248 hic
666 1190 894 1269 dignum
924 1191 1134 1274 poteris
1160 1192 1395 1276 reperire
1422 1193 1632 1275 pudore
1652 1239 1666 1264 ‚
1996 1209 2042 1249 1⁵

354 1284 556 1344 Praeter
580 1285 890 1359 fortunam,
924 1312 1043 1371 quae
1075 1287 1213 1348 mihi
1243 1312 1376 1349 caeca
1408 1287 1532 1348 fuit.

273 1381 382 1442 Seu
409 1407 582 1459 genus
610 1387 879 1458 excutias;
910 1387 1127 1470 equites
1144 1434 1159 1459 ‚
1195 1386 1264 1446 ab
1296 1387 1506 1465 origine
1533 1385 1707 1470 prima
1724 1433 1738 1459 ‚

354 1482 545 1564 Usque
573 1506 673 1565 per
701 1484 1021 1546 innumeros
1047 1486 1387 1548 inveniemur
1413 1510 1543 1546 avos
1567 1513 1579 1546 :

272 1579 396 1639 Sive
424 1579 584 1654 veliS‚
617 1582 711 1665 qui
741 1583 850 1643 sint
868 1631 883 1657 ‚
909 1608 1090 1646 mores
1119 1585 1396 1668 inquirere
1424 1600 1679 1656 nostros;

352 1678 609 1738 Errorem
635 1680 835 1741 misero
868 1681 1089 1742 detrahe
1108 1730 1124 1757 ,
1145 1682 1269 1743 labe
1298 1697 1495 1743 carent.
1990 1711 2041 1740 20

273 1773 360 1832 Tu
389 1775 586 1849 mod0,
616 1777 663 1837 si
692 1778 827 1861 quid
857 1779 945 1857 agi
973 1779 1219 1863 sperabis
1246 1803 1409 1863 posse
1439 1778 1744 1863 precando,

355 1869 514 1947 Quos
541 1871 677 1932 colis
695 1920 709 1945 ‚
741 1898 904 1934 exora
934 1874 1183 1958 supplice
1211 1893 1344 1936 voce
1373 1876 1540 1936 Deos».

276 1967 350 2025 Di
379 1967 484 2026 tibi
513 1986 644 2030 sunt
672 1972 852 2030 Caesar
872 1971 1085 2052 juvenis
1108 1994 1120 2043 ;
1153 1987 1248 2031 tua
1273 1972 1498 2031 numina
1526 1969 1680 2053 placa
1707 1993 1719 2028 z

355 2062 474 2121 Hac
502 2078 644 2123 certe
673 2063 822 2124 nulla
849 2080 931 2124 est
954 2065 1143 2125 notior
1171 2090 1262 2126 ara
1290 2065 1411 2124 tibi.

275 2226 339 2259 set
357 2218 547 2261 mulcere
570 2228 614 2262 et
636 2219 802 2276 placare
829 2219 1035 2264 Caesares.
1049 2219 1119 2263 Ti·

275 2284 446 2328 berium
475 2286 633 2330 scilicet
654 2320 665 2341 ,
698 2286 1040 2342 Germanicum,
1070 2303 1118 2331 ac

275 2351 463 2407 reliquos
485 2351 689 2397 Caesares.

332 2434 367 2471 7.
387 2418 567 2471 Impetus
584 2422 666 2461 iste
681 2426 788 2461 tuus.
804 2419 890 2462 Iste
907 2427 1008 2462 tuus
1021 2416 1117 2461 ani·-

279 2481 338 2523 mi
358 2481 488 2524 ardor
507 2482 619 2525 bene
634 2483 830 2525 merendi
849 2483 903 2526 de
920 2500 1005 2527 me.

337 2564 351 2588 1
364 2563 379 2588 1
388 2579 396 2588 .
416 2549 577 2590 Eadem
590 2550 800 2604 mibifilt‘a
808 2565 929 2603 poene
940 2558 1016 2592 est.
1035 2549 1119 2592 Ea·-

278 2611 380 2654 dem
399 2627 507 2654 uxor
528 2620 603 2654 tua
627 2622 691 2656 est
719 2612 827 2656 mihi
858 2614 978 2669 quasi
1003 2614 1115 2658 filia:

277 2685 342 2719 est
375 2677 493 2719 enim
524 2677 720 2734 privigna
737 2711 749 2733 ,
790 2678 872 2723 hoc
901 2688 966 2722 est
987 2712 1000 2734 ‚
1030 2679 1117 2722 filia

277 2742 421 2786 uxoris
443 2758 565 2788 rneae.

336 2808 385 2861 14
414 2808 549 2850 Ducis
567 2809 738 2851 vultum.
753 2807 926 2851 Faciem
943 2816 1119 2852 contra-

278 2871 343 2914 his
359 2905 370 2926 ‚
394 2880 602 2927 tanquam
624 2872 771 2916 iratus.

336 2941 399 2981 15.
421 2941 544 2981 Nihil
556 2941 625 2982 bic
642 2941 808 2995 dzsgnum
827 2944 983 2995 poterc's
1001 2955 1117 2994 repe-

276 3008 357 3046 rire
362 3008 531 3059 pudore.
551 3006 731 3048 Pudoris
743 3006 999 3057 Patavinu83
1019 3004 1119 3047 vide

280 3070 414 3113 Notas
429 3071 559 3115 Trist.
575 3071 657 3124 lv,
680 3070 747 3114 El.
766 3085 848 3126 111,
872 3088 930 3116 vs.
953 3075 1016 3128 57.
1033 3072 1092 3114 H.

278 3138 458 3178 -Nz‘hil
475 3139 554 3180 boc
574 3138 674 3181 MS.
695 3138 862 3181 Bersm.

338 3201 398 3242 16.
420 3204 524 3254 Qua·
539 3205 769 3247 mz'hicoeca
775 3208 880 3259 suit.
901 3203 1016 3259 Quae
1029 3218 1119 3245 non

279 3265 390 3308 bene
413 3265 523 3310 vidit
538 3301 549 3322 ,
575 3270 746 3323 justene
762 3303 773 3324 ,
802 3286 856 3313 an
877 3271 1023 3326 inique
1049 3275 1120 3311 me

283 3330 489 3374 adficeret
511 3342 629 3376 tanta
649 3336 787 3378 ruina.

340 3414 354 3438 1
366 3414 401 3453 7.
423 3399 501 3440 Seu
515 3414 645 3453 genus
665 3405 867 3443 excutias.
884 3401 972 3443 Seu
994 3416 1122 3457 gene-

280 3460 335 3503 ris
357 3462 444 3505 mei
463 3461 678 3519 originem
696 3463 954 3507 consideres.
983 3465 1035 3507 Si
1050 3480 1123 3518 ge-

1199 2238 1279 2264 nus
1308 2219 1475 2264 Mureti
1506 2218 1641 2263 codex
1671 2235 1681 2262 ε
1708 2219 1807 2262 vide
1836 2235 1965 2275 supra
1987 2218 2041 2262 ad

1201 2289 1322 2344 Eleg.
1347 2289 1427 2332 IV.

1257 2356 1318 2398 18.
1341 2354 1480 2410 Usque
1484 2358 1804 2409 perz'naumeros
1823 2366 1937 2394 avos.
1961 2351 2043 2394 Us-

1199 2434 1283 2474 que
1322 2435 1401 2476 per
1434 2434 1612 2462 avorum
1649 2415 2040 2460 innumerabilium

1195 2484 1367 2527 seriem.
1394 2506 1447 2516 —
1481 2484 1748 2527 Inveniemur.
1779 2485 2048 2525 Invent'tmtur

1197 2550 1249 2593 P.
1264 2549 1379 2592 Dan.
1399 2558 1443 2592 et
1462 2548 1616 2593 Servii.

1257 2631 1318 2674 19.
1336 2617 1542 2671 Inquit-ere
1555 2617 1696 2657 nostri·
1714 2615 1889 2657 Nostros
1907 2610 2043 2654 Com-

1198 2677 1258 2724 bii
1277 2689 1322 2724 et
1341 2679 1530 2738 optimus
1542 2679 1790 2723 Vaticanus.
1809 2677 1975 2720 Hnms.

1257 2763 1322 2790 21.
1351 2747 1469 2800 Quid
1480 2748 1558 2800 agi
1562 2761 1702 2799 posse.
1720 2742 1895 2798 Aliquid
1918 2756 2039 2797 posse

1200 2810 1402 2854 obtineri.
1419 2827 1474 2842 ·--
1485 2810 1715 2853 Precando.
1734 2805 1918 2852 orando
1940 2803 2044 2848 Cae-

1200 2894 1315 2922 sares
1336 2893 1416 2934 pro
1435 2892 1520 2919 me.

1256 2945 1321 2986 23.
1354 2945 1422 2985 Di
1450 2945 1535 2985 tibi
1558 2946 1658 2983 sunt
1693 2941 1835 2982 Caesar
1853 2939 2040 2994 juvenis.

1203 3009 1290 3051 Hic
1314 3015 1445 3064 ‘poeta
1475 3004 1676 3062 exprimit
1707 3037 1718 3059 ,
1754 3002 1933 3059 quinam
1957 3002 2044 3046 sint

1202 3075 1292 3128 Dii,
1309 3089 1415 3130 quos
1428 3088 1450 3115 a
1463 3071 1616 3116 Suillio
1630 3070 1792 3114 dixerat
1806 3067 2045 3112 exorandos

1202 3156 1291 3183 esse
1306 3172 1317 3193 ,
1340 3147 1384 3182 et
1398 3136 1714 3180 Germanicum
1730 3134 1870 3178 solum
1885 3133 2043 3176 innuit.

1202 3229 1256 3236 —
1264 3206 1356 3247 Tua
1370 3206 1539 3245 numina
1545 3204 1687 3256 placa.
1699 3199 1797 3242 Ven
1804 3214 1924 3242 erare
1935 3197 2045 3240 Ger-

1203 3267 1444 3320 manicum,
1468 3280 1555 3321 quo
1574 3273 1624 3307 ut
1641 3263 1823 3306 numine
1843 3261 1988 3304 uteris.

1259 3335 1323 3385 24.
1355 3335 1454 3375 Hac
1479 3340 1586 3375 certe
1614 3347 1695 3373 non
1720 3336 1787 3373 est
1807 3331 1944 3372 notior
1966 3341 2043 3368 ara

1203 3402 1291 3442 tibi.
1308 3398 1484 3441 Plenius
1500 3431 1511 3451 ,
1528 3396 1644 3453 quod
1659 3396 1704 3440 in
1719 3394 1926 3450 antiquis,
1945 3393 2044 3435 Hac

1205 3473 1312 3506 certe
1332 3467 1449 3506 nulla
1467 3473 1542 3506 est.
