2280 3776
417 327 535 382 ‚EX
578 322 885 379 PON'I'O
923 323 1089 376 LIB.
1134 322 1182 376 1.
1227 320 1514 376 EPIST.
1559 324 1749 378 VIII.

1860 347 1966 401 297

278 443 477 528 Cepit,
509 442 644 503 etin
675 446 857 519 regem
885 437 1111 499 sustulit
1137 461 1284 499 arma
1315 439 1499 500 GeteS.

198 539 296 601 Ille
327 563 535 601 memor
560 535 741 616 magni
770 534 1008 615 generiS,
1040 534 1241 596 virtute
1272 535 1423 618 quod
1449 551 1636 615 auget,

279 635 546 698 Protinus
574 634 863 694 innumero
890 630 1064 692 milite
1096 632 1307 693 cinctus
1333 632 1524 695 adest:

199 738 316 796 Nec
345 733 499 817 prius
526 731 822 800 abscessit,
853 729 1044 790 merita
1071 751 1234 811 quam
1259 728 1401 789 caede
1425 742 1718 789 nocentum

282 829 350 889 Se
368 826 538 887 nimis
568 823 836 886 ulciscens
854 870 870 895 ,
902 822 1112 885 exstitit
1142 823 1260 906 ipse
1288 846 1510 884 nocens.
1758 859 1765 872 ·
1918 856 1973 885 ου

201 925 277 985 At
307 923 437 995 tibi,
470 945 589 993 rex,
621 945 734 983 aevo
753 968 768 994 ,
798 920 984 993 detur,
1012 919 1340 991 fortissime,
1370 935 1595 991 nostro,

282 1020 508 1103 Semper
527 1017 795 1081 honorata
826 1031 1039 1100 sceptra
1073 1031 1258 1079 tenere
1286 1040 1469 1077 manu.

201 1115 391 1197 Teque
409 1160 424 1185 ,
456 1111 608 1196 quod
635 1126 690 1175 et
717 1126 971 1195 praestat,
1006 1111 1140 1194 quid
1163 1112 1309 1173 enim
1334 1111 1438 1171 tibi
1464 1109 1680 1194 plenius
1709 1113 1939 1194 optem?

281 1210 487 1271 Martia
520 1232 643 1273 cum
673 1224 873 1287 magno
907 1208 1116 1270 Caesare
1142 1211 1320 1270 Roma
1352 1208 1569 1291 probet.

203 1305 312 1367 Sed
338 1328 548 1366 memor
577 1304 722 1369 unde
751 1304 893 1377 abii,
923 1327 1151 1388 queror,
1181 1329 1215 1365 o
1244 1303 1488 1385 jucunde
1519 1302 1750 1374 sodalis,
1930 1321 1982 1362 25

286 1403 567 1464 Accedant
593 1403 801 1464 nostris
831 1426 967 1465 saeva
999 1402 1146 1486 quod
1180 1426 1328 1464 arma
1354 1400 1527 1463 maliS.

208 1505 289 1563 Ut
320 1525 478 1563 careo
502 1501 660 1561 vobis
689 1500 906 1584 Stygias
935 1499 1191 1561 detrusus
1219 1499 1275 1559 in
1304 1522 1429 1560 oras
1452 1546 1468 1571 ,

289 1599 548 1679 Quatuor
575 1612 869 1659 autumnos
899 1596 1076 1658 Pleias
1106 1611 1226 1657 orta
1250 1596 1398 1657 facit.

206 1696 322 1756 Nec
352 1709 411 1755 tu
442 1694 736 1756 credideris
765 1695 987 1757 urbanae
1017 1693 1304 1756 commoda
1333 1693 1457 1753 vitae

290 1791 548 1871 Quaerere
573 1792 850 1854 Nasonem
875 1815 886 1851 ε
913 1791 1107 1875 quaerit
1133 1805 1188 1852 et
1217 1789 1309 1851 illa
1343 1805 1538 1852 tamen.
1931 1807 1986 1848 31»

205 1957 352 2015 scripti
381 1971 564 2010 omnes,·
590 1965 828 2012 utrumque
854 1966 1052 2001 rectum:

206 2021 419 2081 superiori
435 2021 583 2080 Elegia
595 2053 606 2077 ,
626 2039 641 2065 1
651 2039 673 2065 2
690 2037 700 2065 ε
717 2039 737 2059 ‹-
752 2022 960 2078 Truxque
970 2022 1054 2065 Ge-

184 2105 189 2109 “
206 2095 272 2132 tes
289 2087 443 2143 armis,
466 2085 677 2143 grandine
695 2085 1012 2145 pulsethyems.
1031 2105 1053 2124 υ

208 2154 455 2210 Herbi-rus
470 2155 610 2198 Getes.
630 2151 834 2196 Crudelis
850 2161 894 2196 et
908 2152 1056 2196 immi-

208 2218 262 2263 tis
278 2218 348 2263 ille
362 2219 620 2276 populus.—·
631 2220 829 2262 Pennus
851 2219 1058 2276 Odrysiis.

211 2283 252 2327 Λ
276 2282 402 2327 Getis
421 2282 662 2327 interfectis
683 2282 834 2326 incolis
854 2283 949 2338 eius
968 2298 1059 2339 op·-

210 2347 300 2405 pidi
316 2380 329 2403 ,
347 2347 423 2404 qui
440 2356 567 2392 erant
585 2348 640 2390 ab
657 2346 847 2410 Odrysia
860 2347 1059 2392 Thracia

212 2411 320 2455 urbe
339 2411 529 2455 oriundi.
548 2434 604 2444 —
621 2413 798 2467 Inope‘no
820 2412 961 2454 Marte
971 2428 1059 2467 pe-

212 2479 366 2520 remtis.
392 2477 580 2521 Imauus
599 2476 722 2520 ferro
743 2476 968 2534 superatis.

273 2541 336 2585 16.
353 2542 416 2586 Et
430 2543 604 2585 sustulit
624 2558 743 2584 arma
762 2546 806 2584 in
826 2558 973 2597 regem.
1001 2541 1060 2585 Et

212 2605 361 2649 intulit
379 2621 429 2649 ac
447 2606 562 2662 cepit
582 2621 702 2649 arma
719 2605 765 2648 in
783 2606 936 2662 regem
955 2606 1062 2650 civi-

211 2672 323 2718 tatis.
342 2671 427 2715 Vel
443 2681 562 2716 certe
581 2671 744 2716 ademit
756 2672 1059 2728 submovitque

215 2753 358 2792 arma,
370 2737 494 2780 illum
510 2738 631 2781 enim
641 2736 782 2781 noluit
795 2736 1058 2792 interficere,

217 2817 354 2859 quum
374 2802 560 2859 reliquas
589 2803 685 2859 ejus
712 2802 855 2859 copias
879 2802 925 2845 in
948 2802 1062 2846 bello

218 2867 449 2912 «suddisset.
464 2866 551 2911 vel
565 2871 757 2923 sustulit,
781 2867 863 2911 hoc
882 2876 972 2921 est,
998 2867 1064 2910 di-

218 2933 465 2983 stulit-arma
478 2951 490 2980 t
502 2951 622 2990 nam,
636 2945 758 2994 capta
771 2936 897 2991 urbe,
912 2951 1062 2992 regem

218 2996 461 3055 fugientem
480 3000 648 3057 insequi
669 3000 821 3046 noluit.
915 3000 918 3002 ¹

279 3078 294 3105 ι
305 3080 341 3120 7.
357 3062 436 3108 1111
453 3067 608 3110 memor
621 3071 768 3123 magni
775 3072 950 3122 genens.
975 3069 1064 3110 Ge·-

220 3132 333 3171 nert‘s
359 3127 505 3183 magni
525 3130 570 3172 in
597 3131 832 3175 nonnullis.
853 3131 1062 3175 Twisde—

225 3192 383 3236 nianus
402 3208 491 3235 non
514 3194 625 3237 male
642 3211 652 3237 :
669 3214 690 3232 «
713 3189 977 3239 Ille'memor
993 3212 1066 3253 ge-

223 3258 342 3302 neris
355 3289 367 3312 ,
390 3273 548 3314 magna
569 3259 728 3302 virtute
747 3259 862 3315 quod
884 3269 1024 3318 auget.
1041 3279 1063 3298 »

225 3323 285 3366 H.
297 3345 352 3354 —
363 3325 454 3366 Ille.
471 3322 564 3374 Rex
577 3323 932 3380 scilicet—Quod
943 3333 1068 3382 auget

223 3390 384 3430 virtute.
411 3386 545 3443 Quod
561 3403 696 3445 genus
715 3389 888 3446 propria
905 3388 1064 3434 virtute

224 3451 294 3510 ille
315 3453 452 3509 magis
469 3453 634 3497 clarum
656 3453 769 3498 facit.

1195 1959 1255 2001 18.
1281 1957 1434 1999 Adest.
1461 1954 1579 2000 Cum
1607 1970 1768 2011 magno
1797 1955 1984 1998 exercitu

1138 2020 1192 2064 ad
1214 2019 1425 2078 oppidum
1445 2028 1621 2077 captum
1643 2018 1835 2063 revertit.

1199 2101 1262 2145 ¹9·
1280 2086 1438 2129 Mer-im
1456 2087 1570 2128 cede
1589 2091 1820 2128 nocentum.
1844 2084 1993 2127 Morte

1138 2167 1271 2209 quam
1283 2151 1428 2195 meriti
1441 2150 1836 2194 fuerantnocentes
1847 2150 1988 2200 Getae.

1141 2234 1164 2261 a
1176 2218 1332 2275 quibus
1344 2216 1553 2274 oppidum
1566 2216 1802 2273 improviso
1813 2223 1986 2273 captum

1139 2283 1306 2327 dixerat
1326 2299 1336 2326 :
1356 2298 1460 2325 nam
1484 2281 1536 2324 ad
1563 2297 1703 2324 unum
1730 2296 1885 2325 omnes
1909 2281 1988 2323 in-

1142 2348 1332 2392 teremit.

1198 2431 1262 2456 21.
1288 2414 1352 2455 At
1367 2416 1451 2456 tibi
1491 2429 1575 2455 mx.
1598 2413 1729 2456 Nunc
1742 2410 1871 2454 vertit
1888 2427 1989 2454 ser—

1142 2492 1324 2520 monem
1344 2477 1397 2520 ad
1420 2492 1568 2533 regem
1590 2477 1663 2533 qui
1682 2475 1840 2519 virtute
1856 2476 1989 2532 oppi-

1141 2542 1249 2586 dum
1265 2544 1410 2587 Tomo
1431 2542 1672 2587 finitimum
1691 2542 1867 2600 recepit.

1198 2607 1270 2650 ,ὃς
1288 2609 1443 2664 Teque,
1465 2611 1579 2664 quod
1592 2616 1637 2651 et
1645 2614 1832 2663 prestat.
1850 2606 1990 2664 Optat

1140 2673 1282 2725 etiam
1298 2671 1511 2726 Ovidius,
1534 2682 1583 2717 ut
1602 2690 1677 2717 rex
1702 2673 1771 2716 ille
1791 2673 1846 2716 sit
1868 2689 1992 2716 carus

1143 2737 1355 2781 Romanae
1378 2738 1539 2782 civitati
1559 2747 1604 2781 et
1627 2737 1803 2781 Caesari.

1199 2806 1264 2847 25.
1275 2805 1365 2847 Sed
1372 2820 1528 2847 memor
1537 2806 1648 2848 unde
1658 2807 1759 2846 abii.
1777 2802 1897 2858 Quia
1910 2802 1989 2845 ali-

1145 2870 1406 2927 quantulum
1441 2871 1656 2928 digressus
1683 2870 1830 2914 suerat
1856 2871 1909 2913 ab
1936 2886 1988 2913 eo

1145 2935 1262 2994 quod
1287 2937 1483 2994 superius
1501 2937 1730 2993 scripserat
1744 2970 1756 2990 ‚
1785 2953 1810 2979 a
1833 2936 1989 2980 diver—

1145 3001 1276 3044 ticulo
1298 3000 1351 3044 ad
1372 3017 1470 3044 rem
1489 3001 1616 3044 redit.

1201 3083 1264 3122 27.
1282 3067 1338 3108 Sc
1332 3068 1504 3123 ytbicas
1519 3069 1709 3109 detrusus
1718 3070 1764 3109 iu
1775 3081 1885 3108 oras.
1900 3067 1990 3122 Sty-

1142 3135 1239 3186 gias
1250 3146 1347 3173 oms
1355 3130 1656 3184 Sari-avianus,
1669 3130 1797 3174 Polit.
1807 3130 1989 3187 Argent.

1148 3194 1349 3249 Combii,
1371 3204 1415 3238 et
1433 3203 1521 3238 tres
1539 3195 1607 3238 alii
1627 3211 1638 3238 ε
1657 3195 1717 3239 sic
1735 3194 1846 3239 insta
1870 3212 1881 3239 ι
1905 3214 1926 3232 κ
1949 3195 1988 3237 A

1147 3261 1306 3320 Stygiis
1348 3270 1564 3318 quantum
1599 3278 1692 3316 sors
1727 3278 1826 3306 mea
1863 3262 1992 3306 distat

1147 3326 1301 3383 aquis?
1321 3346 1342 3381 ’'.
1366 3328 1532 3374 HEINS.

1203 3394 1267 3435 28.
1287 3395 1432 3436 Pleias
1451 3399 1555 3436 otta.
1576 3393 1646 3437 De
1669 3403 1769 3437 ortu
1798 3393 1881 3436 hoc
1911 3391 1988 3434 in-

1148 3457 1288 3513 tellige
1308 3491 1319 3510 ‚
1345 3474 1475 3515 quem
1503 3462 1781 3518 acronychum
1811 3467 1988 3502 vocant:
