2280 3776
335 266 364 299 2
373 249 441 299 88

781 243 846 296 P.
905 235 1195 297 0V1D11
1246 243 1616 302 NASONIS

331 364 445 424 Nee
476 361 620 432 leve,
650 382 751 419 nec
779 374 959 419 tutum
977 407 992 430 ‚
1021 360 1228 442 peccati
1258 385 1375 444 quae
1403 363 1473 422 sit
1501 365 1689 442 orign,

414 458 688 528 Scribere;
723 455 941 515 tractari
966 455 1186 516 vulnera
1217 473 1402 518 nostra
1433 459 1641 519 timent.

333 551 736 633 Qualicumque
763 549 928 609 modo
957 551 1093 609 mihi
1119 552 1229 612 sint
1252 576 1312 612 ea
1339 553 1507 625 facta,
1538 578 1730 632 rogare

413 648 648 718 Desine3
679 670 789 706 non
821 646 994 724 agites
1014 693 1028 717 ‚
1058 646 1102 706 si
1134 670 1239 728 qua
1267 648 1412 707 coire
1441 647 1590 708 velis.

331 741 612 824 Quicquid
646 740 703 799 id
732 755 810 799 est
829 786 842 812 ,
871 754 936 799 ut
962 764 1077 799 non
1106 740 1347 812 sacinUS,
1379 741 1454 800 sic
1486 741 1646 824 culpa
1674 744 2002 806 vocandum:
2039 763 2091 804 25

413 836 610 896 Omnis
639 859 707 895 an
732 834 788 893 in
818 857 1043 911 magnos
1071 834 1230 916 culpa
1263 836 1411 895 Deos
1443 835 1618 897 scelus
1646 839 1774 898 est?

332 935 468 1018 Spes
496 935 667 1012 igitur
695 933 866 992 menti
890 955 1091 1014 poenae,
1127 932 1368 991 Graecine
1386 979 1400 1003 ‚
1430 931 1666 995 levandae

411 1035 541 1092 Nou
570 1046 653 1091 est
678 1055 742 1090 ex
774 1045 892 1090 toto
923 1029 1073 1090 nulla
1103 1028 1287 1089 relicta
1318 1053 1463 1090 meae.

332 1135 462 1192 Haec
486 1132 628 1200 Dea,
664 1152 834 1211 quum
859 1127 1111 1206 fugerent
1139 1126 1424 1187 sceleratas
1453 1128 1677 1188 numina
1704 1144 1899 1205 terraS,

415 1230 482 1286 ln
513 1228 614 1286 Dis
641 1225 812 1285 invisa
843 1222 958 1283 sola
983 1214 1244 1286 remansit
1271 1223 1443 1283 humo
1468 1248 1480 1283 :
2039 1247 2093 1288 30

333 1327 464 1384 Haec
495 1322 658 1393 facit,
692 1335 753 1380 ut
785 1320 928 1378 vivat
953 1319 1168 1379 vinctus
1197 1343 1414 1402 quoque
1445 1321 1703 1405 compede
1727 1322 1931 1395 fossor,

411 1421 719 1502 Liberaque
746 1443 774 1477 a
801 1418 944 1478 ferro
975 1441 1129 1478 crura
1155 1416 1336 1477 futura
1366 1433 1556 1501 putet:

332 1519 462 1577 Haec
492 1517 655 1589 facit,
684 1531 775 1586 ut,
807 1514 987 1591 videat
1016 1539 1183 1596 quum
1217 1529 1384 1574 terras
1412 1514 1658 1597 undique
1683 1514 1862 1576 nullas
1880 1563 1894 1589 ,

411 1614 721 1691 Naufragus
752 1612 806 1671 in
841 1610 1035 1671 mediis
1056 1609 1276 1670 brachia
1297 1610 1460 1691 jactet
1482 1611 1654 1692 aquis.

334 1713 485 1793 Saepe
515 1710 751 1792 aliquem
780 1707 972 1768 sollers
1000 1706 1333 1767 medicorum
1366 1730 1493 1766 cura
1521 1705 1776 1789 reliquit;
2041 1725 2095 1770 35

412 1812 527 1869 Nee
555 1830 679 1890 spes
708 1805 838 1865 huic
868 1828 1004 1864 vena
1026 1803 1305 1864 deficiente
1336 1803 1493 1863 cadit.

386 1955 452 1981 21.
471 1940 561 1980 Nec
580 1940 716 1985 breve,
748 1950 823 1977 nec
841 1940 974 1975 tulum
991 1940 1063 1975 est.
1086 1935 1176 1975 Nec

330 2007 427 2054 leve,
443 2018 520 2046 nec
539 2007 668 2044 tutum
685 2007 853 2041 veteres
865 1997 1066 2040 nonnulli
1081 2013 1090 2040 :
1105 1996 1174 2039 adi

332 2072 467 2116 Notas
479 2067 611 2111 Trist.
631 2066 700 2109 lib.
716 2065 736 2107 Ι
753 2097 764 2117 ,
789 2064 855 2106 El.
870 2077 932 2105 VI.
956 2063 1016 2105 H.

384 2155 450 2179 22.
477 2137 679 2178 Tractan'.
701 2134 884 2186 Palpari
899 2145 1011 2172 unus
1028 2127 1174 2172 codex.

384 2203 451 2244 25.
477 2200 530 2241 Sc·
543 2201 668 2251 culpa
690 2196 883 2238 vocanda
903 2201 978 2235 est.
1007 2195 1175 2235 Vocan-

329 2268 424 2309 dum
439 2269 682 2319 estpraestat
695 2275 796 2303 cum
809 2257 1173 2301 alteroThuaneo.

383 2330 449 2372 26.
465 2329 611 2370 Omnis
621 2342 678 2368 an
690 2329 733 2367 in
745 2338 919 2378 magnos
928 2326 1049 2377 culpa
1059 2325 1175 2364 Deos

329 2398 467 2439 scelus
483 2399 548 2435 est
561 2393 586 2435 ,Ρ
613 2390 727 2446 Quis
748 2386 948 2431 dubitet?
973 2386 1046 2430 sed
1070 2386 1176 2430 scri-

328 2466 472 2515 pserat
486 2457 602 2500 Naso
617 2487 628 2508 ,
649 2456 712 2496 ad
726 2467 903 2507 magnos
920 2452 1061 2502 Deos‚‘
1080 2449 1171 2503 vel,

330 2522 445 2581 quod
461 2520 596 2577 magis
617 2517 786 2560 adridet
806 2532 816 2559 ε
832 2535 853 2553 «
873 2514 1034 2558 Omnis
1049 2530 1103 2557 an
1118 2513 1172 2557 ad

328 2603 508 2646 magnos
537 2585 660 2640 culpa
694 2582 868 2626 scelesta
897 2579 1044 2622 Deos?
1070 2597 1091 2616 »
1115 2581 1178 2621 ad

328 2656 469 2703 Deos,
492 2650 535 2693 id
554 2657 642 2701 est,
661 2646 774 2703 apud
795 2646 925 2688 Deos.
949 2643 1079 2687 Trist.
1101 2643 1171 2686 lib.

330 2721 392 2774 ΙΙ,
407 2733 548 2774 vs.1o7
567 2731 576 2757 :
591 2712 789 2757 «Scilicet
798 2712 844 2754 in
854 2710 1032 2766 Superis
1040 2710 1172 2753 etiam

326 2786 505 2828 fortuna
525 2778 684 2823 luenda
697 2785 762 2820 est
779 2793 789 2828 ;
814 2776 906 2819 Nec
918 2775 1090 2818 veniam
1107 2775 1173 2817 lae-

326 2867 374 2896 so
389 2848 572 2894 numine
587 2861 706 2890 casus
722 2843 865 2886 habet.
888 2861 909 2879 »
932 2843 994 2885 H.
1006 2866 1062 2875 -
1078 2844 1173 2885 Om-

328 2917 395 2958 'm's
405 2931 461 2956 an
477 2916 520 2954 in
534 2924 706 2968 magnos
725 2911 860 2963 culpa.
883 2906 954 2949 An
971 2940 983 2960 ,
1005 2905 1170 2962 inquit,

330 2978 471 3022 solent
495 2975 571 3018 Dii
598 2972 745 3028 magni
766 2971 937 3027 culpam
967 2986 1170 3023 omnem,

330 3043 413 3086 hoc
427 3049 505 3095 est,
522 3038 758 3082 minimum
771 3035 974 3091 quodque
989 3035 1171 3088 crimen,

331 3107 465 3150 scelus
486 3103 724 3146 maximum
743 3100 899 3144 ducere
916 3100 935 3142 ?
960 3098 1042 3142 Vel
1057 3099 1174 3141 blan-

334 3169 495 3213 diendo
524 3168 721 3223 Augusto
749 3165 851 3208 dicit
873 3197 884 3218 ,
918 3180 974 3206 ne
997 3162 1175 3219 quidem

331 3234 484 3277 leviter
500 3230 737 3274 errandum
757 3245 845 3272 esse
864 3226 1052 3271 dominis
1066 3243 1174 3270 :una

336 3297 455 3341 enim
481 3310 661 3351 quaeque
676 3294 800 3349 culpa
818 3293 866 3335 in
887 3308 960 3335 eos
977 3291 1046 3334 vel
1068 3291 1176 3336 levi-

335 3361 429 3407 cula
448 3393 460 3415 ,
488 3359 671 3402 habetur
699 3373 779 3414 pro
803 3371 971 3413 magua.
1004 3357 1070 3402 M.

1310 1934 1376 1976 30.
1391 1934 1616 1975 Reman-rit
1626 1935 1733 1975 sola.
1747 1931 1884 1988 Quod
1902 1931 2000 1975 ideo
2017 1933 2096 1976 fin·

1255 2003 1363 2051 gunt
1378 2004 1516 2050 poetae
1527 2027 1539 2049 ,
1553 1995 1650 2050 quia
1664 1995 1888 2037 neminem
1901 2012 2097 2052 unquam

1255 2058 1448 2101 destituit
1474 2075 1582 2114 spes.
1611 2058 1749 2102 Locus
1772 2057 1842 2101 hic
1868 2075 1919 2101 ex
1939 2060 1978 2101 T
1982 2060 2098 2103 heo-

1254 2123 1383 2180 gnide
1405 2124 1634 2167 translatus
1648 2123 1835 2166 videtur.
1846 2115 1964 2173 ἐλπὶς
1979 2128 2014 2168 ἒν
2028 2127 2098 2169 ἀν-

1256 2191 1434 2249 Θρώποιτι
1451 2193 1543 2243 μέυη
1573 2192 1646 2237 θεὸς
1667 2191 1774 2240 ἐσθλὴ
1805 2193 1958 2234 ἔνεστιν.
1980 2184 2099 2238 Α”λλοι

1257 2251 1293 2296 δ’
1306 2259 1503 2308 Οὔλυμπον
1515 2253 1549 2296 δ’
1561 2256 1830 2315 ἐκπρολιπόντες
1840 2257 1940 2308 wana,
1956 2254 2098 2313 ῼΪχετο

1253 2321 1325 2372 μὲν
1344 2323 1500 2370 Πίστις,
1523 2317 1666 2371 μεγάλη
1687 2321 1799 2371 θεὸς,
1829 2323 1949 2377 ᾤχετο
1972 2318 2009 2362 δ”
2030 2321 2097 2362 ἄν·

1258 2387 1355 2441 δρῶν
1377 2384 1595 2442 Σωῗρσσὺνη
1615 2413 1627 2435 ,
1650 2382 1813 2441 Χάριτές
1839 2381 1900 2437 τ’,
1933 2384 1962 2426 ὦ
1987 2390 2093 2440 φίλε,

1255 2458 1325 2503 γῆν
1344 2452 1480 2491 mareu.

1306 2513 1372 2555 31.
1388 2509 1619 2565 Haecfacit.
1634 2513 1751 2560 Οὗτος
1769 2511 1804 2555 θ’
1816 2513 1907 2575 ἀνὴρ
1920 2515 2092 2573 ἄριστος,

1255 2581 1355 2626 ἔπιε
1368 2580 1510 2621 ε’λπίσιν
1518 2580 1691 2620 nimos„
1706 2581 1785 2621 αἰεί
1799 2594 1808 2619 :
1823 2577 1973 2633 Eurip.
1985 2578 2094 2620 Her.

1252 2643 1357 2685 Fur.
1373 2641 1465 2685 Cic.
1485 2642 1538 2684 ad
1560 2640 1712 2683 Famil.
1737 2643 1892 2695 Optare
1907 2647 2087 2696 optima,

1251 2711 1434 2762 cogitare
1443 2705 1695 2761 dtfficillima
1703 2737 1715 2755 ,
1724 2704 1840 2758 serre
1850 2720 2096 2762 quacunque

1251 2778 1379 2812 erunt.
1405 2770 1463 2811 Et
1491 2768 1646 2811 Senec.
1679 2787 1701 2806 «
1731 2768 1875 2811 Nemo
1904 2769 2096 2814 confidat

1253 2836 1441 2879 nimium
1462 2834 1661 2877 secundis
1683 2866 1696 2888 ,
1712 2834 1868 2877 -Nemo
1896 2834 2097 2891 desperet

1252 2900 1431 2942 meliora
1462 2898 1599 2954 lapsis.
1623 2899 1726 2941 Jam
1754 2899 1891 2941 lentas
1918 2914 2063 2942 remos
2081 2931 2095 2954 ,

1253 2973 1347 3021 post
1363 2963 1439 3006 tibi
1454 2974 1610 3007 ventus
1627 2965 1722 3008 erit.
1737 2981 1757 3002 >>
1773 2966 1965 3020 Κάλλιμος
1985 2967 2098 3023 οὖρος.

1254 3031 1438 3074 Homer.

1293 3095 1359 3136 33.
1373 3096 1471 3137 Hac
1471 3093 1599 3150 facit,
1610 3102 1666 3146 ut,
1675 3098 1829 3139 videat.
1844 3095 1951 3151 Spes
1964 3097 2095 3139 etiam

1251 3158 1356 3203 facit
1371 3193 1384 3214 ,
1415 3169 1463 3203 ut
1483 3160 1717 3217 naufragus
1741 3161 1788 3203 in
1818 3161 1964 3217 medio
1986 3164 2097 3205 mari

1255 3225 1483 3270 destitutus
1503 3260 1515 3280 ‚
1550 3225 1745 3282 quamvis
1782 3227 1919 3269 nullas
1952 3226 2095 3269 videat

1254 3299 1390 3336 terras
1405 3326 1416 3348 ‚
1442 3302 1586 3349 speret
1603 3310 1648 3336 se
1670 3309 1912 3336 evasurum.

1286 3364 1289 3368 '
1311 3357 1376 3401 36.
1413 3361 1527 3402 Vena
1555 3361 1774 3415 dfficaente.
1797 3357 1971 3402 Viribus
1993 3354 2090 3400 col-
