2280 3776
399 275 855 334 TRISTIUM
897 278 1058 332 LIB.

1108 278 1238 332 111.
1283 277 1532 334 ELEG.
1580 282 1732 336 ΧΠ.
1848 282 1946 352 ι45

269 392 396 452 Huc
419 391 655 476 aliquem
686 405 835 452 certo
865 389 980 452 vela
1010 390 1224 453 dedisse
1251 394 1434 454 Noto:

193 489 466 573 Quisquis
491 490 538 550 is
570 504 684 563 est,
712 488 942 550 memori
967 513 1241 551 rumorem
1269 516 1400 552 voce
1429 492 1650 565 referre,

271 589 347 647 Et
372 585 487 647 fieri
512 586 662 647 famae
690 607 926 669 parsque
959 586 1267 670 gradusque
1292 603 1475 670 potest
1498 613 1510 647 :

194 684 278 757 Is,
308 705 526 766 precor,
555 683 768 744 auditos
796 681 976 766 possit
1000 706 1216 743 narrare
1247 684 1557 767 triumphos
1901 704 1957 759 45

280 780 537 851 Caesaris3
563 795 617 842 et
642 780 800 841 Latio
829 779 1042 841 reddita
1069 794 1197 840 vota
1223 781 1350 840 Jovi
1376 805 1388 840 :

197 877 412 959 Teque,
444 875 787 949 rebellatrix,
817 876 1064 949 tandem,
1099 876 1416 948 Germania,
1447 875 1631 954 magni

277 973 459 1033 Triste
485 987 649 1056 caput
677 973 914 1056 pedibus
943 972 1300 1056 subposuisse
1325 972 1496 1032 duciS.

199 1067 330 1128 Haec
358 1068 494 1128 mihi
524 1069 617 1151 qui
646 1069 866 1142 referet,
900 1093 1018 1152 quae
1045 1093 1160 1130 non
1178 1068 1385 1129 vidisse
1415 1067 1619 1129 dolebo
1637 1114 1653 1141 ,

280 1165 381 1226 Ille
408 1190 538 1226 meae
567 1166 752 1227 domui
781 1167 1034 1249 protinus
1061 1167 1264 1249 hospes
1289 1165 1406 1225 erit.
1910 1185 1964 1226 50

202 1261 329 1321 Heu
357 1259 517 1321 mihi!
542 1259 719 1342 jamne
746 1259 942 1319 domus
967 1260 1224 1342 Scythico
1254 1260 1491 1319 Nasonis
1518 1258 1575 1317 in
1604 1258 1776 1319 orbe?

283 1357 513 1438 Jamque
545 1379 702 1416 suum
734 1355 869 1415 mihi
900 1354 993 1415 dat
1019 1377 1122 1437 pro
1152 1356 1288 1414 Lare
1317 1376 1477 1436 poena
1506 1351 1734 1413 locum?

204 1454 280 1516 Di
306 1453 530 1526 faciant,
565 1454 743 1514 Caesar
772 1476 887 1513 non
920 1453 1010 1513 hic
1038 1451 1315 1534 penetrale
1344 1451 1709 1535 domumque,

287 1551 607 1634 Hospitium
634 1573 808 1634 poenae
836 1549 926 1611 sed
957 1548 1088 1609 velit
1117 1571 1232 1609 esse
1258 1569 1404 1607 meae.

211 1695 286 1754 pti.
295 1695 519 1753 Superiori
532 1710 656 1739 versu
668 1710 767 1751 ,pro
781 1697 1050 1738 Graecaunus

213 1761 385 1805 Italicus
397 1767 531 1816 grata.
551 1760 665 1817 Lege
684 1761 819 1803 Gtm'a
833 1775 943 1803 voce.
962 1759 1021 1802 H.

265 1827 331 1881 44.
355 1825 659 1882 Etfierifamae
672 1840 851 1881 parsque
873 1826 1054 1879 gradus-

210 1905 287 1946 que
297 1897 448 1945 potest.
470 1887 608 1944 Quasi
630 1888 743 1932 dicat
762 1903 772 1931 ε
795 1887 967 1930 Rumor
981 1886 1050 1929 ille

211 1952 369 2010 poterit
383 1951 436 1995 ad
450 1960 619 2008 partem
637 1951 824 2008 aliquam
837 1983 848 2005 ,
861 1966 938 1994 seu
953 1965 1052 2007 gra-

216 2015 322 2060 dum
345 2016 536 2060 veritatis
556 2016 798 2073 pervenire.

267 2083 335 2140 47.
354 2083 501 2138 Teque,
516 2083 755 2125 rebellatrix
766 2113 777 2132 ,
792 2081 970 2122 tandem.
982 2076 1052 2121 De

215 2144 394 2190 Tiberio
413 2145 603 2202 intellige
623 2144 818 2189 hocloco
840 2177 851 2199 ,
881 2158 974 2187 non
999 2143 1053 2186 (le

214 2210 376 2255 Druso.
395 2211 511 2255 Nam
526 2210 698 2254 Drusus
716 2209 806 2266 iam
824 2209 964 2252 multo
980 2225 1055 2252 an-

217 2285 290 2331 te,
322 2277 441 2333 lapsu
467 2275 595 2332 equi,
626 2275 825 2332 perierat.
855 2274 1057 2318 Tiberius

220 2350 370 2384 amem
386 2373 399 2396 ,
429 2340 567 2384 occiso
584 2339 712 2397 paulo
726 2348 824 2384 ante
841 2338 1059 2396 Quintilio

224 2405 346 2448 Varo
363 2436 376 2459 ,
409 2404 458 2447 in
483 2404 768 2448 Germaniam
798 2404 950 2448 missus
977 2404 1062 2447 hoc

225 2479 423 2526 tempore
447 2468 532 2512 fuit
546 2501 558 2523 ,
585 2477 634 2512 ut
658 2468 823 2513 cladem
845 2478 1063 2525 acceptam

226 2535 506 2579 ulcisceretur
520 2567 532 2588 ,
554 2542 599 2576 et
619 2533 863 2576 Germanos
880 2533 926 2575 in
947 2532 1064 2575 ordi-

228 2615 334 2643 nem
370 2599 599 2655 redigeret.
638 2598 773 2641 Hunc
807 2613 910 2654 ergo
946 2605 1066 2653 optat

228 2673 380 2721 poeta,
403 2663 569 2707 devicta
586 2695 599 2717 ‚
629 2671 678 2706 ut
698 2662 788 2719 ipse
807 2662 893 2715 ait,
916 2661 1065 2705 rebel-

228 2728 375 2772 latrice
407 2727 644 2772 Germania
668 2758 680 2781 ,
712 2741 814 2770 cum
845 2725 1068 2782 triumpho

399 3466 551 3526 VII.

1131 1691 1274 1735 redire
1297 1723 1308 1744 ,
1339 1690 1469 1747 idque
1499 1707 1543 1734 se
1575 1707 1625 1735 ex
1654 1689 1797 1747 aliquo
1826 1691 1974 1735 audire

1130 1769 1266 1812 posse.
1289 1754 1418 1799 Men.

1188 1824 1251 1864 52.
1262 1821 1441 1876 Jamque
1450 1835 1568 1863 suum
1583 1823 1691 1864 me'he'
1697 1823 1775 1863 da!
1783 1837 1860 1875 pro
1869 1822 1979 1865 Lare

1123 1900 1253 1939 pena
1263 1886 1579 1929 hanff-Iamne
1586 1886 1863 1930 scribendum
1878 1903 1887 1929 :
1901 1904 1979 1944 pro

1127 1966 1256 2005 poena
1275 1950 1401 1993 multi
1420 1957 1543 1993 terra.
1564 1952 1729 1994 versus
1745 1960 1979 2008 suspectus.

1134 2013 1386 2057 H.--Forte
1398 2015 1614 2071 scripserit
1623 2015 1983 2070 Ovidius,.lamne

1133 2096 1279 2123 novum
1291 2083 1399 2123 mihi
1405 2083 1482 2123 da!
1486 2083 1677 2136 meare
1680 2098 1805 2137 pena
1807 2081 1985 2136 focum?

1134 2146 1275 2187 Locus
1287 2145 1461 2200 etfhcus
1474 2146 1630 2202 passim
1650 2153 1980 2202 permutantur:

1125 2209 1256 2264 focus
1267 2218 1415 2254 autem
1437 2218 1502 2253 est
1519 2210 1636 2253 idem
1650 2210 1766 2266 quod
1786 2227 1886 2253 mox
1895 2228 1982 2266 pe-

1137 2279 1307 2318 netrale.
1338 2277 1481 2319 Novus
1508 2284 1552 2318 et
1581 2292 1682 2318 suus
1710 2276 1844 2319 etiam
1871 2292 1982 2333 saepe

1138 2339 1331 2384 confusa.

1198 2403 1266 2445 53.
1284 2402 1496 2457 Disacile
1505 2411 1554 2446 ut
1567 2405 1718 2446 Cesar.
1734 2405 1829 2447 Hoc
1845 2405 1988 2448 Cesar

1142 2467 1505 2512 zulichemianus.
1539 2468 1654 2525 Lege
1685 2471 1752 2511 Di
1764 2470 1906 2524 facite
1931 2485 1987 2524 0,·

1143 2531 1226 2574 nisi
1242 2532 1365 2575 malis
1372 2531 1613 2586 thaciant
1623 2549 1723 2577 cum
1736 2534 1871 2577 tribus
1885 2535 1989 2578 scri-

1145 2597 1228 2654 ptis
1242 2613 1252 2640 z
1266 2600 1335 2640 hic
1341 2602 1554 2653 penetrale
1565 2614 1646 2655 pro
1658 2601 1738 2642 hoc
1748 2600 1879 2642 etiam
1888 2601 1987 2656 qui-

1147 2660 1261 2705 dam.
1285 2662 1344 2704 H.
1357 2685 1409 2695 --
1422 2665 1520 2707 Non
1539 2667 1644 2706 velit
1661 2665 1741 2707 hoc
1754 2680 1846 2707 esse
1858 2680 1987 2718 pene-

1146 2731 1263 2772 trale.
1284 2727 1386 2773 Non
1404 2727 1637 2773 velit¹hanc
1653 2744 1743 2775 esse
1764 2728 1959 2772 domum.

1674 3486 1740 3524 10
