2280 3776
551 320 668 375 EX
708 317 1014 374 PONTO
1053 320 1219 374 LIB.
1265 317 1377 373 IV.
1420 317 1695 373 EPIST.
1740 323 1786 374 1.

1938 322 2049 399 4¹9

363 435 450 496 Sit
477 434 653 495 mihi?
679 434 829 518 quod
855 433 1015 506 fecit,
1045 433 1280 517 quisque
1310 449 1495 495 tuetur
1525 457 1682 519 opus.

281 532 362 590 Ut
387 532 576 591 Venus
605 527 823 591 artificis
852 528 1009 590 labor
1038 544 1120 590 est
1144 544 1199 590 et
1227 528 1404 608 gloria
1433 531 1534 591 Coi
1552 578 1567 603 ‚

359 628 642 710 AEquoreo
669 626 910 688 madidas
937 623 1057 711 quae
1083 626 1284 711 premit
1310 626 1487 686 imbre
1522 650 1703 687 comas
1726 653 1740 687 :
1995 649 2049 689 3.»

281 725 441 787 Arcis
466 739 529 785 ut
557 726 752 786 Actaeae
780 723 861 784 vel
889 725 1120 796 eburna,
1153 721 1238 785 irel
1266 747 1410 784 aenea
1442 739 1627 784 custos

362 819 566 882 Bellica
596 821 855 882 Phidiaca
885 836 995 882 stat
1022 822 1136 882 Dea
1164 821 1304 881 sacta
1332 844 1497 881 manu
1521 845 1535 893 ;

283 919 552 980 Vendicat
578 934 642 980 ut
670 911 907 982 Calamis
931 919 1179 993 laudem,
1213 944 1356 1005 quos
1385 919 1538 990 fecit,
1571 942 1868 1003 equorum;

364 1019 444 1077 Ut
471 1017 666 1079 similis
690 1043 827 1080 verae
854 1042 1012 1080 vacca
1040 1018 1294 1102 Myronis
1319 1042 1494 1102 opus;

284 1111 377 1173 Sic
406 1137 509 1193 ego
537 1138 665 1198 pars
694 1139 875 1175 rerum
906 1139 1022 1176 non
1050 1114 1270 1188 ultima,
1297 1115 1486 1187 Sexte,
1518 1129 1734 1175 tuarum
1752 1162 1767 1187 ‚
2008 1133 2063 1176 35

363 1211 684 1296 Tutelaeque
710 1212 859 1274 feror
883 1235 1086 1275 munus
1117 1235 1368 1299 opusque
1394 1227 1515 1275 tuae.

339 1355 405 1399 28.
421 1356 548 1411 Quod
540 1350 678 1413 finxt't
695 1360 864 1413 quisque
881 1364 1026 1400 tuetur.
1045 1357 1129 1401 Re-

280 1418 465 1478 spondet
480 1430 608 1478 poeta
621 1436 666 1465 se
678 1421 724 1466 in
739 1435 794 1466 eo
807 1420 910 1466 ideo
920 1437 1041 1479 spem
1056 1421 1129 1465 ha·

281 1484 388 1529 bere
401 1518 414 1540 ,
428 1486 531 1543 quia
545 1495 611 1531 est
624 1503 734 1545 opus
746 1487 903 1544 ipsius:
926 1496 970 1532 et
991 1503 1132 1531 unus-

287 1551 469 1608 quisque
496 1567 604 1610 opus
628 1552 744 1610 quod
763 1553 889 1603 fecit.
915 1553 1030 1597 tueri
1050 1569 1130 1597 so-

283 1615 356 1660 let.
371 1615 486 1673 Quae
501 1617 679 1674 quidem
701 1619 918 1663 sententia
937 1619 991 1662 de
1020 1618 1131 1662 Ari-

283 1681 447 1726 stotelis
476 1682 631 1728 Ethica
661 1683 862 1728 sumitur.
899 1706 954 1717 —·
983 1684 1132 1728 Nostri

282 1746 453 1792 codices
473 1747 636 1793 habent
652 1749 881 1806 quodftclt
895 1753 1075 1807 quisque.

340 1829 405 1872 ²9·
423 1813 616 1871 Ανίιβειὶι·
639 1817 728 1861 Coi.
743 1814 929 1874 Apellis,
952 1814 1036 1859 Coi
1058 1815 1133 1919 pi·—

283 1877 411 1921 ctoris
430 1878 716 1924 celeberrimi.

339 1941 407 1984 30.
443 1943 707 1998 Quem-emit
727 1962 882 1989 comas.
901 1945 1017 2002 Quae
1047 1935 1129 1989 ca·
1161 1939 1164 1944 ¹

283 2003 407 2062 pillos
419 2022 621 2064 premere
634 2009 868 2054 videbatur
883 2044 894 2065 ,
910 2019 955 2055 et
969 2022 1129 2068 aquam

283 2072 541 2129 exprimere.
560 2098 615 2109 -
642 2077 849 2133 Maedz'dqs
863 2080 1002 2121 ι’πιόιτ.
1024 2077 1129 2121 Ma-

282 2134 475 2182 defactos
491 2139 663 2197 capillos
679 2157 789 2198 aqua
811 2143 995 2199 aequoris
1011 2176 1023 2197 ,
1042 2150 1130 2185 un-

283 2199 339 2244 de
351 2201 829 2263 videbaturemergere
838 2207 995 2250 Emari
1009 2207 1130 2251 enim

284 2274 435 2309 natam
458 2269 685 2313 Venerem
705 2271 956 2316 {hb-alantur
974 2280 1128 2329 poetae,

285 2339 331 2375 et
356 2331 457 2375 ideo
485 2350 583 2379 eam
605 2336 773 2380 Plinius
801 2338 1131 2395 Anadyomenen

284 2403 480 2442 vocatam
500 2399 631 2445 fuisse
651 2402 814 2446 scribit.
860 2414 861 2417 ’
1008 2437 1010 2439 >

339 2464 629 2512 315Amisaet
644 2469 812 2512 Attea.
826 2468 1002 2512 Phidias
1019 2484 1134 2525 pra-

287 2539 356 2575 te‘r
370 2534 532 2577 Jovem
547 2565 560 2586 ,
571 2532 732 2577 {enitet
745 2545 796 2577 ex
811 2534 943 2578 ebore
958 2535 1134 2579 Minen-

287 2611 392 2642 vam
409 2597 593 2643 Athenis
607 2631 619 2652 ‚
638 2607 684 2642 et
701 2605 752 2641 ex
766 2600 850 2643 here
862 2609 952 2643 tem
965 2601 1133 2645 eximite

286 2663 645 2719 pulchritudinis,
665 2673 713 2707 ut
733 2676 756 2706 a
792 2663 935 2709 forma
962 2677 1135 2723 cogno·-

284 2735 393 2770 men
412 2728 637 2785 acceperit.
656 2727 726 2771 De
748 2729 902 2784 quibus
921 2730 991 2774 hic
1007 2739 1134 2787 poeta

285 2793 501 2852 intelligit.
514 2794 619 2839 Fuit
631 2795 730 2838 etin
744 2810 841 2839 arce
858 2795 1134 2839 Athenarum

286 2854 506 2907 Minerua
522 2859 800 2904 simulacrum
816 2893 828 2913 ,
845 2860 899 2904 de
913 2876 1000 2917 quo
1016 2861 1133 2904 fama

289 2922 531 2980 incubuit,
563 2924 680 2982 quod
705 2925 759 2968 de
782 2925 899 2969 caelo-
917 2918 1134 2970 ceciderit.

290 2999 346 3021 ἅ·
363 2990 498 3032 Λνειζι·
506 2990 676 3034 Αὐΐσσ.
692 2990 818 3034 Arcis
842 2990 987 3034 Athen
995 3007 1134 3033 arum.

289 3073 349 3084 --
366 3051 516 3098 auos
533 3057 697 3101 blicka.
719 3055 817 3100 Dea
836 3056 937 3100 belli
958 3056 1134 3100 Miner-

1210 1372 1284 1412 va,
1310 1357 1476 1401 arcium
1501 1364 1645 1399 eustos
1663 1365 1709 1401 et
1724 1371 1892 1413 preses.
1909 1380 1963 1390 —
1983 1360 2065 1402 Vc!

1209 1437 1318 1466 crea
1343 1428 1498 1465 custos.
1520 1423 1654 1465 AEnea
1682 1422 1830 1478 scripti
1859 1423 2062 1479 potiores.

1267 1486 1334 1529 32.
1363 1487 1470 1530 Stat.
1504 1487 1605 1531 Non
1630 1485 1779 1540 sedet,
1813 1488 1889 1531 sed
1919 1498 2063 1532 erecta

1212 1559 1256 1594 et
1264 1559 1380 1595 stans
1393 1550 1528 1608 posita
1542 1551 1637 1595 suit.
1642 1553 2062 1596 —Manuphamacm

1214 1616 1355 1659 Manu
1378 1615 1546 1659 Phidiae
1561 1615 1866 1670 Atheniensis,
1890 1618 1963 1673 qui
1985 1617 2061 1660 sso-

1212 1681 1301 1725 ruit
1303 1681 1566 1759 olympiade
1586 1690 1710 1725 octoo
1687 1682 1846 1738 esima
1878 1691 2061 1740 quarta,

1213 1734 1386 1793 circiter
1414 1749 1722 1793 tercentesimo
1746 1746 1959 1793 Romanae
1983 1761 2060 1791 ur-

1215 1814 1279 1858 bis
1300 1828 1437 1859 anno.-

1255 1880 1335 1926 -33-
1383 1881 1613 1933 Vendzzat.
1623 1887 1670 1924 ut
1694 1880 1897 1922 Calamts.
1929 1878 2061 1922 Cala-

1212 1938 1296 1988 mis
1315 1944 1381 1989 sui
1410 1939 1619 2001 temporis
1643 1941 1843 2001 egregius
1875 1943 2063 1989 artifex:

1209 2008 1311 2053 fecit
1332 1996 1452 2052 enim
1473 2007 1701 2066 quadrigas
1723 2008 1910 2052 maxime
1936 2009 2059 2053 cele-

1209 2075 1340 2128 brer,
1348 2075 1413 2126 de
1414 2089 1510 2139 quo
1525 2073 1695 2119 Plinius
1716 2074 1828 2118 libro
1843 2074 2062 2128 XXXIV,

1210 2141 1347 2198 capite
1370 2143 1419 2192 8,
1441 2139 1515 2183 ubi
1536 2135 1719 2197 legenda
1747 2138 1850 2183 sunt
1879 2139 2063 2182 humani

1211 2204 1616 2263 indeniiwffiracula
1632 2236 1645 2258 ‚
1681 2203 1839 2261 quibus
1863 2204 2064 2248 inclaruit

1212 2273 1479 2332 Grqpipilla,
1494 2272 1695 2316 omnium
1709 2272 1871 2315 artium
1886 2287 2060 2328 parens.

1212 2340 1335 2395 cujus
1355 2337 1583 2381 infandam
1614 2345 1778 2380 sortem
1808 2352 1942 2379 nemo
1964 2335 2062 2380 satis

1212 2419 1334 2447 nune
1352 2404 1501 2459 lugere
1523 2410 1680 2459 potest.

1269 2469 1336 2523 34.
1370 2469 1432 2511 Ut
1446 2471 1600 2511 simile}
1619 2482 1738 2510 uere.
1761 2466 1829 2509 De
1863 2466 2059 2525 Myrone

1215 2548 1265 2575 ac
1283 2532 1378 2587 eius
1406 2548 1533 2575 vacca
1556 2530 1687 2574 etiam
1712 2528 1881 2573 Plinius
1904 2529 2065 2574 scribit.

1213 2617 1269 2637 -η-
1285 2598 1445 2642 Similis
1464 2611 1581 2639 ωτι.
1601 2594 1765 2638 Similis
1784 2611 1922 2638 vaccae
1934 2594 2063 2637 ‘viva

1267 2664 1335 2707 35.
1349 2663 1420 2706 Sic
1431 2678 1509 2717 ego
1519 2677 1612 2704 sum
1628 2673 1774 2703 rerum.
1792 2659 1942 2703 Scribe
1956 2675 2058 2703 cum

1215 2728 1344 2773 Polit.
1363 2727 1510 2772 codice
1530 2735 1576 2771 et
1586 2727 1762 2787 fragm.
1781 2725 1981 2767 Vatican.
1994 2727 2066 2768 Sic

1214 2810 1290 2850 ego
1305 2810 1410 2848 pars
1427 2806 1558 2835 rerum
1574 2806 1590 2844 ,·
1606 2791 1791 2834 Metam.
1809 2790 1927 2843 Vll,
1951 2793 2030 2832 522
2053 2806 2063 2833 z

1218 2876 1240 2895 α
1263 2859 1478 2915 lle-quota
1510 2873 1607 2912 pars
1626 2854 1688 2898 illi
1713 2870 1863 2899 rerum
1895 2854 2066 2910 periere

1215 2939 1449 2975 mearum;
1478 2941 1499 2961 >›
1522 2923 1606 2966 nisi
1623 2922 1759 2964 mavis
1777 2937 1881 2964 cum
1914 2921 2064 2963 Aron-

1214 2989 1391 3034 deliano
1405 3017 1422 3043 ,ι
1436 3005 1462 3033 ‹,‹
1487 2987 1560 3031 Sic
1575 3002 1657 3043 ego
1676 3001 1776 3030 sum
1792 3001 1945 3029 rerum
1966 3001 2063 3042 pars

1216 3068 1312 3098 non
1333 3062 1531 3098 extmma
1551 3060 1743 3095 tuarum.
1757 3068 1779 3088 ›·
1802 3050 1862 3094 H.

980 3250 1373 3268 *w*-
