2268 3848
531 328 989 426 TsslsTmM
1044 364 1208 418 ΜΒ.
1270 363 1318 416 1.
1375 360 1621 415 mro.
1672 360 1720 412 1.
1968 356 2000 408 5

232 491 312 551 Ut
340 509 567 572 perages
598 484 879 557 mandata,
909 481 1074 553 liber,
1106 477 1397 563 culpabere
1425 477 1638 550 forsan,
1954 488 2007 531 35

312 582 632 666 Ingeniique
658 581 839 642 minor
864 577 1022 641 laude
1052 577 1220 637 serere
1247 576 1372 636 mei.

227 680 439 742 Judicis
466 678 706 741 officium
740 691 847 750 est,
878 690 942 736 ut
966 699 1079 748 res,
1109 675 1185 735 ita
1216 688 1463 757 tempora
1491 693 1674 732 rerum

309 777 606 858 Quaerere:
642 775 873 859 quaesito
909 787 1155 855 tempore
1186 784 1338 831 tutus
1367 769 1490 830 eriS.

230 871 486 935 Carmina
514 870 846 956 proveniunt
874 869 1057 930 animo
1089 866 1321 928 deducta
1352 887 1545 926 sereno
1574 887 1586 923 ε

308 968 515 1032 Nubila
543 984 675 1031 sunt
701 967 901 1030 subitis
930 980 1179 1049 tempora
1206 977 1395 1024 nostra
1425 959 1599 1021 maliS.
1956 972 2010 1028 40

231 1056 485 1127 Carmina
513 1089 783 1127 secessum
815 1062 1107 1124 scribentis
1137 1075 1190 1122 et
1215 1059 1325 1121 otia
1354 1070 1640 1142 quaerunt:

311 1160 406 1220 Me
436 1154 611 1234 mare,
642 1183 727 1220 me
756 1159 929 1230 venti,
958 1179 1045 1219 me
1068 1157 1181 1218 sera
1203 1155 1371 1237 jactat
1394 1153 1601 1236 hyems.

228 1255 580 1319 Carminibus
606 1271 786 1318 metus
814 1254 994 1316 omnis
1021 1253 1178 1315 abest
1203 1275 1216 1313 ε
1239 1276 1344 1331 ego
1374 1249 1626 1335 perditus
1654 1269 1842 1310 ensem

310 1354 603 1416 Haesurum
626 1350 822 1436 jugulo
851 1351 958 1433 jam
986 1364 1127 1434 puto
1149 1349 1371 1432 jamque
1399 1370 1540 1410 meo.

228 1449 362 1510 Haec
388 1471 641 1533 quoque,
672 1447 826 1531 quod
853 1444 1025 1518 facio,
1054 1443 1220 1526 judex
1249 1441 1544 1505 mirabitur
1571 1464 1790 1525 aequus,
1961 1455 2015 1510 45

312 1544 639 1630 Scriptaque
666 1568 789 1606 cum
820 1542 978 1606 venia
1003 1540 1423 1626 qualiacumque
1450 1538 1619 1619 leget.

229 1642 316 1703 Da
345 1642 483 1704 mihi
509 1641 824 1704 Maeoniden
844 1687 860 1716 ‚
893 1654 952 1702 et
979 1652 1071 1700 tot.
1094 1636 1453 1721 circumspice
1477 1659 1635 1697 casus
1650 1659 1671 1709 ;’

285 1807 351 1852 35.
377 1806 671 1852 scribendum
695 1808 756 1850 Ut
764 1822 941 1863 perages
960 1821 1084 1849 man-

229 1873 348 1924 dala,
366 1875 473 1917 liber
481 1889 494 1916 .·
515 1871 623 1916 dum
638 1888 827 1929 perages.
845 1871 884 1909 V
891 1869 1022 1928 ulgati
1037 1876 1083 1912 et

229 1939 375 1997 scripti
389 1954 600 1996 peragam
623 1938 697 1983 sed
721 1955 811 1982 non
832 1947 919 1982 tam
943 1952 1083 1995 pene-

231 2013 345 2050 trato
365 2022 509 2050 sensu.

285 2072 352 2128 37.
382 2073 534 2115 Utres.
557 2071 673 2116 Rem
696 2070 765 2115 hic
789 2070 973 2128 appellat
1001 2085 1084 2112 ne-

230 2135 398 2193 gotium
416 2135 463 2179 in
479 2135 604 2192 cujus
619 2134 858 2193 quaestione
874 2133 1085 2191 quaeritur

229 2199 349 2245 locus
362 2233 374 2256 ‚
398 2207 571 2258 tempus
584 2233 595 2255 ,
612 2199 770 2244 modus
787 2233 799 2254 ,
810 2200 997 2244 occasio.
1014 2201 1085 2242 lta

229 2275 427 2322 tempora.
443 2267 640 2326 Tempus
664 2267 733 2312 hic
753 2276 839 2322 cst,
863 2275 1085 2325 opportu-

230 2331 356 2377 nitas.
377 2332 506 2376 MBR.
521 2335 756 2376 —Judicis
771 2333 968 2390 officium.
991 2332 1085 2376 Di—

233 2396 415 2452 gressio,
431 2412 517 2454 qua
529 2413 605 2441 sua
617 2397 811 2442 carmina
822 2431 834 2451 ‚
854 2413 950 2454 quae
966 2397 1086 2441 nulla

235 2462 372 2505 animi
402 2463 714 2520 tranquillitate
746 2464 955 2520 nulloque
986 2463 1087 2507 satis

236 2528 471 2572 commodo
491 2529 587 2574 loco
604 2530 761 2586 scripta
783 2545 873 2572 esse
895 2529 980 2583 ait,
1002 2545 1086 2571 ex·-

235 2601 367 2638 ousat.
388 2591 522 2638 Cror.

292 2658 360 2719 39.
383 2660 592 2704 Deducta.
628 2660 875 2705 Translatio
902 2677 930 2704 a
958 2660 1085 2716 lana,

237 2741 335 2782 quae
353 2726 398 2770 in
423 2727 683 2772 tenuitatem
707 2727 950 2772 deducitur.

291 2793 357 2846 4ο.
391 2794 551 2838 Nubila
587 2802 688 2837 sant
716 2797 872 2837 subitis
905 2800 1091 2849 tempora

235 2863 380 2900 nostra
400 2860 538 2901 malis.
559 2858 704 2902 Immo
716 2867 886 2913 pectora
909 2872 924 2910 ‚²
961 2859 1092 2915 quic—

238 2920 344 2978 quid
367 2921 464 2965 libri
486 2930 656 2966 veteres
682 2922 944 2967 dissentiunt
967 2939 976 2966 ε
1000 2940 1092 2966 na-

237 2989 329 3030 bem
341 2990 483 3030 animo
494 2988 756 3031 remooitinf.
774 2988 894 3046 Eleg.
910 3002 967 3031 111
981 3021 993 3044 ,
1015 2989 1063 3032 13
1079 3003 1091 3032 r

236 3052 462 3098 familiaris
475 3062 541 3098 est
555 3054 721 3111 supinis
736 3053 918 3098 librariis
936 3054 1007 3099 hic
1024 3071 1091 3098 er-

238 3133 344 3161 ror:
363 3118 423 3162 sic
441 3117 558 3161 infra
574 3118 695 3176 Eleg.
720 3132 807 3161 v111
822 3152 833 3173 ,
864 3135 973 3162 vers.
1006 3119 1060 3179 39
1078 3151 1091 3174 ,

238 3183 324 3226 hoc
335 3182 461 3239 libro,
469 3192 639 3240 pectora
650 3201 808 3236 serena,
827 3185 900 3228 ubi
912 3194 1095 3241 tempora

239 3247 450 3292 hactenus
479 3247 704 3306 legebatur
727 3266 736 3293 ε
760 3254 944 3293 animam
969 3267 1094 3294 sere—

237 3330 336 3357 num
352 3312 519 3358 dixerat
535 3315 749 3372 superiori
767 3332 906 3359 versu.
925 3316 1095 3360 Hem-s.

238 3404 294 3413 -
312 3382 513 3436 Tempora
536 3390 714 3435 nostra3
744 3383 860 3440 quod
891 3383 1096 3440 praetuli-

240 3464 338 3492 mus
354 3481 366 3503 ,
389 3448 524 3493 tristia
538 3465 549 3493 ε
566 3450 626 3493 sic
640 3448 799 3495 Cicero
813 3451 1004 3495 multum
1018 3466 1097 3495 sae-

240 3529 294 3570 pe
307 3513 389 3559 isto
406 3514 611 3560 vocabulo
628 3515 767 3560 utitur
784 3532 794 3562 ς
812 3515 917 3562 dicit
935 3516 1066 3563 etiam
1081 3548 1093 3572 ,

1171 1805 1323 1848 Valere
1333 1804 1615 1859 temporibas5
1638 1817 1775 1859 quum
1792 1817 1951 1859 nempe
1970 1817 2019 1844 cx

1165 1867 1341 1912 alterius
1367 1867 1651 1913 incommodo
1677 1884 1754 1911 sua
1784 1868 1878 1925 quis
1906 1871 2018 1926 capit

1164 1932 1410 1978 commoda.
1425 1934 1476 1977 Ia
1488 1937 1654 1978 turbido
1666 1938 1776 1977 enim
1787 1940 1923 1978 miuus
1930 1952 2020 1990 per-

1163 2004 1306 2055 spicae
1319 2001 1497 2056 adparet
1508 2034 1519 2051 ,
1541 2002 1646 2057 quid
1661 2017 1794 2044 rerum
1812 2010 1975 2056 agatur.

1219 2064 1285 2122 42.
1320 2069 1392 2110 Me
1417 2068 1519 2124 sera
1543 2069 1695 2123 jactat
1724 2070 1879 2126 hyems.
1914 2069 2021 2113 Erat

1165 2133 1285 2176 enim
1321 2133 1364 2177 in
1398 2133 1601 2193 Scythica
1637 2133 1816 2191 regione
1858 2145 1984 2192 poeta
2005 2168 2017 2189 ,

1165 2216 1262 2256 quae
1282 2200 1452 2258 magnis
1470 2200 1705 2259 frigoribus
1726 2209 1927 2253 vexatum
1953 2203 2021 2246 vel

1167 2274 1215 2309 ut
1231 2265 1350 2309 Cios.
1364 2265 1481 2320 vult,
1506 2269 1799 2324 perbyemem‚
1823 2284 2021 2325 asperam

1168 2341 1475 2389 tempestatem
1497 2333 1725 2408 intelligin
1754 2335 1856 2391 quia
1882 2335 2022 2381 credit

1167 2398 1287 2444 hune
1308 2400 1469 2443 librum
1490 2401 1536 2444 in
1559 2400 1718 2444 itinere
1738 2401 1964 2459 scriptum.

1222 2465 1288 2519 43.
1304 2466 1465 2520 Abes!,·
1485 2466 1630 2512 abesse
1650 2466 1804 2519 debet;
1829 2484 2021 2526 namque

1169 2531 1253 2575 alio
1279 2531 1481 2576 distracta
1502 2548 1608 2576 cura
1629 2532 1814 2577 minime
1834 2532 1906 2577 illa
1930 2551 2023 2578 ne—

1170 2596 1266 2653 quit
1301 2595 1549 2653 expendere
1587 2612 1685 2653 quae
1718 2596 1773 2640 ad
1806 2596 2023 2654 legitimos

1167 2678 1317 2706 versus
1337 2662 1636 2719 requiruntur.

1224 2730 1290 2784 44.
1304 2728 1557 2782 Ensem‚·vel
1568 2729 1621 2772 ab
1633 2727 1820 2772 inimicis
1830 2729 2024 2774 exsulem

1170 2794 1533 2852 persequentibus
1549 2826 1562 2848 ,
1587 2793 1656 2837 vel
1678 2810 1703 2837 a
1726 2793 1922 2854 Scythis,
1950 2798 2026 2853 qui

1170 2859 1358 2903 maxime
1379 2859 1552 2902 barbari
1573 2868 1743 2903 metum
1765 2860 1980 2916 injiciunt.

1227 2926 1293 2979 45.
1321 2925 1427 2968 Haec
1457 2939 1617 2981 quoque
1646 2940 1736 2980 qaae
1753 2923 1892 2979 facio.
1930 2926 2026 2967 Hoc

1171 3007 1328 3048 quoque
1338 2990 1581 3047 quodfacio
1591 2991 1862 3035 vetustiores.
1877 2991 1994 3050 Lege
2014 3026 2025 3045 ,

1173 3061 1279 3101 Ila-c
1287 3057 1710 3114 quoque‚quodsac1b.
1726 3057 1772 3100 H
1777 3070 1823 3099 ει
1829 3060 2027 3101 ris—Ja-

1172 3127 1255 3168 dex
1274 3127 1504 3167 mirabitur.
1538 3122 1713 3179 AEquus
1734 3139 1887 3166 rerum
1911 3124 2027 3167 aesti-

1172 3197 1317 3232 mator
1335 3189 1539 3231 meliores
1553 3203 1703 3231 versus
1720 3204 1744 3230 a
1763 3203 1834 3230 me
1854 3205 1945 3231 non
1966 3203 2032 3231 re·

1174 3256 1318 3313 quiret
1331 3271 1342 3306 ;
1357 3254 1494 3297 immo
1506 3253 1753 3307 mirabitur,
1766 3253 1839 3296 tali
1860 3246 2035 3310 tempo-

1172 3336 1220 3362 re
1236 3353 1247 3374 ,
1263 3329 1352 3362 tam
1369 3318 1507 3363 bonos
1525 3335 1548 3362 a
1564 3335 1635 3362 me
1651 3319 1843 3376 scriptos.
1859 3320 2007 3363 ΡΟΝΤ.

1228 3387 1295 3441 47.
1328 3386 1404 3427 Da
1436 3386 1547 3427 mibi
1567 3386 1818 3429 Maeoniden.
1843 3386 1929 3428 Fac
1955 3400 2027 3428 me

1177 3450 1379 3494 Homero
1401 3465 1566 3507 parem.
1587 3450 1955 3494 masmim—Et
1969 3458 2035 3495 tat

1176 3520 1448 3572 circumspoec
1475 3531 1616 3561 casus.
1640 3515 1714 3561 Nil
1738 3524 1913 3560 mutant
1937 3515 2037 3560 libri
