2280 3776
228 252 337 303 206

698 254 763 304 P.
813 253 1098 306 OVIDII
1148 251 1521 308 NASONIS

223 364 500 447 Telephus
527 380 722 425 aeterna
753 366 1224 428 consumtus‘tabe
1254 370 1510 452 perisset,
1946 388 1992 431 15

308 463 367 521 Si
395 486 507 521 non
527 509 541 533 ‚
578 485 695 543 quae
722 462 938 532 nocuit,
970 462 1155 523 dextra
1187 465 1400 526 tulisset
1429 489 1603 548 opem.

226 563 299 620 Et
325 583 440 620 mea
459 606 473 630 ‚
509 560 553 618 si
585 558 794 617 facinus
822 558 1038 620 nullum
1067 563 1438 624 commisimus
1457 612 1472 637 ‚
1506 577 1670 647 opt0‚

307 657 545 716 Vulnera
578 655 674 737 qui
704 655 857 727 fecit,
889 656 1026 718 facta
1057 657 1232 719 levare
1258 660 1419 731 velit3

228 756 649 832 Contentusque
677 750 781 811 mei
807 751 915 831 jam
944 753 1162 814 tandem
1191 770 1344 837 parte
1371 755 1577 816 laboris
1595 804 1609 828 ‚

304 850 579 925 Exiguum
611 846 774 930 pleno
802 848 866 908 de
895 873 1041 908 mare
1072 850 1252 916 demat
1281 876 1449 933 aquae.
1945 885 1996 913 ιιι»

227 947 494 1007 Detrahat
519 958 582 1003 ut
609 943 872 1016 multum,
901 944 1135 1005 multum
1163 946 1392 1008 restabit
1420 948 1633 1021 acerbi;

306 1044 550 1124 Parsque
578 1064 708 1101 meae
733 1065 907 1123 poenae
939 1042 1110 1102 totius
1141 1044 1314 1104 instar
1343 1044 1460 1104 erit.

226 1141 413 1202 Litora
444 1155 582 1222 quot
609 1140 845 1201 conchas
863 1187 878 1212 ‚
911 1155 1049 1223 quot
1074 1165 1283 1202 amoena
1305 1142 1511 1204 rosaria
1536 1142 1727 1215 ssoreS‚

311 1240 532 1318 Quotve
563 1238 927 1321 soporiferum
957 1262 1123 1317 grana
1150 1262 1386 1322 papaver
1410 1239 1606 1310 habet3

229 1338 374 1398 Silva
404 1338 544 1397 seras
578 1350 713 1419 quot
740 1334 872 1407 alit,
906 1327 1044 1417 quot
1071 1336 1319 1418 piscibus
1348 1336 1495 1396 unda
1523 1350 1771 1419 natatum
1946 1352 1997 1394 25

309 1435 467 1512 Quot
500 1446 746 1492 tenerum
775 1430 975 1512 pennis
1004 1454 1128 1490 aera
1151 1430 1335 1514 pulsat
1360 1431 1504 1503 avis;

228 1530 340 1588 Tot
367 1549 587 1609 premor
613 1525 849 1584 adversis
875 1549 886 1582 :
916 1547 1035 1606 quae
1064 1524 1111 1584 si
1141 1526 1530 1609 comprendere
1559 1548 1745 1595 coner,

309 1624 492 1684 Icariae
521 1645 808 1681 numerum
839 1620 1016 1682 dicere
1047 1645 1210 1684 coner
1234 1647 1406 1706 aquae.

230 1723 416 1802 thue
444 1719 542 1778 viae
572 1740 726 1778 casus
747 1764 762 1790 ‚
793 1731 858 1777 ut
883 1740 1059 1777 amara
1090 1718 1332 1800 pericula
1357 1718 1547 1801 ponti,

231 1901 331 1928 cum
354 1882 669 1926 Arondeliano.
690 1882 750 1924 H.
765 1905 819 1916 —-
834 1884 993 1925 Vulnus
1007 1900 1079 1938 pe-

229 1950 416 2005 sttfirum
431 1951 485 1990 ab
498 1963 644 2001 angae.
658 1946 866 2002 Sagittam
879 1945 1078 1990 Herculis

232 2014 423 2070 intellige
445 2046 455 2067 ,
483 2011 632 2071 hydrae
656 2028 829 2055 veneno
858 2012 1077 2056 infectam.

235 2082 349 2124 Nota
387 2087 450 2122 est
490 2077 637 2121 fabula
668 2093 678 2120 :
712 2095 734 2115 «
771 2077 856 2120 Cui
881 2078 1078 2133 viperino

234 2161 381 2188 morsu
401 2159 521 2186 venae
542 2143 754 2186 viseerum
775 2144 963 2186 Veneno
983 2143 1078 2185 im-

227 2210 348 2268 ‹¹³¹⁸ae
363 2215 495 2250 tetros
506 2207 716 2250 cruciatus
729 2207 845 2262 cient
857 2223 867 2258 3
882 2226 901 2243 »
919 2206 1078 2250 Attius.

233 2273 406 2316 Deinde
418 2281 562 2315 tamen
577 2272 800 2315 restitutus
808 2281 872 2315 est
883 2279 973 2314 arte
986 2272 1079 2315 Ma—

233 2338 432 2381 chaonis:
449 2356 470 2374 «
494 2337 638 2379 Tarda
655 2336 905 2380 Philoctetae
914 2336 1079 2379 sanavit

235 2420 358 2447 crura
383 2403 600 2446 Machaon
619 2419 629 2454 ;
657 2421 679 2439 n
702 2404 901 2460 Propert.
921 2403 990 2446 lib.
1006 2403 1075 2457 II,

236 2469 354 2526 Eleg.
375 2483 412 2523 1,
432 2485 541 2511 vers.
560 2469 626 2510 61.
652 2466 739 2510 Alii
760 2467 923 2525 sagittis
947 2469 1076 2511 Her-

235 2534 338 2577 culis
355 2566 366 2587 ,
381 2549 553 2576 veneno
573 2532 747 2575 armatis
763 2566 775 2588 ,
793 2533 948 2575 vulnus
966 2548 1079 2576 acce-

236 2603 342 2658 pisse
366 2600 558 2644 tradunt.

281 2687 296 2711 1
306 2673 341 2712 5.
368 2670 568 2721 Telephus
575 2675 728 2710 aeterna
745 2675 982 2710 consumtus
997 2674 1077 2710 etc.

242 2752 264 2770 «ι
275 2732 479 2775 Vulneris
494 2732 699 2775 auxilium
716 2731 856 2775 Pelias
869 2731 989 2775 hasta
1008 2741 1080 2774 tu-

239 2798 302 2840 lit.
318 2815 340 2835 »
355 2798 483 2841 MER.

297 2867 359 2910 18.
385 2866 599 2921 Quifccit.
629 2868 731 2921 Quoe
740 2866 856 2921 fecit
879 2864 1078 2909 Leidens.

299 2948 360 2991 ¹9·
381 2935 506 2976 Parte
530 2935 697 2975 doloris.
723 2934 902 2974 Laboris
927 2947 999 2974 sex
1024 2929 1079 2972 li-

246 2996 336 3048 bri;
358 2997 475 3053 quod
495 2997 630 3054 magis
645 2995 826 3039 adridet.
843 2997 1009 3039 HEms.

298 3079 363 3106 20.
385 3066 594 3118 Exiguam
606 3067 743 3117 pleno.
771 3062 886 3106 Alibi
909 3061 1015 3104 dixit
1035 3076 1079 3104 se

243 3141 331 3168 non
346 3126 546 3169 fluctibus
558 3160 570 3180 ‚
591 3127 663 3171 sed
679 3136 770 3170 toto
785 3127 968 3170 Oceano
981 3123 1081 3167 fuis-

243 3205 287 3231 se
328 3189 531 3232 obrutum
548 3223 559 3245 ‚
595 3191 867 3234 miseriarum
903 3203 1082 3234 suarum

244 3252 570 3298 multitudinem
585 3265 629 3299 et
643 3255 991 3312 magnitudinem
1002 3269 1084 3295 vo·-

244 3317 336 3359 lens
356 3319 607 3373 exprimere.
628 3323 748 3364 Mare
766 3321 871 3364 dixit
891 3321 1084 3380 ἀρχαϊκῶς

248 3397 349 3438 pro,
368 3382 490 3425 mari.
510 3383 656 3426 ΡΟΝΤ.

1214 1901 1279 1926 21.
1302 1885 1480 1927 Multum
1493 1886 1669 1927 restabit
1679 1884 1831 1926 acerbi.
1848 1882 2011 1924 Amai-

1159 1965 1223 2004 pr.
1251 1949 1386 1992 Palat.
1416 1965 1481 2006 pr.
1504 1947 1700 1991 Vatican.
1727 1956 1771 1990 et
1793 1955 1880 1990 tres
1900 1945 1998 1997 alii;

1159 2014 1309 2057 malim
1329 2028 1498 2066 acem05
1519 2028 1657 2070 poenae
1677 2011 1888 2055 videlicet.
1911 2011 1973 2053 H.

1214 2097 1280 2122 αα.
1298 2081 1442 2122 Totius
1451 2082 1684 2122 instarerit.
1695 2075 1902 2120 Ostendit
1911 2084 2001 2118 tan-

1160 2151 1250 2187 tam
1271 2160 1360 2188 esse
1380 2143 1599 2188 malorum
1620 2141 1969 2200 magnitudinem
1987 2173 1999 2191 ‚

1159 2217 1209 2251 ut
1229 2209 1361 2252 etiam
1381 2208 1415 2252 si
1446 2207 1552 2264 quid
1577 2206 1831 2250 detrahatur
1846 2239 1858 2261 ,
1891 2203 2001 2248 nihil

1158 2274 1238 2316 sibi
1258 2274 1544 2316 imminutum
1564 2271 1776 2315 videatur.

1226 2340 1291 2381 23.
1334 2340 1446 2393 Quot
1476 2353 1640 2381 ama-na
1669 2340 1831 2380 rosaria
1858 2338 2001 2392 flores.

1165 2406 1277 2459 Quot
1291 2419 1392 2447 enos
1405 2411 1524 2458 ptua.
1547 2420 1611 2459 pr.
1637 2401 1764 2445 Polit.
1783 2411 1881 2458 quot
1902 2416 2002 2442 enos

1157 2472 1297 2512 hostia
1334 2467 1656 2524 Rottendorph.
1690 2470 1805 2523 quod
1833 2480 2001 2509 amenas

1159 2538 1298 2579 hostia
1317 2552 1382 2592 pr.
1398 2534 1539 2578 Vatic.
1558 2542 1603 2578 et
1620 2532 1746 2590 prim.
1767 2531 2002 2576 Palatinus.

1159 2598 1275 2642 Puto
1288 2597 1568 2642 scribendum
1579 2613 1589 2640 ε
1605 2615 1626 2634 α
1636 2597 1832 2640 Paestana
1841 2592 2002 2637 rosaria

1159 2664 1306 2715 flores;
1324 2682 1345 2701 »
1361 2664 1419 2707 sic
1430 2665 1633 2706 Paestanae
1644 2677 1748 2704 rasa·
1759 2693 1771 2715 ,
1786 2661 1916 2703 Pont.
1931 2658 1975 2700 II
1987 2689 2000 2710 ‚

1163 2729 1283 2784 Eleg.
1298 2742 1364 2781 lv,
1384 2729 1437 2770 28
1456 2745 1466 2779 ;
1491 2736 1535 2770 et
1555 2726 1681 2780 biseri
1694 2727 1858 2767 rosaria
1873 2725 2004 2766 Paesti

1161 2794 1275 2851 apud
1292 2793 1542 2846 Maronem,
1556 2789 1716 2846 Georg.
1737 2790 1820 2842 IV,
1833 2805 1892 2832 vs.
1913 2805 1928 2830 1
1941 2804 2001 2846 ¹9·

1218 2862 1285 2914 24.
1301 2861 1470 2913 Quodve
1478 2856 1757 2912 soporiferum.
1770 2853 2001 2911 Papaveris

1161 2923 1284 2967 sativi
1301 2923 1382 2965 tria
1402 2930 1505 2964 sunt
1525 2935 1696 2978 genera.
1721 2917 1972 2962 Candidum
1986 2950 2000 2974 ,

1162 2988 1284 3043 cujus
1293 3002 1443 3030 semen
1457 2994 1617 3029 tostum
1627 2985 1672 3027 in
1684 2982 1872 3028 secunda
1882 2998 2002 3025 men-

1162 3070 1208 3098 sa
1231 3069 1333 3096 cum
1360 3051 1486 3094 melle
1508 3049 1621 3107 apud
1642 3050 1841 3106 antiquos
1870 3048 2004 3091 daba-

1162 3127 1262 3162 tur:
1285 3117 1471 3160 alterum
1501 3116 1677 3173 nigrum
1692 3114 1897 3158 :tertium
1918 3130 2002 3172 ge-

1164 3199 1244 3226 nus
1272 3183 1424 3241 Tyr-am
1437 3190 1605 3226 vocant.

1219 3251 1284 3292 26.
1302 3252 1424 3303 Quod
1432 3257 1612 3292 tenerum
1625 3251 1776 3304 pennis
1788 3248 2001 3301 aerapulu-

1164 3324 1235 3360 sat
1250 3320 1354 3359 avis.
1382 3318 1494 3370 Quot
1509 3331 1611 3358 cum
1631 3313 1795 3371 scriptis
1820 3334 1829 3355 ι
1851 3309 1996 3355 malim

1165 3381 1295 3425 etiam
1314 3384 1461 3425 sulcat.
1483 3382 1648 3424 Hssms.
