<?xml version="1.0" encoding="UTF-8"?>
<!DOCTYPE html PUBLIC "-//W3C//DTD XHTML 1.0 Transitional//EN"
    "http://www.w3.org/TR/xhtml1/DTD/xhtml1-transitional.dtd">
<html xmlns="http://www.w3.org/1999/xhtml" xml:lang="en" lang="en">
 <head>
  <title>
</title>
<meta http-equiv="Content-Type" content="text/html;charset=utf-8" />
  <meta name='ocr-system' content='tesseract 3.04.00' />
  <meta name='ocr-capabilities' content='ocr_page ocr_carea ocr_par ocr_line ocrx_word'/>
</head>
<body>
  <div class='ocr_page' id='page_1' title='image "./quaeextantomniao07oviduoft_0392.png"; bbox 0 0 2280 3776; ppageno 0'>
   <div class='ocr_carea' id='block_1_1' title="bbox 260 371 366 445">
    <p class='ocr_par' dir='ltr' id='par_1_1' title="bbox 260 371 366 445">
     <span class='ocr_line' id='line_1_1' title="bbox 260 371 366 445; baseline 0.009 -22"><span class='ocrx_word' id='word_1_1' title='bbox 260 371 366 445; x_wconf 82' lang='lat'>378</span> 
     </span>
    </p>
   </div>
   <div class='ocr_carea' id='block_1_2' title="bbox 729 371 1553 428">
    <p class='ocr_par' dir='ltr' id='par_1_2' title="bbox 729 371 1553 428">
     <span class='ocr_line' id='line_1_2' title="bbox 729 371 1553 428; baseline 0.006 -5"><span class='ocrx_word' id='word_1_2' title='bbox 729 373 794 423; x_wconf 91' lang='lat' dir='ltr'>P.</span> <span class='ocrx_word' id='word_1_3' title='bbox 840 371 1136 426; x_wconf 92' lang='lat' dir='ltr'>OVIDII</span> <span class='ocrx_word' id='word_1_4' title='bbox 1175 371 1553 428; x_wconf 88' lang='lat' dir='ltr'><strong>NASONIS</strong></span> 
     </span>
    </p>
   </div>
   <div class='ocr_carea' id='block_1_3' title="bbox 262 485 1608 859">
    <p class='ocr_par' dir='ltr' id='par_1_3' title="bbox 262 485 1583 660">
     <span class='ocr_line' id='line_1_3' title="bbox 339 485 1547 567; baseline 0.003 -23"><span class='ocrx_word' id='word_1_5' title='bbox 339 485 410 544; x_wconf 89' lang='lat' dir='ltr'>Se</span> <span class='ocrx_word' id='word_1_6' title='bbox 435 485 638 567; x_wconf 87' lang='lat' dir='ltr'>probat</span> <span class='ocrx_word' id='word_1_7' title='bbox 656 532 670 555; x_wconf 84' lang='lat'>‚</span> <span class='ocrx_word' id='word_1_8' title='bbox 703 500 757 544; x_wconf 84' lang='lat' dir='ltr'>et</span> <span class='ocrx_word' id='word_1_9' title='bbox 784 509 931 546; x_wconf 87' lang='lat' dir='ltr'><strong>caecae</strong></span> <span class='ocrx_word' id='word_1_10' title='bbox 957 486 1184 547; x_wconf 75' lang='lat' dir='ltr'>crimina</span> <span class='ocrx_word' id='word_1_11' title='bbox 1213 486 1344 548; x_wconf 85' lang='lat' dir='ltr'>falsa</span> <span class='ocrx_word' id='word_1_12' title='bbox 1376 486 1506 549; x_wconf 83' lang='lat' dir='ltr'>tulit</span> <span class='ocrx_word' id='word_1_13' title='bbox 1532 513 1547 548; x_wconf 75' lang='grc' dir='ltr'><strong><em>ε</em></strong></span> 
     </span>
     <span class='ocr_line' id='line_1_4' title="bbox 262 580 1583 660; baseline 0.004 -20"><span class='ocrx_word' id='word_1_14' title='bbox 262 581 389 660; x_wconf 85' lang='lat' dir='ltr'>Qua</span> <span class='ocrx_word' id='word_1_15' title='bbox 414 580 553 640; x_wconf 84' lang='lat' dir='ltr'>nihil</span> <span class='ocrx_word' id='word_1_16' title='bbox 579 581 637 640; x_wconf 87' lang='lat' dir='ltr'>in</span> <span class='ocrx_word' id='word_1_17' title='bbox 670 582 827 642; x_wconf 83' lang='lat' dir='ltr'><strong>terris</strong></span> <span class='ocrx_word' id='word_1_18' title='bbox 849 629 863 653; x_wconf 89' lang='lat'>‚</span> <span class='ocrx_word' id='word_1_19' title='bbox 892 581 958 642; x_wconf 88' lang='lat' dir='ltr'>ad</span> <span class='ocrx_word' id='word_1_20' title='bbox 985 582 1146 643; x_wconf 85' lang='lat' dir='ltr'><strong>finem</strong></span> <span class='ocrx_word' id='word_1_21' title='bbox 1176 583 1323 644; x_wconf 84' lang='lat' dir='ltr'>Solis</span> <span class='ocrx_word' id='word_1_22' title='bbox 1351 585 1420 645; x_wconf 89' lang='lat' dir='ltr'>ab</span> <span class='ocrx_word' id='word_1_23' title='bbox 1454 599 1583 645; x_wconf 86' lang='lat' dir='ltr'>ortu</span> 
     </span>
    </p>

    <p class='ocr_par' dir='ltr' id='par_1_4' title="bbox 263 676 1608 859">
     <span class='ocr_line' id='line_1_5' title="bbox 342 676 1608 761; baseline 0.005 -25"><span class='ocrx_word' id='word_1_24' title='bbox 342 676 562 737; x_wconf 82' lang='lat' dir='ltr'>Clarius</span> <span class='ocrx_word' id='word_1_25' title='bbox 583 726 598 751; x_wconf 75' lang='lat'>.,</span> <span class='ocrx_word' id='word_1_26' title='bbox 628 694 856 761; x_wconf 82' lang='lat' dir='ltr'>excepto</span> <span class='ocrx_word' id='word_1_27' title='bbox 891 680 1126 753; x_wconf 75' lang='lat' dir='ltr'>Caesare,</span> <span class='ocrx_word' id='word_1_28' title='bbox 1156 681 1398 741; x_wconf 87' lang='lat' dir='ltr'>mundus</span> <span class='ocrx_word' id='word_1_29' title='bbox 1428 682 1608 743; x_wconf 77' lang='lat' dir='ltr'>babet.</span> 
     </span>
     <span class='ocr_line' id='line_1_6' title="bbox 263 772 1526 859; baseline 0.003 -27"><span class='ocrx_word' id='word_1_30' title='bbox 263 772 473 850; x_wconf 84' lang='lat' dir='ltr'>Eligito</span> <span class='ocrx_word' id='word_1_31' title='bbox 507 788 748 857; x_wconf 88' lang='lat' dir='ltr'>tempus,</span> <span class='ocrx_word' id='word_1_32' title='bbox 780 790 1058 858; x_wconf 85' lang='lat' dir='ltr'>captatum</span> <span class='ocrx_word' id='word_1_33' title='bbox 1089 800 1229 859; x_wconf 84' lang='lat' dir='ltr'><strong>saepe</strong></span> <span class='ocrx_word' id='word_1_34' title='bbox 1259 777 1526 855; x_wconf 84' lang='lat' dir='ltr'>rogandi,</span> 
     </span>
    </p>
   </div>
   <div class='ocr_carea' id='block_1_4' title="bbox 342 870 1357 955">
    <p class='ocr_par' dir='ltr' id='par_1_5' title="bbox 342 870 1357 955">
     <span class='ocr_line' id='line_1_7' title="bbox 342 870 1357 955; baseline 0.007 -29"><span class='ocrx_word' id='word_1_35' title='bbox 342 870 516 928; x_wconf 87' lang='lat' dir='ltr'>Exeat</span> <span class='ocrx_word' id='word_1_36' title='bbox 544 870 768 931; x_wconf 87' lang='lat' dir='ltr'>adversa</span> <span class='ocrx_word' id='word_1_37' title='bbox 798 895 866 931; x_wconf 86' lang='lat' dir='ltr'>ne</span> <span class='ocrx_word' id='word_1_38' title='bbox 898 887 990 931; x_wconf 84' lang='lat' dir='ltr'>tua</span> <span class='ocrx_word' id='word_1_39' title='bbox 1018 873 1172 932; x_wconf 81' lang='lat' dir='ltr'>navis</span> <span class='ocrx_word' id='word_1_40' title='bbox 1200 897 1357 955; x_wconf 87' lang='lat' dir='ltr'>aqua.</span> 
     </span>
    </p>
   </div>
   <div class='ocr_carea' id='block_1_5' title="bbox 261 966 1872 1343">
    <p class='ocr_par' dir='ltr' id='par_1_6' title="bbox 261 966 1588 1149">
     <span class='ocr_line' id='line_1_8' title="bbox 261 966 1588 1049; baseline 0.006 -26"><span class='ocrx_word' id='word_1_41' title='bbox 261 966 388 1024; x_wconf 88' lang='lat' dir='ltr'>Non</span> <span class='ocrx_word' id='word_1_42' title='bbox 419 989 631 1049; x_wconf 85' lang='lat' dir='ltr'>semper</span> <span class='ocrx_word' id='word_1_43' title='bbox 661 993 836 1049; x_wconf 85' lang='lat' dir='ltr'>sacras</span> <span class='ocrx_word' id='word_1_44' title='bbox 863 969 1104 1029; x_wconf 83' lang='lat' dir='ltr'>reddunt</span> <span class='ocrx_word' id='word_1_45' title='bbox 1130 969 1353 1029; x_wconf 86' lang='lat' dir='ltr'>oracula</span> <span class='ocrx_word' id='word_1_46' title='bbox 1383 985 1588 1043; x_wconf 88' lang='lat' dir='ltr'><strong>sortes;</strong></span> 
     </span>
     <span class='ocr_line' id='line_1_9' title="bbox 342 1063 1555 1149; baseline 0.005 -28"><span class='ocrx_word' id='word_1_47' title='bbox 342 1063 575 1145; x_wconf 82' lang='lat' dir='ltr'>Ipsaque</span> <span class='ocrx_word' id='word_1_48' title='bbox 604 1089 718 1123; x_wconf 89' lang='lat' dir='ltr'>non</span> <span class='ocrx_word' id='word_1_49' title='bbox 748 1066 896 1124; x_wconf 88' lang='lat' dir='ltr'>omni</span> <span class='ocrx_word' id='word_1_50' title='bbox 924 1080 1170 1149; x_wconf 85' lang='lat' dir='ltr'><strong>tempore</strong></span> <span class='ocrx_word' id='word_1_51' title='bbox 1196 1067 1321 1127; x_wconf 83' lang='lat' dir='ltr'>fana</span> <span class='ocrx_word' id='word_1_52' title='bbox 1347 1081 1555 1149; x_wconf 88' lang='lat' dir='ltr'>patent.</span> 
     </span>
    </p>

    <p class='ocr_par' dir='ltr' id='par_1_7' title="bbox 266 1160 1872 1343">
     <span class='ocr_line' id='line_1_10' title="bbox 266 1160 1872 1246; baseline 0.007 -28"><span class='ocrx_word' id='word_1_53' title='bbox 266 1160 456 1238; x_wconf 81' lang='lat' dir='ltr'>Quum</span> <span class='ocrx_word' id='word_1_54' title='bbox 485 1175 660 1222; x_wconf 84' lang='lat' dir='ltr'>status</span> <span class='ocrx_word' id='word_1_55' title='bbox 691 1162 847 1223; x_wconf 85' lang='lat' dir='ltr'>urbis</span> <span class='ocrx_word' id='word_1_56' title='bbox 878 1164 1007 1234; x_wconf 84' lang='lat' dir='ltr'>erit,</span> <span class='ocrx_word' id='word_1_57' title='bbox 1040 1163 1257 1246; x_wconf 87' lang='lat' dir='ltr'>qualem</span> <span class='ocrx_word' id='word_1_58' title='bbox 1283 1189 1432 1225; x_wconf 85' lang='lat' dir='ltr'>nunc</span> <span class='ocrx_word' id='word_1_59' title='bbox 1461 1189 1704 1244; x_wconf 84' lang='lat' dir='ltr'>auguror</span> <span class='ocrx_word' id='word_1_60' title='bbox 1731 1192 1872 1242; x_wconf 85' lang='lat' dir='ltr'><strong>esse,</strong></span> 
     </span>
     <span class='ocr_line' id='line_1_11' title="bbox 343 1256 1518 1343; baseline 0.006 -28"><span class='ocrx_word' id='word_1_61' title='bbox 343 1258 418 1315; x_wconf 88' lang='lat' dir='ltr'>Et</span> <span class='ocrx_word' id='word_1_62' title='bbox 445 1256 632 1319; x_wconf 86' lang='lat' dir='ltr'>nullus</span> <span class='ocrx_word' id='word_1_63' title='bbox 661 1259 857 1343; x_wconf 91' lang='lat' dir='ltr'>populi</span> <span class='ocrx_word' id='word_1_64' title='bbox 887 1262 1178 1321; x_wconf 79' lang='lat' dir='ltr'><strong>contrahet</strong></span> <span class='ocrx_word' id='word_1_65' title='bbox 1205 1286 1299 1322; x_wconf 89' lang='lat' dir='ltr'>ora</span> <span class='ocrx_word' id='word_1_66' title='bbox 1326 1261 1518 1334; x_wconf 88' lang='lat' dir='ltr'>dolor;</span> 
     </span>
    </p>
   </div>
   <div class='ocr_carea' id='block_1_6' title="bbox 266 1351 1740 1440">
    <p class='ocr_par' dir='ltr' id='par_1_8' title="bbox 266 1351 1740 1440">
     <span class='ocr_line' id='line_1_12' title="bbox 266 1351 1740 1440; baseline 0.007 -30"><span class='ocrx_word' id='word_1_67' title='bbox 266 1351 455 1430; x_wconf 83' lang='lat' dir='ltr'>Quum</span> <span class='ocrx_word' id='word_1_68' title='bbox 487 1353 685 1415; x_wconf 89' lang='lat' dir='ltr'>domus</span> <span class='ocrx_word' id='word_1_69' title='bbox 719 1357 996 1433; x_wconf 85' lang='lat' dir='ltr'>Augusti,</span> <span class='ocrx_word' id='word_1_70' title='bbox 1030 1357 1273 1440; x_wconf 77' lang='lat' dir='ltr'>Capitoli</span> <span class='ocrx_word' id='word_1_71' title='bbox 1300 1382 1451 1419; x_wconf 87' lang='lat' dir='ltr'>more</span> <span class='ocrx_word' id='word_1_72' title='bbox 1481 1358 1740 1434; x_wconf 86' lang='lat' dir='ltr'>colenda,</span> 
     </span>
    </p>
   </div>
   <div class='ocr_carea' id='block_1_7' title="bbox 1964 1380 2040 1420">
    <p class='ocr_par' dir='ltr' id='par_1_9' title="bbox 1964 1380 2040 1420">
     <span class='ocr_line' id='line_1_13' title="bbox 1964 1380 2040 1420; baseline -0.013 0"><span class='ocrx_word' id='word_1_73' title='bbox 1964 1380 2040 1420; x_wconf 77' lang='lat'>135</span> 
     </span>
    </p>
   </div>
   <div class='ocr_carea' id='block_1_8' title="bbox 261 1449 1696 1731">
    <p class='ocr_par' dir='ltr' id='par_1_10' title="bbox 261 1449 1696 1731">
     <span class='ocr_line' id='line_1_14' title="bbox 342 1449 1696 1537; baseline 0.006 -30"><span class='ocrx_word' id='word_1_74' title='bbox 342 1449 517 1520; x_wconf 77' lang='lat' dir='ltr'>Laeta,</span> <span class='ocrx_word' id='word_1_75' title='bbox 543 1450 697 1532; x_wconf 84' lang='lat' dir='ltr'>quod</span> <span class='ocrx_word' id='word_1_76' title='bbox 725 1465 836 1523; x_wconf 85' lang='lat' dir='ltr'><strong>est,</strong></span> <span class='ocrx_word' id='word_1_77' title='bbox 869 1467 922 1511; x_wconf 85' lang='lat' dir='ltr'>et</span> <span class='ocrx_word' id='word_1_78' title='bbox 953 1452 1055 1524; x_wconf 85' lang='lat' dir='ltr'><strong>sit,</strong></span> <span class='ocrx_word' id='word_1_79' title='bbox 1087 1451 1356 1535; x_wconf 86' lang='lat' dir='ltr'>plenaque</span> <span class='ocrx_word' id='word_1_80' title='bbox 1386 1454 1534 1537; x_wconf 85' lang='lat' dir='ltr'>pacis</span> <span class='ocrx_word' id='word_1_81' title='bbox 1561 1455 1696 1528; x_wconf 84' lang='lat' dir='ltr'>erit3</span> 
     </span>
     <span class='ocr_line' id='line_1_15' title="bbox 261 1546 1485 1634; baseline 0.006 -29"><span class='ocrx_word' id='word_1_82' title='bbox 261 1546 404 1606; x_wconf 91' lang='lat' dir='ltr'>Tum</span> <span class='ocrx_word' id='word_1_83' title='bbox 434 1547 537 1606; x_wconf 79' lang='lat' dir='ltr'>tibi</span> <span class='ocrx_word' id='word_1_84' title='bbox 569 1549 642 1608; x_wconf 75' lang='lat' dir='ltr'>Di</span> <span class='ocrx_word' id='word_1_85' title='bbox 669 1548 871 1609; x_wconf 83' lang='lat' dir='ltr'>faciant</span> <span class='ocrx_word' id='word_1_86' title='bbox 898 1549 1136 1610; x_wconf 86' lang='lat' dir='ltr'>adeundi</span> <span class='ocrx_word' id='word_1_87' title='bbox 1168 1552 1327 1634; x_wconf 90' lang='lat' dir='ltr'>copia</span> <span class='ocrx_word' id='word_1_88' title='bbox 1351 1551 1447 1612; x_wconf 90' lang='lat' dir='ltr'>fiat</span> <span class='ocrx_word' id='word_1_89' title='bbox 1473 1577 1485 1624; x_wconf 92' lang='lat'><strong>;</strong></span> 
     </span>
     <span class='ocr_line' id='line_1_16' title="bbox 339 1642 1536 1731; baseline 0.006 -30"><span class='ocrx_word' id='word_1_90' title='bbox 339 1643 662 1704; x_wconf 77' lang='lat' dir='ltr'>Profectum</span> <span class='ocrx_word' id='word_1_91' title='bbox 689 1642 897 1728; x_wconf 84' lang='lat' dir='ltr'>aliquid</span> <span class='ocrx_word' id='word_1_92' title='bbox 926 1661 1044 1706; x_wconf 87' lang='lat' dir='ltr'>tum</span> <span class='ocrx_word' id='word_1_93' title='bbox 1075 1661 1168 1708; x_wconf 86' lang='lat' dir='ltr'>tua</span> <span class='ocrx_word' id='word_1_94' title='bbox 1191 1649 1355 1708; x_wconf 86' lang='lat' dir='ltr'>verba</span> <span class='ocrx_word' id='word_1_95' title='bbox 1385 1663 1536 1731; x_wconf 88' lang='lat' dir='ltr'>puta.</span> 
     </span>
    </p>
   </div>
   <div class='ocr_carea' id='block_1_9' title="bbox 256 1800 1119 3558">
    <p class='ocr_par' dir='ltr' id='par_1_11' title="bbox 260 1800 1108 1923">
     <span class='ocr_line' id='line_1_17' title="bbox 320 1800 1108 1858; baseline 0.005 -16"><span class='ocrx_word' id='word_1_96' title='bbox 320 1800 409 1843; x_wconf 80' lang='lat'>126.</span> <span class='ocrx_word' id='word_1_97' title='bbox 432 1801 493 1843; x_wconf 84' lang='lat' dir='ltr'>Et</span> <span class='ocrx_word' id='word_1_98' title='bbox 517 1805 615 1844; x_wconf 82' lang='lat' dir='ltr'>tulit</span> <span class='ocrx_word' id='word_1_99' title='bbox 624 1805 754 1858; x_wconf 86' lang='lat' dir='ltr'><em>falsa</em></span> <span class='ocrx_word' id='word_1_100' title='bbox 777 1807 954 1847; x_wconf 76' lang='lat' dir='ltr'>crimina</span> <span class='ocrx_word' id='word_1_101' title='bbox 976 1821 1108 1848; x_wconf 80' lang='lat' dir='ltr'><em>caecoe.</em></span> 
     </span>
     <span class='ocr_line' id='line_1_18' title="bbox 260 1865 869 1923; baseline 0.005 -16"><span class='ocrx_word' id='word_1_102' title='bbox 260 1865 386 1909; x_wconf 88' lang='lat' dir='ltr'>Falso</span> <span class='ocrx_word' id='word_1_103' title='bbox 406 1882 515 1909; x_wconf 83' lang='lat' dir='ltr'>caeca</span> <span class='ocrx_word' id='word_1_104' title='bbox 537 1866 747 1923; x_wconf 81' lang='lat' dir='ltr'>adpellata</span> <span class='ocrx_word' id='word_1_105' title='bbox 771 1868 869 1912; x_wconf 80' lang='lat' dir='ltr'>fuit.</span> 
     </span>
    </p>

    <p class='ocr_par' dir='ltr' id='par_1_12' title="bbox 260 1931 1113 2057">
     <span class='ocr_line' id='line_1_19' title="bbox 320 1931 1113 1988; baseline 0.005 -16"><span class='ocrx_word' id='word_1_106' title='bbox 320 1947 336 1972; x_wconf 89' lang='lat'>1</span> <span class='ocrx_word' id='word_1_107' title='bbox 345 1933 408 1974; x_wconf 81' lang='lat'>28.</span> <span class='ocrx_word' id='word_1_108' title='bbox 425 1931 603 1974; x_wconf 76' lang='lat' dir='ltr'>Clarius.</span> <span class='ocrx_word' id='word_1_109' title='bbox 612 1931 810 1975; x_wconf 87' lang='lat' dir='ltr'>Nobilius</span> <span class='ocrx_word' id='word_1_110' title='bbox 824 1933 912 1988; x_wconf 82' lang='lat' dir='ltr'>ipsa</span> <span class='ocrx_word' id='word_1_111' title='bbox 924 1932 1113 1976; x_wconf 78' lang='lat' dir='ltr'>Livia.—</span> 
     </span>
     <span class='ocr_line' id='line_1_20' title="bbox 260 1997 1083 2057; baseline 0.006 -19"><span class='ocrx_word' id='word_1_112' title='bbox 260 1998 450 2051; x_wconf 71' lang='lat' dir='ltr'>Excepta</span> <span class='ocrx_word' id='word_1_113' title='bbox 467 1997 640 2041; x_wconf 83' lang='lat' dir='ltr'>Caesare.</span> <span class='ocrx_word' id='word_1_114' title='bbox 662 1998 854 2056; x_wconf 84' lang='lat' dir='ltr'><strong>Excepto</strong></span> <span class='ocrx_word' id='word_1_115' title='bbox 870 2001 1083 2057; x_wconf 86' lang='lat' dir='ltr'>Augusto.</span> 
     </span>
    </p>

    <p class='ocr_par' dir='ltr' id='par_1_13' title="bbox 256 2065 1113 2315">
     <span class='ocr_line' id='line_1_21' title="bbox 321 2065 1113 2121; baseline 0.008 -17"><span class='ocrx_word' id='word_1_116' title='bbox 321 2080 411 2121; x_wconf 84' lang='lat'><strong>129.</strong></span> <span class='ocrx_word' id='word_1_117' title='bbox 445 2065 668 2118; x_wconf 82' lang='lat' dir='ltr'>Captalam</span> <span class='ocrx_word' id='word_1_118' title='bbox 689 2081 798 2120; x_wconf 80' lang='lat' dir='ltr'><em>soepe</em></span> <span class='ocrx_word' id='word_1_119' title='bbox 821 2071 998 2121; x_wconf 71' lang='lat' dir='ltr'><em>roganti.</em></span> <span class='ocrx_word' id='word_1_120' title='bbox 1018 2070 1113 2110; x_wconf 76' lang='lat' dir='ltr'>Ro-</span> 
     </span>
     <span class='ocr_line' id='line_1_22' title="bbox 256 2128 1110 2187; baseline 0.008 -19"><span class='ocrx_word' id='word_1_121' title='bbox 256 2128 616 2182; x_wconf 76' lang='lat' dir='ltr'>gandimeliores.</span> <span class='ocrx_word' id='word_1_122' title='bbox 634 2130 978 2186; x_wconf 79' lang='lat' dir='ltr'>H.—Caplatum</span> <span class='ocrx_word' id='word_1_123' title='bbox 991 2148 1110 2187; x_wconf 83' lang='lat' dir='ltr'><em>soepe.</em></span> 
     </span>
     <span class='ocr_line' id='line_1_23' title="bbox 264 2193 1111 2252; baseline 0.006 -18"><span class='ocrx_word' id='word_1_124' title='bbox 264 2193 361 2235; x_wconf 86' lang='lat' dir='ltr'>Hac</span> <span class='ocrx_word' id='word_1_125' title='bbox 385 2193 431 2235; x_wconf 86' lang='lat' dir='ltr'>in</span> <span class='ocrx_word' id='word_1_126' title='bbox 453 2210 500 2236; x_wconf 84' lang='lat' dir='ltr'>re</span> <span class='ocrx_word' id='word_1_127' title='bbox 520 2194 674 2250; x_wconf 85' lang='lat' dir='ltr'>saepius</span> <span class='ocrx_word' id='word_1_128' title='bbox 692 2210 717 2237; x_wconf 86' lang='lat' dir='ltr'>a</span> <span class='ocrx_word' id='word_1_129' title='bbox 736 2203 778 2237; x_wconf 80' lang='lat' dir='ltr'>te</span> <span class='ocrx_word' id='word_1_130' title='bbox 798 2204 1017 2252; x_wconf 83' lang='lat' dir='ltr'>captatum</span> <span class='ocrx_word' id='word_1_131' title='bbox 1031 2227 1043 2251; x_wconf 91' lang='lat'>,</span> <span class='ocrx_word' id='word_1_132' title='bbox 1067 2205 1111 2239; x_wconf 89' lang='lat' dir='ltr'>et</span> 
     </span>
     <span class='ocr_line' id='line_1_24' title="bbox 265 2259 639 2315; baseline 0.003 -13"><span class='ocrx_word' id='word_1_133' title='bbox 265 2259 384 2315; x_wconf 83' lang='lat' dir='ltr'>quasi</span> <span class='ocrx_word' id='word_1_134' title='bbox 406 2268 639 2303; x_wconf 79' lang='lat' dir='ltr'>tentatum.</span> 
     </span>
    </p>

    <p class='ocr_par' dir='ltr' id='par_1_14' title="bbox 262 2325 1118 3296">
     <span class='ocr_line' id='line_1_25' title="bbox 323 2325 1114 2370; baseline 0.003 -3"><span class='ocrx_word' id='word_1_135' title='bbox 323 2325 412 2368; x_wconf 83' lang='lat'><strong>130.</strong></span> <span class='ocrx_word' id='word_1_136' title='bbox 444 2327 588 2370; x_wconf 78' lang='lat' dir='ltr'><em>Exeat</em></span> <span class='ocrx_word' id='word_1_137' title='bbox 613 2328 790 2370; x_wconf 68' lang='lat' dir='ltr'><em>adversa</em></span> <span class='ocrx_word' id='word_1_138' title='bbox 815 2343 866 2370; x_wconf 84' lang='lat' dir='ltr'>ne</span> <span class='ocrx_word' id='word_1_139' title='bbox 890 2334 965 2369; x_wconf 86' lang='lat' dir='ltr'>tua</span> <span class='ocrx_word' id='word_1_140' title='bbox 989 2331 1114 2369; x_wconf 69' lang='grc' dir='ltr'><em>πανὺ·</em></span> 
     </span>
     <span class='ocr_line' id='line_1_26' title="bbox 263 2392 1111 2450; baseline 0.004 -17"><span class='ocrx_word' id='word_1_141' title='bbox 263 2408 385 2448; x_wconf 83' lang='lat' dir='ltr'>aqua.</span> <span class='ocrx_word' id='word_1_142' title='bbox 406 2392 552 2435; x_wconf 89' lang='lat' dir='ltr'>Immo</span> <span class='ocrx_word' id='word_1_143' title='bbox 569 2425 580 2447; x_wconf 91' lang='lat'>,</span> <span class='ocrx_word' id='word_1_144' title='bbox 616 2402 665 2435; x_wconf 87' lang='lat' dir='ltr'>ut</span> <span class='ocrx_word' id='word_1_145' title='bbox 693 2401 840 2445; x_wconf 83' lang='lat' dir='ltr'>exeat;</span> <span class='ocrx_word' id='word_1_146' title='bbox 864 2393 1111 2450; x_wconf 89' lang='lat' dir='ltr'>quomodo,</span> 
     </span>
     <span class='ocr_line' id='line_1_27' title="bbox 263 2456 1114 2516; baseline 0.005 -17"><span class='ocrx_word' id='word_1_147' title='bbox 263 2456 337 2500; x_wconf 87' lang='lat' dir='ltr'>lib.</span> <span class='ocrx_word' id='word_1_148' title='bbox 354 2458 437 2512; x_wconf 89' lang='lat' dir='ltr'>IV,</span> <span class='ocrx_word' id='word_1_149' title='bbox 460 2457 581 2514; x_wconf 83' lang='lat' dir='ltr'>Eleg.</span> <span class='ocrx_word' id='word_1_150' title='bbox 604 2472 653 2501; x_wconf 87' lang='lat' dir='ltr'>1x</span> <span class='ocrx_word' id='word_1_151' title='bbox 668 2491 679 2513; x_wconf 95' lang='lat'>,</span> <span class='ocrx_word' id='word_1_152' title='bbox 706 2458 781 2514; x_wconf 83' lang='lat'>73:</span> <span class='ocrx_word' id='word_1_153' title='bbox 802 2477 823 2496; x_wconf 89' lang='lat'><strong><em>«</em></strong></span> <span class='ocrx_word' id='word_1_154' title='bbox 846 2459 1004 2516; x_wconf 86' lang='lat' dir='ltr'>jactate</span> <span class='ocrx_word' id='word_1_155' title='bbox 1027 2475 1114 2502; x_wconf 81' lang='lat' dir='ltr'>ru-</span> 
     </span>
     <span class='ocr_line' id='line_1_28' title="bbox 265 2521 1116 2580; baseline 0.004 -16"><span class='ocrx_word' id='word_1_156' title='bbox 265 2521 442 2576; x_wconf 80' lang='lat' dir='ltr'><strong>dentes,</strong></span> <span class='ocrx_word' id='word_1_157' title='bbox 463 2522 600 2566; x_wconf 79' lang='lat' dir='ltr'>Exeat</span> <span class='ocrx_word' id='word_1_158' title='bbox 621 2540 643 2566; x_wconf 89' lang='lat' dir='ltr'><strong>e</strong></span> <span class='ocrx_word' id='word_1_159' title='bbox 661 2523 821 2580; x_wconf 80' lang='lat' dir='ltr'>Stygiis</span> <span class='ocrx_word' id='word_1_160' title='bbox 842 2533 890 2567; x_wconf 88' lang='lat' dir='ltr'>ut</span> <span class='ocrx_word' id='word_1_161' title='bbox 911 2540 1010 2567; x_wconf 89' lang='lat' dir='ltr'>mea</span> <span class='ocrx_word' id='word_1_162' title='bbox 1034 2540 1116 2567; x_wconf 87' lang='lat' dir='ltr'>na-</span> 
     </span>
     <span class='ocr_line' id='line_1_29' title="bbox 265 2587 1114 2644; baseline 0.005 -16"><span class='ocrx_word' id='word_1_163' title='bbox 265 2587 327 2630; x_wconf 88' lang='lat' dir='ltr'>vis</span> <span class='ocrx_word' id='word_1_164' title='bbox 340 2587 473 2644; x_wconf 87' lang='lat' dir='ltr'>aquis.</span> <span class='ocrx_word' id='word_1_165' title='bbox 489 2606 510 2625; x_wconf 87' lang='lat'>»</span> <span class='ocrx_word' id='word_1_166' title='bbox 524 2591 680 2632; x_wconf 76' lang='lat' dir='ltr'><em>Exstet</em></span> <span class='ocrx_word' id='word_1_167' title='bbox 690 2593 735 2630; x_wconf 80' lang='lat' dir='ltr'>in</span> <span class='ocrx_word' id='word_1_168' title='bbox 747 2592 926 2632; x_wconf 74' lang='lat' dir='ltr'>adversa</span> <span class='ocrx_word' id='word_1_169' title='bbox 938 2589 1114 2633; x_wconf 86' lang='lat' dir='ltr'>Thuan.</span> 
     </span>
     <span class='ocr_line' id='line_1_30' title="bbox 265 2652 1116 2706; baseline 0.004 -11"><span class='ocrx_word' id='word_1_170' title='bbox 265 2652 288 2694; x_wconf 77' lang='lat' dir='ltr'>f</span> <span class='ocrx_word' id='word_1_171' title='bbox 287 2661 382 2696; x_wconf 85' lang='lat' dir='ltr'><strong>orte</strong></span> <span class='ocrx_word' id='word_1_172' title='bbox 397 2655 576 2706; x_wconf 82' lang='lat' dir='ltr'><em>Perstet;</em></span> <span class='ocrx_word' id='word_1_173' title='bbox 584 2653 794 2697; x_wconf 85' lang='lat' dir='ltr'>Arondel.</span> <span class='ocrx_word' id='word_1_174' title='bbox 807 2655 969 2697; x_wconf 72' lang='lat' dir='ltr'>Exstat</span> <span class='ocrx_word' id='word_1_175' title='bbox 978 2660 1023 2697; x_wconf 83' lang='lat' dir='ltr'>in</span> <span class='ocrx_word' id='word_1_176' title='bbox 1034 2658 1116 2698; x_wconf 84' lang='lat' dir='ltr'>ad-</span> 
     </span>
     <span class='ocr_line' id='line_1_31' title="bbox 262 2718 1109 2773; baseline 0.005 -13"><span class='ocrx_word' id='word_1_177' title='bbox 262 2734 384 2760; x_wconf 70' lang='lat' dir='ltr'>versa</span> <span class='ocrx_word' id='word_1_178' title='bbox 403 2734 456 2761; x_wconf 81' lang='lat' dir='ltr'>ne</span> <span class='ocrx_word' id='word_1_179' title='bbox 473 2722 578 2771; x_wconf 77' lang='lat' dir='ltr'>tibz·‚·</span> <span class='ocrx_word' id='word_1_180' title='bbox 603 2735 716 2762; x_wconf 89' lang='lat' dir='ltr'>unus</span> <span class='ocrx_word' id='word_1_181' title='bbox 736 2718 940 2764; x_wconf 83' lang='lat' dir='ltr'>Vatican.</span> <span class='ocrx_word' id='word_1_182' title='bbox 957 2722 1109 2773; x_wconf 84' lang='lat' dir='ltr'><em>Ereat,</em></span> 
     </span>
     <span class='ocr_line' id='line_1_32' title="bbox 264 2781 1116 2839; baseline 0.001 -14"><span class='ocrx_word' id='word_1_183' title='bbox 264 2781 349 2826; x_wconf 87' lang='lat' dir='ltr'>hoc</span> <span class='ocrx_word' id='word_1_184' title='bbox 370 2791 458 2836; x_wconf 84' lang='lat' dir='ltr'><strong>est,</strong></span> <span class='ocrx_word' id='word_1_185' title='bbox 482 2784 677 2832; x_wconf 81' lang='lat' dir='ltr'>Haereat,</span> <span class='ocrx_word' id='word_1_186' title='bbox 715 2783 833 2839; x_wconf 89' lang='lat' dir='ltr'>quod</span> <span class='ocrx_word' id='word_1_187' title='bbox 859 2800 1009 2828; x_wconf 84' lang='lat' dir='ltr'>sensus</span> <span class='ocrx_word' id='word_1_188' title='bbox 1034 2801 1116 2826; x_wconf 84' lang='lat' dir='ltr'>re-</span> 
     </span>
     <span class='ocr_line' id='line_1_33' title="bbox 267 2847 1116 2906; baseline 0.004 -16"><span class='ocrx_word' id='word_1_189' title='bbox 267 2847 413 2904; x_wconf 83' lang='lat' dir='ltr'>quirit.</span> <span class='ocrx_word' id='word_1_190' title='bbox 431 2849 492 2893; x_wconf 91' lang='lat' dir='ltr'>H.</span> <span class='ocrx_word' id='word_1_191' title='bbox 512 2873 565 2881; x_wconf 90' lang='lat'><em>-</em></span> <span class='ocrx_word' id='word_1_192' title='bbox 578 2849 750 2892; x_wconf 86' lang='lat' dir='ltr'>Verum</span> <span class='ocrx_word' id='word_1_193' title='bbox 771 2850 877 2895; x_wconf 82' lang='lat' dir='ltr'>mihi</span> <span class='ocrx_word' id='word_1_194' title='bbox 900 2866 980 2906; x_wconf 86' lang='lat' dir='ltr'>pro</span> <span class='ocrx_word' id='word_1_195' title='bbox 995 2860 1116 2894; x_wconf 82' lang='lat' dir='ltr'><strong>certo</strong></span> 
     </span>
     <span class='ocr_line' id='line_1_34' title="bbox 266 2915 1118 2972; baseline 0.004 -15"><span class='ocrx_word' id='word_1_196' title='bbox 266 2923 333 2958; x_wconf 84' lang='lat' dir='ltr'>est</span> <span class='ocrx_word' id='word_1_197' title='bbox 349 2947 361 2969; x_wconf 89' lang='lat'>,</span> <span class='ocrx_word' id='word_1_198' title='bbox 394 2915 521 2959; x_wconf 62' lang='lat' dir='ltr'><em>exeat</em></span> <span class='ocrx_word' id='word_1_199' title='bbox 536 2916 822 2959; x_wconf 84' lang='lat' dir='ltr'>retinendum</span> <span class='ocrx_word' id='word_1_200' title='bbox 839 2950 851 2972; x_wconf 88' lang='lat'>,</span> <span class='ocrx_word' id='word_1_201' title='bbox 875 2926 918 2960; x_wconf 84' lang='lat' dir='ltr'>et</span> <span class='ocrx_word' id='word_1_202' title='bbox 940 2920 1118 2960; x_wconf 71' lang='lat' dir='ltr'>adversa</span> 
     </span>
     <span class='ocr_line' id='line_1_35' title="bbox 266 2980 1117 3039; baseline 0.004 -17"><span class='ocrx_word' id='word_1_203' title='bbox 266 2996 381 3036; x_wconf 83' lang='lat' dir='ltr'>aqua</span> <span class='ocrx_word' id='word_1_204' title='bbox 393 2980 775 3038; x_wconf 84' lang='lat' dir='ltr'>interpretandum</span> <span class='ocrx_word' id='word_1_205' title='bbox 787 3015 799 3036; x_wconf 85' lang='lat'>,</span> <span class='ocrx_word' id='word_1_206' title='bbox 815 2983 992 3039; x_wconf 87' lang='lat' dir='ltr'>quando</span> <span class='ocrx_word' id='word_1_207' title='bbox 1006 2999 1117 3039; x_wconf 89' lang='lat' dir='ltr'>aqua</span> 
     </span>
     <span class='ocr_line' id='line_1_36' title="bbox 267 3045 1116 3106; baseline 0.004 -19"><span class='ocrx_word' id='word_1_208' title='bbox 267 3045 402 3089; x_wconf 82' lang='lat' dir='ltr'>fuerit</span> <span class='ocrx_word' id='word_1_209' title='bbox 422 3047 614 3106; x_wconf 56' lang='lat' dir='ltr'>adversa.</span> <span class='ocrx_word' id='word_1_210' title='bbox 636 3049 703 3091; x_wconf 90' lang='lat' dir='ltr'>Ne</span> <span class='ocrx_word' id='word_1_211' title='bbox 726 3057 848 3091; x_wconf 87' lang='lat' dir='ltr'>exeat</span> <span class='ocrx_word' id='word_1_212' title='bbox 866 3081 877 3102; x_wconf 86' lang='lat'>,</span> <span class='ocrx_word' id='word_1_213' title='bbox 900 3048 1043 3104; x_wconf 87' lang='lat' dir='ltr'>inquit</span> <span class='ocrx_word' id='word_1_214' title='bbox 1058 3082 1070 3104; x_wconf 90' lang='lat'>,</span> <span class='ocrx_word' id='word_1_215' title='bbox 1091 3065 1116 3091; x_wconf 83' lang='lat' dir='ltr'><strong>e</strong></span> 
     </span>
     <span class='ocr_line' id='line_1_37' title="bbox 266 3112 1116 3167; baseline 0.002 -13"><span class='ocrx_word' id='word_1_216' title='bbox 266 3121 395 3165; x_wconf 85' lang='lat' dir='ltr'>portu</span> <span class='ocrx_word' id='word_1_217' title='bbox 415 3113 535 3156; x_wconf 74' lang='lat' dir='ltr'>navis</span> <span class='ocrx_word' id='word_1_218' title='bbox 551 3145 563 3163; x_wconf 81' lang='lat'>‚</span> <span class='ocrx_word' id='word_1_219' title='bbox 592 3122 697 3156; x_wconf 84' lang='lat' dir='ltr'>aestu</span> <span class='ocrx_word' id='word_1_220' title='bbox 726 3112 981 3157; x_wconf 83' lang='lat' dir='ltr'>adversante</span> <span class='ocrx_word' id='word_1_221' title='bbox 997 3145 1009 3167; x_wconf 89' lang='lat'>‚</span> <span class='ocrx_word' id='word_1_222' title='bbox 1040 3122 1116 3156; x_wconf 86' lang='lat' dir='ltr'>at-</span> 
     </span>
     <span class='ocr_line' id='line_1_38' title="bbox 269 3177 1118 3230; baseline 0.006 -14"><span class='ocrx_word' id='word_1_223' title='bbox 269 3190 354 3230; x_wconf 85' lang='lat' dir='ltr'>que</span> <span class='ocrx_word' id='word_1_224' title='bbox 374 3177 432 3218; x_wconf 83' lang='lat' dir='ltr'>ita</span> <span class='ocrx_word' id='word_1_225' title='bbox 456 3177 679 3222; x_wconf 84' lang='lat' dir='ltr'>difficilem</span> <span class='ocrx_word' id='word_1_226' title='bbox 707 3195 885 3222; x_wconf 88' lang='lat' dir='ltr'>cursum</span> <span class='ocrx_word' id='word_1_227' title='bbox 904 3179 1016 3223; x_wconf 88' lang='lat' dir='ltr'>male</span> <span class='ocrx_word' id='word_1_228' title='bbox 1037 3194 1118 3221; x_wconf 89' lang='lat' dir='ltr'>au-</span> 
     </span>
     <span class='ocr_line' id='line_1_39' title="bbox 267 3240 474 3296; baseline 0 -14"><span class='ocrx_word' id='word_1_229' title='bbox 267 3240 474 3296; x_wconf 83' lang='lat' dir='ltr'>spicetur.</span> 
     </span>
    </p>

    <p class='ocr_par' dir='ltr' id='par_1_15' title="bbox 267 3305 1119 3558">
     <span class='ocr_line' id='line_1_40' title="bbox 327 3305 1116 3360; baseline 0.006 -14"><span class='ocrx_word' id='word_1_230' title='bbox 327 3305 416 3347; x_wconf 86' lang='lat'>131.</span> <span class='ocrx_word' id='word_1_231' title='bbox 432 3307 528 3348; x_wconf 83' lang='lat' dir='ltr'>Non</span> <span class='ocrx_word' id='word_1_232' title='bbox 543 3324 698 3360; x_wconf 81' lang='lat' dir='ltr'><em>semper</em></span> <span class='ocrx_word' id='word_1_233' title='bbox 709 3326 870 3352; x_wconf 83' lang='lat' dir='ltr'><em>sacras.</em></span> <span class='ocrx_word' id='word_1_234' title='bbox 886 3309 1116 3353; x_wconf 73' lang='lat' dir='ltr'>Distichon</span> 
     </span>
     <span class='ocr_line' id='line_1_41' title="bbox 267 3368 1118 3422; baseline 0.006 -11"><span class='ocrx_word' id='word_1_235' title='bbox 267 3368 410 3413; x_wconf 86' lang='lat' dir='ltr'>dubiae</span> <span class='ocrx_word' id='word_1_236' title='bbox 428 3370 531 3413; x_wconf 86' lang='lat' dir='ltr'>fidei</span> <span class='ocrx_word' id='word_1_237' title='bbox 547 3389 557 3422; x_wconf 87' lang='grc'>;</span> <span class='ocrx_word' id='word_1_238' title='bbox 591 3373 673 3416; x_wconf 81' lang='lat' dir='ltr'>nisi</span> <span class='ocrx_word' id='word_1_239' title='bbox 696 3377 853 3417; x_wconf 77' lang='lat' dir='ltr'>clar-las</span> <span class='ocrx_word' id='word_1_240' title='bbox 869 3381 1004 3418; x_wconf 73' lang='lat' dir='ltr'><em>sortes</em></span> <span class='ocrx_word' id='word_1_241' title='bbox 1022 3374 1118 3417; x_wconf 86' lang='lat' dir='ltr'>for-</span> 
     </span>
     <span class='ocr_line' id='line_1_42' title="bbox 267 3433 1119 3492; baseline 0.007 -16"><span class='ocrx_word' id='word_1_242' title='bbox 267 3433 386 3478; x_wconf 86' lang='lat' dir='ltr'>tassis</span> <span class='ocrx_word' id='word_1_243' title='bbox 405 3435 559 3491; x_wconf 86' lang='lat' dir='ltr'>reponi</span> <span class='ocrx_word' id='word_1_244' title='bbox 574 3437 724 3492; x_wconf 85' lang='lat' dir='ltr'>placet.</span> <span class='ocrx_word' id='word_1_245' title='bbox 741 3437 1011 3483; x_wconf 79' lang='lat' dir='ltr'>H.—-Sacras</span> <span class='ocrx_word' id='word_1_246' title='bbox 1022 3454 1119 3482; x_wconf 78' lang='lat' dir='ltr'><em>sor-</em></span> 
     </span>
     <span class='ocr_line' id='line_1_43' title="bbox 271 3499 1011 3558; baseline 0.005 -16"><span class='ocrx_word' id='word_1_247' title='bbox 271 3507 347 3542; x_wconf 82' lang='lat' dir='ltr'><em>tes.</em></span> <span class='ocrx_word' id='word_1_248' title='bbox 370 3499 502 3545; x_wconf 88' lang='lat' dir='ltr'>Sacra</span> <span class='ocrx_word' id='word_1_249' title='bbox 519 3517 737 3558; x_wconf 88' lang='lat' dir='ltr'>responsa.</span> <span class='ocrx_word' id='word_1_250' title='bbox 1008 3520 1011 3523; x_wconf 91' lang='lat'><em>·</em></span> 
     </span>
    </p>
   </div>
   <div class='ocr_carea' id='block_1_10' title="bbox 1185 1807 2050 3560">
    <p class='ocr_par' dir='ltr' id='par_1_16' title="bbox 1185 1807 2047 2774">
     <span class='ocr_line' id='line_1_44' title="bbox 1251 1807 2042 1864; baseline 0.004 -15"><span class='ocrx_word' id='word_1_251' title='bbox 1251 1807 1340 1850; x_wconf 85' lang='lat'>135.</span> <span class='ocrx_word' id='word_1_252' title='bbox 1371 1809 1505 1861; x_wconf 82' lang='lat' dir='ltr'>Quum</span> <span class='ocrx_word' id='word_1_253' title='bbox 1533 1809 1681 1850; x_wconf 85' lang='lat' dir='ltr'><em>domus</em></span> <span class='ocrx_word' id='word_1_254' title='bbox 1700 1807 1892 1863; x_wconf 77' lang='lat' dir='ltr'><em>Augusti</em></span> <span class='ocrx_word' id='word_1_255' title='bbox 1911 1810 2042 1864; x_wconf 81' lang='lat' dir='ltr'><em>Capi-</em></span> 
     </span>
     <span class='ocr_line' id='line_1_45' title="bbox 1191 1871 2038 1932; baseline 0.004 -20"><span class='ocrx_word' id='word_1_256' title='bbox 1191 1872 1275 1912; x_wconf 78' lang='lat' dir='ltr'>toli</span> <span class='ocrx_word' id='word_1_257' title='bbox 1286 1887 1398 1913; x_wconf 84' lang='lat' dir='ltr'><em>more</em></span> <span class='ocrx_word' id='word_1_258' title='bbox 1413 1873 1600 1914; x_wconf 83' lang='lat' dir='ltr'>colenda.</span> <span class='ocrx_word' id='word_1_259' title='bbox 1615 1871 1681 1914; x_wconf 84' lang='lat' dir='ltr'>Ut</span> <span class='ocrx_word' id='word_1_260' title='bbox 1698 1879 1909 1932; x_wconf 61' lang='grc' dir='ltr'><strong><em>κακοφωνία</em></strong></span> <span class='ocrx_word' id='word_1_261' title='bbox 1929 1872 2038 1915; x_wconf 84' lang='lat' dir='ltr'>vite-</span> 
     </span>
     <span class='ocr_line' id='line_1_46' title="bbox 1192 1936 2040 1994; baseline 0.002 -16"><span class='ocrx_word' id='word_1_262' title='bbox 1192 1943 1266 1978; x_wconf 83' lang='lat' dir='ltr'>tur</span> <span class='ocrx_word' id='word_1_263' title='bbox 1288 1967 1300 1989; x_wconf 91' lang='lat'>,</span> <span class='ocrx_word' id='word_1_264' title='bbox 1325 1936 1476 1978; x_wconf 78' lang='lat' dir='ltr'>malim</span> <span class='ocrx_word' id='word_1_265' title='bbox 1497 1952 1506 1978; x_wconf 92' lang='lat'>:</span> <span class='ocrx_word' id='word_1_266' title='bbox 1529 1954 1551 1973; x_wconf 90' lang='lat'>«</span> <span class='ocrx_word' id='word_1_267' title='bbox 1577 1937 1820 1992; x_wconf 87' lang='lat' dir='ltr'>Quumque</span> <span class='ocrx_word' id='word_1_268' title='bbox 1843 1937 2040 1994; x_wconf 82' lang='lat' dir='ltr'>Augusta</span> 
     </span>
     <span class='ocr_line' id='line_1_47' title="bbox 1193 1999 2039 2057; baseline 0 -16"><span class='ocrx_word' id='word_1_269' title='bbox 1193 2000 1349 2043; x_wconf 88' lang='lat' dir='ltr'>domus</span> <span class='ocrx_word' id='word_1_270' title='bbox 1387 1999 1577 2057; x_wconf 79' lang='lat' dir='ltr'>Capitoli</span> <span class='ocrx_word' id='word_1_271' title='bbox 1616 2017 1742 2044; x_wconf 84' lang='lat' dir='ltr'>more</span> <span class='ocrx_word' id='word_1_272' title='bbox 1778 2002 1947 2045; x_wconf 88' lang='lat' dir='ltr'>colendi</span> <span class='ocrx_word' id='word_1_273' title='bbox 1971 2019 1982 2053; x_wconf 89' lang='lat'>;</span> <span class='ocrx_word' id='word_1_274' title='bbox 2015 2021 2039 2041; x_wconf 82' lang='lat'><strong>»</strong></span> 
     </span>
     <span class='ocr_line' id='line_1_48' title="bbox 1192 2067 2042 2124; baseline 0.004 -16"><span class='ocrx_word' id='word_1_275' title='bbox 1192 2082 1297 2109; x_wconf 91' lang='lat' dir='ltr'>nam</span> <span class='ocrx_word' id='word_1_276' title='bbox 1317 2069 1487 2110; x_wconf 78' lang='lat' dir='ltr'>colendi</span> <span class='ocrx_word' id='word_1_277' title='bbox 1502 2067 1772 2124; x_wconf 79' lang='lat' dir='ltr'>Argentinus</span> <span class='ocrx_word' id='word_1_278' title='bbox 1792 2085 1802 2119; x_wconf 91' lang='lat'><strong>;</strong></span> <span class='ocrx_word' id='word_1_279' title='bbox 1826 2067 1924 2110; x_wconf 77' lang='lat' dir='ltr'>vide</span> <span class='ocrx_word' id='word_1_280' title='bbox 1946 2068 2042 2111; x_wconf 93' lang='lat' dir='ltr'>No-</span> 
     </span>
     <span class='ocr_line' id='line_1_49' title="bbox 1193 2131 2039 2189; baseline 0.001 -14"><span class='ocrx_word' id='word_1_281' title='bbox 1193 2140 1256 2175; x_wconf 78' lang='lat' dir='ltr'>tas</span> <span class='ocrx_word' id='word_1_282' title='bbox 1271 2131 1513 2185; x_wconf 81' lang='lat' dir='ltr'><strong>Trist.111‚</strong></span> <span class='ocrx_word' id='word_1_283' title='bbox 1532 2132 1654 2188; x_wconf 82' lang='lat' dir='ltr'>Eleg.</span> <span class='ocrx_word' id='word_1_284' title='bbox 1671 2146 1786 2186; x_wconf 77' lang='lat' dir='ltr'>VI113</span> <span class='ocrx_word' id='word_1_285' title='bbox 1810 2143 1954 2189; x_wconf 84' lang='lat' dir='ltr'><strong>posset</strong></span> <span class='ocrx_word' id='word_1_286' title='bbox 1970 2142 2039 2187; x_wconf 85' lang='lat' dir='ltr'>et,</span> 
     </span>
     <span class='ocr_line' id='line_1_50' title="bbox 1197 2197 2047 2250; baseline 0.001 -13"><span class='ocrx_word' id='word_1_287' title='bbox 1197 2197 1382 2250; x_wconf 72' lang='lat' dir='ltr'><em>Capitoli</em></span> <span class='ocrx_word' id='word_1_288' title='bbox 1397 2199 1442 2239; x_wconf 84' lang='lat' dir='ltr'>in</span> <span class='ocrx_word' id='word_1_289' title='bbox 1463 2199 1570 2239; x_wconf 84' lang='lat' dir='ltr'>mole</span> <span class='ocrx_word' id='word_1_290' title='bbox 1594 2199 1768 2240; x_wconf 83' lang='lat' dir='ltr'>colendi.</span> <span class='ocrx_word' id='word_1_291' title='bbox 1797 2198 1857 2240; x_wconf 90' lang='lat' dir='ltr'>H.</span> <span class='ocrx_word' id='word_1_292' title='bbox 1879 2221 1934 2229; x_wconf 90' lang='lat'>—-</span> <span class='ocrx_word' id='word_1_293' title='bbox 1958 2200 2047 2241; x_wconf 82' lang='lat' dir='ltr'><em>Ca·—</em></span> 
     </span>
     <span class='ocr_line' id='line_1_51' title="bbox 1185 2261 2045 2318; baseline 0 -15"><span class='ocrx_word' id='word_1_294' title='bbox 1185 2264 1318 2316; x_wconf 78' lang='lat' dir='ltr'>pitoli</span> <span class='ocrx_word' id='word_1_295' title='bbox 1345 2277 1467 2305; x_wconf 78' lang='lat' dir='ltr'><em>more.</em></span> <span class='ocrx_word' id='word_1_296' title='bbox 1507 2261 1575 2304; x_wconf 86' lang='lat' dir='ltr'>Eo</span> <span class='ocrx_word' id='word_1_297' title='bbox 1609 2261 1744 2304; x_wconf 91' lang='lat' dir='ltr'><strong>modo</strong></span> <span class='ocrx_word' id='word_1_298' title='bbox 1777 2278 1864 2318; x_wconf 89' lang='lat' dir='ltr'>quo</span> <span class='ocrx_word' id='word_1_299' title='bbox 1902 2261 2045 2317; x_wconf 87' lang='lat' dir='ltr'>Capi-</span> 
     </span>
     <span class='ocr_line' id='line_1_52' title="bbox 1194 2327 2043 2384; baseline 0 -14"><span class='ocrx_word' id='word_1_300' title='bbox 1194 2327 1348 2370; x_wconf 81' lang='lat' dir='ltr'>tolium</span> <span class='ocrx_word' id='word_1_301' title='bbox 1368 2361 1380 2382; x_wconf 89' lang='lat'>,</span> <span class='ocrx_word' id='word_1_302' title='bbox 1404 2327 1522 2384; x_wconf 88' lang='lat' dir='ltr'>quod</span> <span class='ocrx_word' id='word_1_303' title='bbox 1550 2344 1643 2371; x_wconf 91' lang='lat' dir='ltr'>non</span> <span class='ocrx_word' id='word_1_304' title='bbox 1672 2328 1898 2372; x_wconf 80' lang='lat' dir='ltr'>colebatur</span> <span class='ocrx_word' id='word_1_305' title='bbox 1914 2361 1926 2381; x_wconf 92' lang='lat'>‚</span> <span class='ocrx_word' id='word_1_306' title='bbox 1960 2328 2043 2370; x_wconf 78' lang='lat' dir='ltr'>nisi</span> 
     </span>
     <span class='ocr_line' id='line_1_53' title="bbox 1194 2393 2045 2452; baseline 0 -16"><span class='ocrx_word' id='word_1_307' title='bbox 1194 2410 1332 2450; x_wconf 87' lang='lat' dir='ltr'>quum</span> <span class='ocrx_word' id='word_1_308' title='bbox 1346 2394 1700 2452; x_wconf 78' lang='lat' dir='ltr'>triumphabant,</span> <span class='ocrx_word' id='word_1_309' title='bbox 1726 2395 1858 2438; x_wconf 83' lang='lat' dir='ltr'>autin</span> <span class='ocrx_word' id='word_1_310' title='bbox 1874 2393 2045 2451; x_wconf 84' lang='lat' dir='ltr'>publica</span> 
     </span>
     <span class='ocr_line' id='line_1_54' title="bbox 1195 2459 2047 2517; baseline 0.001 -16"><span class='ocrx_word' id='word_1_311' title='bbox 1195 2459 1336 2516; x_wconf 84' lang='lat' dir='ltr'>aliqua</span> <span class='ocrx_word' id='word_1_312' title='bbox 1349 2459 1496 2503; x_wconf 78' lang='lat' dir='ltr'>laetitia</span> <span class='ocrx_word' id='word_1_313' title='bbox 1509 2476 1520 2503; x_wconf 70' lang='grc' dir='ltr'><strong>ι</strong></span> <span class='ocrx_word' id='word_1_314' title='bbox 1534 2477 1584 2503; x_wconf 84' lang='lat' dir='ltr'>ex</span> <span class='ocrx_word' id='word_1_315' title='bbox 1599 2476 1687 2516; x_wconf 90' lang='lat' dir='ltr'>quo</span> <span class='ocrx_word' id='word_1_316' title='bbox 1701 2459 1898 2517; x_wconf 80' lang='lat' dir='ltr'>designat</span> <span class='ocrx_word' id='word_1_317' title='bbox 1909 2492 1922 2514; x_wconf 86' lang='lat'>,</span> <span class='ocrx_word' id='word_1_318' title='bbox 1936 2467 2047 2502; x_wconf 86' lang='lat' dir='ltr'>tune&#39;</span> 
     </span>
     <span class='ocr_line' id='line_1_55' title="bbox 1196 2524 2044 2581; baseline 0 -14"><span class='ocrx_word' id='word_1_319' title='bbox 1196 2533 1367 2581; x_wconf 87' lang='lat' dir='ltr'>tempus</span> <span class='ocrx_word' id='word_1_320' title='bbox 1395 2525 1493 2567; x_wconf 82' lang='lat' dir='ltr'>fore</span> <span class='ocrx_word' id='word_1_321' title='bbox 1523 2524 1656 2567; x_wconf 82' lang='lat' dir='ltr'>verba</span> <span class='ocrx_word' id='word_1_322' title='bbox 1686 2524 1740 2567; x_wconf 89' lang='lat' dir='ltr'>de</span> <span class='ocrx_word' id='word_1_323' title='bbox 1774 2541 1818 2568; x_wconf 85' lang='lat' dir='ltr'>se</span> <span class='ocrx_word' id='word_1_324' title='bbox 1852 2524 2044 2576; x_wconf 76' lang='lat' dir='ltr'>faciendi</span> 
     </span>
     <span class='ocr_line' id='line_1_56' title="bbox 1195 2588 2042 2646; baseline 0 -15"><span class='ocrx_word' id='word_1_325' title='bbox 1195 2589 1311 2645; x_wconf 86' lang='lat' dir='ltr'>apud</span> <span class='ocrx_word' id='word_1_326' title='bbox 1331 2588 1500 2632; x_wconf 86' lang='lat' dir='ltr'>Liviam</span> <span class='ocrx_word' id='word_1_327' title='bbox 1512 2621 1524 2644; x_wconf 89' lang='lat'>‚</span> <span class='ocrx_word' id='word_1_328' title='bbox 1549 2605 1688 2646; x_wconf 90' lang='lat' dir='ltr'>quum</span> <span class='ocrx_word' id='word_1_329' title='bbox 1700 2589 1858 2633; x_wconf 83' lang='lat' dir='ltr'>viderit</span> <span class='ocrx_word' id='word_1_330' title='bbox 1876 2589 1923 2633; x_wconf 85' lang='lat' dir='ltr'>in</span> <span class='ocrx_word' id='word_1_331' title='bbox 1937 2589 2042 2632; x_wconf 86' lang='lat' dir='ltr'>aedi-</span> 
     </span>
     <span class='ocr_line' id='line_1_57' title="bbox 1194 2652 2039 2710; baseline -0.002 -14"><span class='ocrx_word' id='word_1_332' title='bbox 1194 2653 1275 2696; x_wconf 87' lang='lat' dir='ltr'>bus</span> <span class='ocrx_word' id='word_1_333' title='bbox 1293 2653 1479 2710; x_wconf 83' lang='lat' dir='ltr'><strong>Augusti</strong></span> <span class='ocrx_word' id='word_1_334' title='bbox 1499 2669 1589 2697; x_wconf 85' lang='lat' dir='ltr'>esse</span> <span class='ocrx_word' id='word_1_335' title='bbox 1607 2653 1801 2697; x_wconf 82' lang='lat' dir='ltr'>laetitiam</span> <span class='ocrx_word' id='word_1_336' title='bbox 1822 2652 2009 2708; x_wconf 79' lang='lat' dir='ltr'>aliquam</span> <span class='ocrx_word' id='word_1_337' title='bbox 2026 2685 2039 2704; x_wconf 91' lang='lat'>‚</span> 
     </span>
     <span class='ocr_line' id='line_1_58' title="bbox 1196 2716 1893 2774; baseline -0.003 -14"><span class='ocrx_word' id='word_1_338' title='bbox 1196 2717 1332 2774; x_wconf 89' lang='lat' dir='ltr'>qualis</span> <span class='ocrx_word' id='word_1_339' title='bbox 1352 2734 1444 2761; x_wconf 83' lang='lat' dir='ltr'><strong>esse</strong></span> <span class='ocrx_word' id='word_1_340' title='bbox 1463 2717 1574 2761; x_wconf 84' lang='lat' dir='ltr'>solet</span> <span class='ocrx_word' id='word_1_341' title='bbox 1592 2718 1639 2761; x_wconf 89' lang='lat' dir='ltr'>in</span> <span class='ocrx_word' id='word_1_342' title='bbox 1663 2716 1893 2774; x_wconf 83' lang='lat' dir='ltr'>Capitolio.</span> 
     </span>
    </p>

    <p class='ocr_par' dir='ltr' id='par_1_17' title="bbox 1194 2782 2050 3102">
     <span class='ocr_line' id='line_1_59' title="bbox 1256 2782 2050 2841; baseline -0.005 -15"><span class='ocrx_word' id='word_1_343' title='bbox 1256 2783 1344 2841; x_wconf 86' lang='lat'>137.</span> <span class='ocrx_word' id='word_1_344' title='bbox 1374 2785 1476 2826; x_wconf 85' lang='lat' dir='ltr'>Tum</span> <span class='ocrx_word' id='word_1_345' title='bbox 1497 2786 1582 2826; x_wconf 81' lang='lat' dir='ltr'><em>tibi</em></span> <span class='ocrx_word' id='word_1_346' title='bbox 1594 2782 1844 2836; x_wconf 77' lang='lat' dir='ltr'>Difaciant</span> <span class='ocrx_word' id='word_1_347' title='bbox 1861 2782 2050 2824; x_wconf 70' lang='lat' dir='ltr'>adeundi</span> 
     </span>
     <span class='ocr_line' id='line_1_60' title="bbox 1195 2847 2044 2908; baseline -0.005 -14"><span class='ocrx_word' id='word_1_348' title='bbox 1195 2854 1318 2906; x_wconf 80' lang='lat' dir='ltr'><em>copia</em></span> <span class='ocrx_word' id='word_1_349' title='bbox 1320 2852 1420 2908; x_wconf 83' lang='lat' dir='ltr'>fiat.</span> <span class='ocrx_word' id='word_1_350' title='bbox 1443 2850 1677 2894; x_wconf 79' lang='lat' dir='ltr'>Etiamhic</span> <span class='ocrx_word' id='word_1_351' title='bbox 1689 2865 1838 2892; x_wconf 80' lang='lat' dir='ltr'>versus</span> <span class='ocrx_word' id='word_1_352' title='bbox 1852 2847 2044 2891; x_wconf 89' lang='lat' dir='ltr'><strong>mendo-</strong></span> 
     </span>
     <span class='ocr_line' id='line_1_61' title="bbox 1194 2915 2043 2969; baseline -0.002 -11"><span class='ocrx_word' id='word_1_353' title='bbox 1194 2931 1266 2958; x_wconf 87' lang='lat' dir='ltr'>sus</span> <span class='ocrx_word' id='word_1_354' title='bbox 1283 2924 1348 2958; x_wconf 83' lang='lat' dir='ltr'>est</span> <span class='ocrx_word' id='word_1_355' title='bbox 1365 2931 1375 2958; x_wconf 91' lang='lat'>:</span> <span class='ocrx_word' id='word_1_356' title='bbox 1397 2915 1568 2959; x_wconf 80' lang='lat' dir='ltr'>Sarrav.</span> <span class='ocrx_word' id='word_1_357' title='bbox 1594 2916 1698 2957; x_wconf 83' lang='lat' dir='ltr'>Tum</span> <span class='ocrx_word' id='word_1_358' title='bbox 1718 2917 1797 2957; x_wconf 80' lang='lat' dir='ltr'><em>tibi</em></span> <span class='ocrx_word' id='word_1_359' title='bbox 1818 2916 2043 2969; x_wconf 71' lang='lat' dir='ltr'>defict&#39;ant5</span> 
     </span>
     <span class='ocr_line' id='line_1_62' title="bbox 1196 2979 2049 3037; baseline 0 -15"><span class='ocrx_word' id='word_1_360' title='bbox 1196 2980 1388 3037; x_wconf 86' lang='lat' dir='ltr'>quinque</span> <span class='ocrx_word' id='word_1_361' title='bbox 1408 2979 1479 3023; x_wconf 84' lang='lat' dir='ltr'>alii</span> <span class='ocrx_word' id='word_1_362' title='bbox 1495 2980 1782 3035; x_wconf 65' lang='lat' dir='ltr'>Difaveant,·</span> <span class='ocrx_word' id='word_1_363' title='bbox 1809 2980 2049 3035; x_wconf 74' lang='lat' dir='ltr'>Dl&#39;facen‘t</span> 
     </span>
     <span class='ocr_line' id='line_1_63' title="bbox 1195 3045 2043 3102; baseline -0.002 -14"><span class='ocrx_word' id='word_1_364' title='bbox 1195 3046 1379 3102; x_wconf 85' lang='lat' dir='ltr'><strong>Argent.</strong></span> <span class='ocrx_word' id='word_1_365' title='bbox 1391 3045 1497 3089; x_wconf 82' lang='lat' dir='ltr'>alius</span> <span class='ocrx_word' id='word_1_366' title='bbox 1511 3050 1552 3090; x_wconf 70' lang='grc' dir='ltr'>τὸ</span> <span class='ocrx_word' id='word_1_367' title='bbox 1570 3047 1638 3088; x_wconf 74' lang='lat' dir='ltr'>Di</span> <span class='ocrx_word' id='word_1_368' title='bbox 1654 3061 1745 3089; x_wconf 87' lang='lat' dir='ltr'>non</span> <span class='ocrx_word' id='word_1_369' title='bbox 1765 3045 1969 3102; x_wconf 82' lang='lat' dir='ltr'>agnoscit.</span> <span class='ocrx_word' id='word_1_370' title='bbox 1984 3045 2043 3087; x_wconf 90' lang='lat' dir='ltr'>H.</span> 
     </span>
    </p>

    <p class='ocr_par' dir='ltr' id='par_1_18' title="bbox 1194 3111 2045 3560">
     <span class='ocr_line' id='line_1_64' title="bbox 1254 3111 2045 3168; baseline -0.001 -14"><span class='ocrx_word' id='word_1_371' title='bbox 1254 3112 1342 3155; x_wconf 85' lang='lat'>138.</span> <span class='ocrx_word' id='word_1_372' title='bbox 1374 3111 1620 3166; x_wconf 79' lang='lat' dir='ltr'><em>Profectum</em></span> <span class='ocrx_word' id='word_1_373' title='bbox 1642 3115 1808 3168; x_wconf 81' lang='lat' dir='ltr'>aliquid</span> <span class='ocrx_word' id='word_1_374' title='bbox 1817 3129 1939 3168; x_wconf 79' lang='lat' dir='ltr'>quum</span> <span class='ocrx_word' id='word_1_375' title='bbox 1970 3121 2045 3154; x_wconf 82' lang='lat' dir='ltr'>tua</span> 
     </span>
     <span class='ocr_line' id='line_1_65' title="bbox 1194 3177 2045 3232; baseline -0.001 -13"><span class='ocrx_word' id='word_1_376' title='bbox 1194 3180 1320 3219; x_wconf 78' lang='lat' dir='ltr'><em>verba</em></span> <span class='ocrx_word' id='word_1_377' title='bbox 1332 3185 1467 3232; x_wconf 81' lang='lat' dir='ltr'>putes.</span> <span class='ocrx_word' id='word_1_378' title='bbox 1499 3179 1604 3220; x_wconf 83' lang='lat' dir='ltr'>Tum</span> <span class='ocrx_word' id='word_1_379' title='bbox 1627 3177 1853 3231; x_wconf 84' lang='lat' dir='ltr'>meliores;</span> <span class='ocrx_word' id='word_1_380' title='bbox 1882 3178 2045 3221; x_wconf 84' lang='lat' dir='ltr'>Sarra-</span> 
     </span>
     <span class='ocr_line' id='line_1_66' title="bbox 1194 3242 2044 3299; baseline -0.001 -15"><span class='ocrx_word' id='word_1_381' title='bbox 1194 3242 1349 3285; x_wconf 78' lang='lat' dir='ltr'>vianus</span> <span class='ocrx_word' id='word_1_382' title='bbox 1367 3258 1542 3299; x_wconf 84' lang='lat' dir='ltr'>quoque</span> <span class='ocrx_word' id='word_1_383' title='bbox 1547 3252 1704 3298; x_wconf 82' lang='lat' dir='ltr'>putas,·</span> <span class='ocrx_word' id='word_1_384' title='bbox 1720 3251 1769 3286; x_wconf 86' lang='lat' dir='ltr'>ut</span> <span class='ocrx_word' id='word_1_385' title='bbox 1785 3251 1829 3285; x_wconf 83' lang='lat' dir='ltr'>et</span> <span class='ocrx_word' id='word_1_386' title='bbox 1846 3242 1919 3285; x_wconf 87' lang='lat' dir='ltr'>alii</span> <span class='ocrx_word' id='word_1_387' title='bbox 1937 3257 2044 3284; x_wconf 88' lang='lat' dir='ltr'>non-</span> 
     </span>
     <span class='ocr_line' id='line_1_67' title="bbox 1195 3306 2042 3363; baseline -0.002 -14"><span class='ocrx_word' id='word_1_388' title='bbox 1195 3306 1304 3350; x_wconf 84' lang='lat' dir='ltr'>nulli</span> <span class='ocrx_word' id='word_1_389' title='bbox 1327 3324 1339 3359; x_wconf 89' lang='lat'>;</span> <span class='ocrx_word' id='word_1_390' title='bbox 1369 3316 1455 3350; x_wconf 79' lang='lat' dir='ltr'>tres</span> <span class='ocrx_word' id='word_1_391' title='bbox 1471 3318 1606 3363; x_wconf 85' lang='lat' dir='ltr'>puta,</span> <span class='ocrx_word' id='word_1_392' title='bbox 1637 3309 1751 3351; x_wconf 83' lang='lat' dir='ltr'><strong>bene</strong></span> <span class='ocrx_word' id='word_1_393' title='bbox 1770 3324 1782 3359; x_wconf 86' lang='lat'><strong>;</strong></span> <span class='ocrx_word' id='word_1_394' title='bbox 1804 3307 1887 3350; x_wconf 76' lang='lat' dir='ltr'>nisi</span> <span class='ocrx_word' id='word_1_395' title='bbox 1902 3314 2042 3360; x_wconf 82' lang='lat' dir='ltr'><em>putem</em></span> 
     </span>
     <span class='ocr_line' id='line_1_68' title="bbox 1194 3370 2043 3428; baseline -0.005 -13"><span class='ocrx_word' id='word_1_396' title='bbox 1194 3373 1330 3415; x_wconf 83' lang='lat' dir='ltr'>mavis</span> <span class='ocrx_word' id='word_1_397' title='bbox 1349 3389 1450 3416; x_wconf 87' lang='lat' dir='ltr'>cum</span> <span class='ocrx_word' id='word_1_398' title='bbox 1474 3371 1896 3428; x_wconf 77' lang='lat' dir='ltr'>Rottendorphiano.</span> <span class='ocrx_word' id='word_1_399' title='bbox 1912 3370 1972 3413; x_wconf 91' lang='lat' dir='ltr'>H.</span> <span class='ocrx_word' id='word_1_400' title='bbox 1988 3392 2043 3401; x_wconf 89' lang='lat'>--</span> 
     </span>
     <span class='ocr_line' id='line_1_69' title="bbox 1196 3437 2042 3490; baseline -0.006 -9"><span class='ocrx_word' id='word_1_401' title='bbox 1196 3438 1343 3481; x_wconf 82' lang='lat' dir='ltr'><strong>Nostri</strong></span> <span class='ocrx_word' id='word_1_402' title='bbox 1366 3438 1493 3480; x_wconf 87' lang='lat' dir='ltr'>ambo</span> <span class='ocrx_word' id='word_1_403' title='bbox 1516 3446 1630 3489; x_wconf 86' lang='lat' dir='ltr'>tum‚·</span> <span class='ocrx_word' id='word_1_404' title='bbox 1653 3437 1731 3480; x_wconf 88' lang='lat' dir='ltr'>sed</span> <span class='ocrx_word' id='word_1_405' title='bbox 1753 3452 1867 3479; x_wconf 86' lang='lat' dir='ltr'>unus</span> <span class='ocrx_word' id='word_1_406' title='bbox 1879 3443 2007 3490; x_wconf 81' lang='lat' dir='ltr'>putas</span> <span class='ocrx_word' id='word_1_407' title='bbox 2024 3448 2042 3486; x_wconf 90' lang='lat'>‚·</span> 
     </span>
     <span class='ocr_line' id='line_1_70' title="bbox 1197 3499 2040 3560; baseline -0.002 -15"><span class='ocrx_word' id='word_1_408' title='bbox 1197 3503 1429 3557; x_wconf 79' lang='lat' dir='ltr'>alterpula‚</span> <span class='ocrx_word' id='word_1_409' title='bbox 1449 3502 1567 3560; x_wconf 85' lang='lat' dir='ltr'>quod</span> <span class='ocrx_word' id='word_1_410' title='bbox 1585 3501 1745 3546; x_wconf 83' lang='lat' dir='ltr'>merito</span> <span class='ocrx_word' id='word_1_411' title='bbox 1760 3499 2040 3558; x_wconf 75' lang='lat' dir='ltr'>praetulimus.</span> 
     </span>
    </p>
   </div>
  </div>
 </body>
</html>
