2280 3776
550 337 657 392 EX
697 283 992 390 PONT=O
1026 331 1186 387 LIB.
1231 331 1278 385 1.
1327 329 1596 387 EPIST.
1642 332 1729 384 11.
1916 329 2020 384 265

354 453 412 514 Si
440 453 571 513 satis
597 452 712 512 haec
740 448 820 509 illi
848 462 980 509 nota
1011 447 1204 507 suisset
1222 494 1237 519 ‚
1263 447 1507 507 humum.
1971 477 2026 519 9⁰

269 549 383 610 Nec
410 572 495 608 me
516 593 530 619 ‚
556 569 654 607 nee
686 567 1013 628 quemquam
1041 545 1348 604 Romanum
1378 543 1577 621 gaudet
1602 541 1671 602 ab
1699 540 1861 601 hoste
1879 586 1894 611 ‚

353 645 555 726 Meque
586 642 798 711 minus,
829 639 992 700 vitam
1020 639 1107 699 cui
1137 639 1286 700 dedit
1312 639 1460 721 ipse,
1489 638 1678 721 premi.

274 736 499 810 Noluit,
529 750 590 796 ut
615 748 861 818 poterat,
891 733 1116 795 minimo
1148 756 1233 794 me
1259 734 1482 817 perdere
1509 747 1665 792 nutu.

354 832 446 892 Nil
477 856 615 915 opus
646 846 728 893 est
751 830 879 892 ullis
908 830 966 890 in
995 854 1107 891 mea
1135 831 1245 892 sata
1276 829 1445 890 Getis.

281 927 386 987 Sed
411 950 614 1010 neque,
646 950 741 987 cur
762 949 1024 998 morerer,
1053 925 1350 1008 quidquam
1374 924 1507 986 mihi
1531 923 1797 1007 comperit
1817 935 2030 990 actum3

355 1027 468 1086 Nec
502 1024 686 1108 minus
711 1022 969 1094 infestuS‚
1005 1047 1166 1106 quam
1193 1022 1331 1094 suit,
1361 1045 1477 1083 esse
1510 1035 1707 1105 potest.
1977 1035 2035 1091 9‘3

275 1124 420 1183 Tum
453 1146 671 1205 quoque
704 1121 784 1182 nil
812 1121 968 1195 fecit,
999 1121 1105 1181 nisi
1137 1120 1287 1203 quod
1313 1120 1487 1180 facere
1514 1120 1632 1203 ipse
1659 1118 1836 1195 coegi,

354 1219 518 1281 Paene.
546 1218 702 1279 etiam
736 1218 929 1279 merito
961 1217 1177 1301 parcior
1204 1217 1281 1277 ira
1309 1240 1446 1277 meo.

274 1315 352 1374 Di
380 1315 581 1375 faciant
606 1315 799 1394 igitur,
838 1337 1071 1397 quorum
1101 1313 1423 1374 mitissimus
1449 1312 1566 1396 ipse
1596 1327 1705 1382 est,

358 1409 514 1472 Alma
537 1410 674 1472 nihil
701 1411 876 1492 majus
905 1412 1115 1471 Caesare
1145 1425 1283 1471 terra
1312 1409 1463 1469 serat.

1964 1433 2039 1462 100

276 1507 463 1590 thue
495 1507 588 1568 diu
620 1507 723 1569 sub
755 1532 818 1568 eo
849 1507 919 1568 sit
946 1506 1168 1590 publica
1195 1506 1403 1567 sarcina
1431 1529 1636 1576 rerum,

277 1665 371 1693 sum
382 1650 534 1694 missus
542 1650 828 1708 septemplicis
837 1649 951 1701 Istri3
964 1657 1119 1707 »atque

276 1716 336 1760 ita
345 1717 512 1773 passim.
528 1715 867 1760 Proeterssumen
884 1716 1060 1769 Istrum,
1074 1715 1120 1758 in

278 1778 359 1823 hoc
392 1788 530 1824 tractu
563 1781 692 1823 etiam
726 1776 849 1843 fex-4:24·
878 1779 1085 1836 oppidum
1107 1796 1118 1831 ;

279 1844 396 1901 quod
413 1846 547 1888 Istrus
564 1844 717 1889 latinis.
730 1845 874 1888 Plinio
890 1847 1118 1899 Istropolis.

279 1908 456 1953 Arriani
474 1909 670 1967 Periplus
689 1915 833 1973 lez-piene
853 1918 975 1953 vocat
995 1926 1005 1961 ς
1032 1925 1119 1966 quo

276 1981 437 2030 spectat
449 1989 658 2017 nummus
673 1983 900 2034 argenteus
919 1973 1030 2030 apud
1047 1988 1118 2015 me

277 2054 380 2082 cum
395 2038 672 2094 inscriptione
696 2047 821 2082 ΙΣΤΡΙ
842 2045 983 2083 ΗΛΩΝ
1008 2053 1017 2079 z
1038 2036 1122 2079 suit

279 2111 426 2147 autem
442 2103 713 2146 Milesiorum
733 2102 916 2157 colonia,
928 2102 1122 2146 utetTo·

278 2166 352 2212 mi.
368 2169 456 2212 Pro
465 2172 670 2212 vti-imileb-
681 2184 781 2211 cum
791 2184 863 2211 sex
874 2200 885 2222 ,
901 2177 1121 2225 septemve

277 2230 436 2275 nostris
444 2233 656 2274 Det‘mitis
666 2231 969 2288 reponendum
982 2249 991 2282 ;
1004 2230 1122 2287 quod

279 2294 522 2351 Naugerius
536 2295 582 2338 in
593 2296 678 2339 suis
693 2312 865 2352 quoque
881 2296 1123 2338 invenerat.

281 2359 433 2403 Deum
443 2359 597 2415 passim
613 2360 859 2416 Augustum
881 2360 1077 2424 adpellat.

337 2441 405 2484 9²·
424 2428 563 2469 Vitam
577 2430 887 2482 cuideditipse‚
912 2428 1126 2482 capi.Pre·

283 2495 344 2534 mi
360 2491 560 2537 Politian.
582 2491 755 2535 Thuan.
775 2501 820 2534 et
839 2491 928 2534 duo
951 2492 1020 2534 alii
1037 2510 1046 2544 ;
1077 2501 1125 2535 ut

285 2557 418 2616 Trist.
442 2557 511 2602 lib.
538 2558 606 2601 III
622 2589 634 2612 ,
659 2557 780 2614 Eleg.
804 2570 852 2599 XI
873 2589 884 2611 ‚
914 2573 1022 2599 vers.
1053 2559 1125 2611 14:

288 2640 311 2661 α
331 2623 540 2677 Teneor,
560 2622 681 2666 hoste
703 2638 853 2666 meum
871 2638 993 2679 paene
1017 2638 1126 2678 pre-—

286 2697 436 2740 mente
455 2689 580 2732 latus.
602 2689 660 2731 H.
681 2707 703 2727 »

339 2757 408 2815 93.
438 2757 498 2799 Ut
511 2764 687 2811 poterat.
714 2756 781 2798 At
798 2762 965 2809 poterat
981 2755 1128 2811 scripti

287 2822 465 2879 quidam
484 2830 529 2866 et
547 2823 675 2879 prim.
690 2821 794 2864 edit.
808 2829 855 2864 ut
861 2822 1050 2876 poteritJ
1054 2837 1127 2864 un.

286 2893 477 2944 atpotnit
486 2888 615 2932 More
621 2890 794 2931 ti.-—Me
797 2891 968 2942 prodere
981 2889 1128 2930 Patav.

341 2952 409 3010 93.
426 2954 539 2995 Ulle’s
554 2955 687 2996 Getis.
709 2952 848 3007 Quasi
869 2951 981 2994 dicat
994 2984 1006 3005 ‚
1026 2952 1128 2994 Non

289 3017 407 3060 misit
417 3033 488 3061 me
500 3019 720 3075 Augustus
729 3019 924 3072 Tomon,
934 3027 984 3060 ut
995 3034 1017 3060 a
1032 3018 1132 3077 Scy·

289 3082 374 3126 this
391 3083 673 3127 interficerer.

343 3164 394 3206 97
400 3179 410 3188 .
423 3149 524 3191 Nisi
521 3148 671 3202 facem
680 3151 794 3204 quod
798 3153 888 3203 tJose
899 3153 1029 3203 coegi.
1039 3150 1077 3192 N
1083 3148 1132 3192 isi

292 3212 410 3270 quod
428 3228 509 3269 ego
528 3212 650 3254 illum
663 3213 853 3269 compuli
869 3246 881 3266 ,
902 3213 1131 3256 scribendo

291 3277 484 3322 carmina
505 3286 550 3319 et
569 3286 780 3333 praecepta
800 3278 1021 3320 amatoria.

347 3361 414 3404 99.
441 3343 691 3386 Mitzlrsimus
718 3348 806 3397 &ose
825 3353 900 3386 est.
922 3345 999 3384 Ille
1018 3343 1132 3387 Ser-

294 3410 351 3452 vii
370 3409 464 3453 cod.
485 3417 528 3451 et
548 3409 721 3465 plurim.
741 3407 842 3452 edit.
865 3431 919 3440 —
943 3410 1131 3462 Quorum.

296 3474 489 3518 Subaudi
508 3506 519 3528 ‚
542 3474 752 3519 Deorum.
770 3475 988 3532 Augustus
1002 3476 1134 3520 nimi-

1201 1666 1299 1694 rum
1318 1649 1465 1694 vivens
1486 1648 1654 1692 divinos
1667 1645 1827 1691 meruit
1839 1645 2040 1689 honores.

1261 1734 1350 1761 101.
1370 1719 1505 1774 thue
1523 1719 1596 1759 diu
1611 1718 1688 1758 sub
1708 1731 1756 1757 eo
1770 1746 1781 1763 ‚
1805 1716 1869 1756 sic
1888 1716 1946 1754 sit
1964 1712 2041 1752 sub

1206 1784 1367 1826 Caesare
1385 1791 1505 1825 term.
1529 1780 1613 1823 Alii
1634 1782 1799 1830 Roma‚·
1826 1776 1900 1820 sed
1920 1790 2038 1818 neu-

1203 1856 1319 1891 trum
1340 1848 1451 1891 bene
1475 1863 1484 1890 :
1504 1856 1619 1890 certe
1649 1853 1758 1889 lerm
1779 1841 2040 1900 precedenti

1197 1928 1323 1958 versu
1334 1914 1420 1969 jam
1433 1909 1913 1965 obcurrebatQuatuor
1923 1922 1933 1950 :
1943 1906 2041 1950 «Ut-

1199 1995 1282 2035 que
1315 1978 1389 2021 diu
1416 1978 1496 2020 sub
1521 1994 1575 2020 eo
1598 1977 1653 2020 sit
1685 1974 1849 2032 publica
1875 1972 2040 2016 sarcina

1199 2041 1353 2086 mundi
1372 2075 1383 2095 ,
1407 2060 1427 2079 »ο
1447 2041 1639 2098 quinque
1656 2073 1667 2094 ‚
1689 2040 1929 2094 se'lpuble'ca
1947 2052 2042 2078 sar-

1198 2113 1297 2152 cina
1309 2116 1424 2150 terre
1437 2122 1451 2159 ,·
1463 2106 1581 2163 quod
1596 2105 1641 2148 in
1659 2103 1899 2148 Erfuriano
1911 2101 2041 2144 etiam

1198 2171 1428 2215 invenerat
1457 2171 1755 2227 Zinzerlingus
1778 2186 1788 2211 ι
1813 2183 1925 2210 unus
1947 2199 1959 2219 ,
1988 2170 2048 2208 sit

1193 2241 1366 2293 publica
1383 2241 1553 2280 sarcina
1569 2251 1696 2289 curae‚·
1721 2233 1883 2276 Mor-eti
1906 2232 2012 2274 liber
2028 2263 2041 2285 ‚

1202 2319 1281 2358 pro
1297 2301 1462 2345 diversa
1482 2301 1684 2353 lectione,
1698 2302 1932 2353 silpublt’ca
1948 2314 2044 2339 sar-

1200 2373 1299 2411 cina
1317 2380 1474 2418 rerum‚·
1503 2365 1787 2408 Sarravianus
1807 2363 2043 2406 admodum

1203 2432 1411 2476 mendose
1446 2433 1580 2487 thue
1597 2433 1670 2472 diu
1697 2432 1774 2472 sub
1802 2444 1872 2477 eo,
1903 2433 1968 2471 sic
1987 2432 2049 2470 si!

1196 2500 1377 2552 publica·
1389 2512 1487 2538 saro
1499 2504 1614 2538 terre
1627 2510 1640 2546 ;
1656 2494 1871 2537 Combian
1879 2510 1926 2536 us
1939 2525 1950 2546 ,
1973 2494 2047 2534 Ist-

1203 2578 1279 2617 que
1295 2564 1367 2603 diu
1379 2563 1454 2603 sub
1467 2566 1557 2611 εἰη
1583 2561 1687 2603 alius
1706 2562 1782 2602 sub
1797 2575 1847 2601 eo
1863 2568 1938 2600 est.
1960 2557 2048 2599 Lo-

1204 2642 1278 2669 cus
1307 2625 1487 2669 mirifice
1522 2624 1717 2668 turbatus
1741 2641 1752 2673 ς
1785 2639 1889 2666 nam
1918 2638 2045 2665 versu

1204 2691 1400 2747 proximo
1415 2706 1495 2747 pro
1504 2706 1577 2733 eas
1592 2688 1767 2746 plurimi
1781 2687 1913 2731 etiam
1926 2695 2049 2731 vete-

1205 2775 1274 2801 res
1287 2767 1397 2800 eant.
1417 2757 1591 2800 Timide
1612 2757 1732 2811 dico,
1753 2756 1851 2799 dico
1870 2765 2015 2798 tamen
2032 2788 2045 2809 ,

1205 2824 1343 2866 videri
1367 2822 1675 2878 reponendum
1702 2838 1711 2863 :
1742 2840 1764 2859 κ
1794 2822 1947 2877 thue
1971 2821 2048 2863 diu

1206 2890 1371 2932 subsint
1405 2889 1505 2932 huic.
1535 2889 1703 2946 publiea
1741 2887 1936 2944 pondera
1966 2904 2046 2929 re-

1206 2969 1307 2998 rum
1323 2987 1335 3008 ,
1354 2973 1375 2991 »
1396 2954 1570 2997 videtur
1589 2953 1708 2996 enim
1732 2969 1813 2995 vox
1832 2969 1944 3007 una,
1976 2961 2049 2997 aut

1208 3021 1341 3062 altera
1362 3019 1575 3063 excidisse.
1606 3019 1742 3062 Paulo
1759 3027 1858 3061 ante
1879 3034 1960 3075 pro
1972 3020 2051 3072 ju-

1207 3089 1419 3127 stelrsimus
1445 3090 1533 3139 tpse
1557 3092 1642 3134 est,
1672 3083 1818 3139 priscae
1837 3083 2051 3126 editiones

1210 3158 1253 3192 et
1274 3148 1419 3204 scripti
1438 3148 1537 3190 satis
1559 3148 1685 3190 multi
1706 3163 1806 3190 cum
1829 3148 2051 3202 Argento-

1209 3214 1369 3257 ratensi
1386 3217 1654 3265 mitissimum
1675 3211 1898 3268 quomodo
1917 3215 2051 3255 Deum

1211 3285 1347 3324 tm‘tem
1358 3279 1484 3336 paulo
1494 3295 1547 3322 an
1554 3288 1594 3322 te
1604 3279 1848 3336 adpellarat.
1861 3279 1974 3322 H.—-
1981 3281 2051 3321 Ist-

1211 3360 1287 3400 que
1299 3347 1370 3386 diu
1383 3352 1462 3387 etc.
1478 3343 1536 3387 Et
1550 3352 1597 3386 ut
1607 3342 1709 3386 olim
1721 3376 1731 3393 ,
1755 3342 1921 3398 inquit,
1936 3352 2051 3385 terra

1211 3410 1295 3453 fuit
1309 3411 1388 3452 sub
1406 3410 1590 3466 imperio
1611 3408 1791 3452 Caesaris
1806 3442 1818 3462 ,
1840 3409 1899 3451 sic
1919 3409 2049 3451 etiam

1213 3478 1258 3520 in
1282 3486 1502 3534 posterum
1522 3493 1693 3532 semper
1715 3476 1904 3530 subjecta
1926 3474 1989 3517 sit.
