2268 3848
457 321 905 380 TRISTIUM
950 322 1112 378 LIB.
1161 321 1247 378 11.
1300 321 1422 379 EL.
1469 323 1767 381 UNICA.
1910 331 1979 386 83

317 443 717 524 Haemonaque‚
748 452 803 499 et
828 452 1019 500 noctes
1047 438 1134 500 cui
1163 438 1336 500 coiere
1366 437 1527 500 duae?

233 537 390 617 Quid
417 558 671 615 generum
702 531 899 594 Peliae?
927 532 1061 616 quid
1089 532 1336 594 Thesea?
1362 531 1562 615 quidve
1587 531 1873 613 Pelasgum
1891 581 1907 609 ‚

315 630 531 692 Iliacam
561 629 740 708 tetigit
769 629 863 712 qui
888 644 1002 690 rate
1031 629 1242 713 primus
1269 629 1540 689 humum?
1577 652 1582 657 ’

238 726 362 786 Huc
388 723 502 786 Iole
519 770 535 797 ‚
567 722 872 808 Pyrrhique
895 746 1120 807 parens;
1150 723 1258 784 huc
1290 722 1544 784 Herculis
1568 746 1735 797 uxor,

238 855 452 915 AEschyli,
468 854 691 913 Sophoclis
703 862 746 898 et
760 853 977 911 Euripidis
988 869 1076 911 pas-

235 920 317 963 sim
333 920 487 964 citatur
501 934 524 962 a
537 918 752 963 veteribus
766 935 777 971 ;
796 917 870 962 sed
885 917 1078 977 AEschyli

237 983 387 1028 titulus
409 983 588 1035 dubius;
613 991 657 1026 et
677 982 893 1027 Danaides
915 982 966 1026 ab
989 982 1078 1026 aliis

238 1058 426 1093 vocatur.
440 1049 602 1092 Bunm.
616 1070 670 1080 -
682 1049 932 1104 Matremque
948 1049 1078 1106 Lyoee'.

237 1113 398 1157 Scribit
411 1111 593 1156 Diodor.
607 1112 637 1155 J
642 1127 832 1155 unonem
847 1111 938 1155 zelo
956 1121 999 1155 et
1017 1113 1080 1155 ira

239 1187 405 1222 motam
427 1210 440 1231 ,
477 1187 617 1222 sumta
647 1177 775 1220 unius
803 1194 853 1220 ex
886 1177 1080 1221 Semeles

238 1242 398 1287 ancillis
415 1241 586 1296 fornia,
609 1241 661 1284 ad
683 1241 973 1285 ulciscendum
1002 1242 1081 1284 in-

239 1307 396 1365 juriam
411 1338 423 1362 ,
444 1305 621 1350 suasisse
638 1305 695 1349 illi
711 1338 723 1360 ,
743 1320 766 1349 a
783 1305 894 1349 Jove
907 1315 1053 1362 petere
1066 1338 1078 1362 ,

235 1380 351 1416 ntea
362 1370 584 1428 maiestate
602 1370 854 1427 honoreque
873 1386 1083 1415 concum-

240 1438 363 1482 beret
378 1469 390 1488 .
405 1437 671 1494 quibuscum
684 1437 715 1480 J
720 1452 864 1480 unone
878 1451 1083 1480 consues-

240 1511 319 1547 set.
353 1500 438 1546 Cui
472 1516 608 1558 quum
631 1501 807 1559 Jupiter
834 1499 1081 1556 adnuisset,

243 1582 344 1611 cum
363 1566 532 1611 tonitru
548 1582 597 1611 ac
609 1565 794 1610 fulmine
811 1564 864 1608 ad
875 1565 1084 1610 Semelen

243 1630 468 1676 descendit
493 1647 504 1676 ε
533 1646 631 1687 quae
662 1630 831 1675 insolita
856 1647 905 1674 re
936 1630 1087 1675 territa

246 1695 462 1752 exspirans
474 1726 486 1749 ,
500 1695 698 1741 abortum
711 1693 815 1739 fecit
831 1710 841 1738 ι
863 1710 994 1751 quem
1007 1695 1041 1738 J
1044 1710 1088 1738 u·

246 1759 359 1817 piter
387 1759 684 1805 absconditum
707 1758 753 1802 in
782 1757 928 1803 femur
953 1774 1090 1816 quum

249 1826 482 1881 tenuisset,
506 1833 654 1882 partus
678 1833 872 1882 tempore
894 1825 1088 1880 editum,

247 1891 295 1935 in
317 1892 481 1951 Nysam
500 1891 672 1935 Arabiae
692 1891 846 1934 urbem
868 1891 963 1935 tulit
985 1907 995 1935 :
1017 1892 1091 1936 ubi

248 1973 274 2001 a
285 1956 502 2017 Nymphis
515 1955 721 2000 educatus
734 1955 876 1999 infans
893 1989 906 2011 ,
927 1972 949 1999 a
969 1965 1091 2013 patre

251 2023 433 2080 locoque
445 2021 679 2079 appellatus
688 2020 923 2080 Dionysius
934 2029 1018 2072 est;
1033 2022 1091 2065 sa-

245 2086 394 2131 bulam
411 2085 543 2131 etiam
563 2085 699 2130 refert
719 2084 850 2130 ovid.
863 2085 931 2130 111
953 2086 1063 2130 Met.

289 2154 382 2208 402.
391 2153 683 2207 Hermumque,
691 2160 735 2194 et
742 2157 882 2193 noctes
893 2166 979 2206 que
990 2153 1093 2193 coie-

247 2234 292 2262 re
308 2219 426 2262 duas.
448 2215 645 2274 Quidam
663 2214 830 2260 codices
847 2216 1094 2259 Alcmenam

249 2291 293 2327 et
302 2291 472 2335 noctes,
497 2297 593 2339 qua
611 2281 736 2326 lectio
751 2297 978 2338 perperam
995 2296 1094 2325 suos

249 2347 557 2406 adprobator-es
584 2346 761 2390 invenit.
785 2346 1022 2389 politianus
1044 2363 1096 2390 ex

253 2409 441 2468 vestigiis
453 2410 616 2466 antiqui
630 2409 785 2453 codicis
797 2441 810 2463 ,
830 2409 877 2451 in
889 2425 975 2465 quo
987 2412 1099 2451 Her-

256 2490 422 2520 monem
435 2508 448 2525 ‚
475 2473 651 2530 refingit
669 2475 942 2516 Harmoniam
958 2487 974 2525 ‚·
1001 2472 1100 2515 fru-

254 2537 758 2596 stra.Vulgatascriptura
770 2537 880 2580 bene
892 2553 937 2579 se
952 2536 1097 2591 habet,

258 2605 382 2661 cujus
411 2601 658 2660 argumenti
690 2607 825 2644 exstat
858 2600 1100 2644 etiamnum

258 2668 449 2726 Sophoc.
459 2666 680 2723 Antigone
693 2682 705 2718 3
720 2665 917 2722 Propert.
932 2666 1001 2719 11,
1014 2678 1099 2720 vn,

260 2734 314 2779 83
327 2750 377 2791 sq
391 2748 403 2776 ι
417 2750 440 2773 «ι
461 2731 591 2789 Quid
598 2746 688 2773 non
707 2730 947 2786 Antigones
956 2739 1104 2774 tumu-

262 2798 306 2842 lo
319 2795 513 2843 Boeotius
528 2797 718 2840 Haemon
729 2793 914 2838 Corruit
927 2796 1013 2852 ipse
1025 2809 1104 2838 suo

263 2864 431 2909 saucius
441 2878 544 2907 ense
554 2861 694 2905 latus?
702 2879 722 2898 »ι
731 2861 888 2904 Noster
903 2861 948 2903 in
965 2861 1103 2915 Ibide,

268 2931 347 2975 563
360 2945 371 2974 ε
382 2947 411 2968 «
420 2930 513 2975 Nec
526 2929 621 2983 tibi,
634 2929 669 2971 si
679 2927 785 2984 quid
799 2943 930 2981 amas,
941 2926 1108 2970 felicius

270 2996 488 3040 tiemone
513 2994 650 3039 cedat.
671 3012 692 3032 »ι
719 2994 934 3037 Praeterea
959 2992 1109 3048 legen-

271 3060 376 3104 dum·
387 3092 399 3115 ,
409 3068 548 3104 noctes
557 3061 875 3103 cuicoiereduae.
888 3057 1110 3100 Alcmena:

271 3133 317 3168 et
334 3124 456 3168 Jovis
468 3139 643 3167 amores
660 3123 827 3178 innuit,
847 3134 1110 3179 quamquam

273 3190 343 3234 alii
371 3198 458 3232 tres
482 3198 632 3232 noctes
650 3188 797 3232 coiisse
816 3186 1083 3231 contendant
1095 3219 1110 3241 ‚

274 3253 393 3298 unde
413 3254 624 3297 Hercules
645 3251 919 3312 Lycophroni
939 3255 1110 3307 τριέσπε-

1914 742 1998 800 405

1158 853 1363 912 quoniam
1384 854 1520 899 frater
1538 863 1629 899 erat
1643 888 1656 910 ,
1676 853 1884 900 humavit.
1904 856 1999 901 De-

1158 919 1371 978 prehensa
1387 952 1400 974 ,
1425 921 1542 976 jussu
1562 918 1767 964 Creontis
1787 922 1898 979 regis
1921 923 2001 980 ju·—

1159 985 1330 1043 gulatur
1357 1001 1409 1028 ex
1435 984 1527 1042 lege
1548 984 1600 1028 ad
1622 984 1840 1028 tumulum
1868 987 2005 1045 Poly-

1158 1047 1277 1092 nicis.
1293 1048 1481 1092 Haemon
1498 1081 1510 1102 ,
1524 1048 1598 1105 qui
1616 1064 1711 1092 eam
1727 1050 2003 1106 impatienter

1159 1113 1364 1167 amabat,
1396 1113 1588 1170 perfosso
1627 1123 1799 1171 pectore
1827 1115 1968 1172 gladio
1988 1150 2002 1172 ,

1162 1179 1323 1222 ibidem
1341 1179 1419 1223 sibi
1440 1189 1628 1222 mortem
1649 1180 1864 1224 conscivit.
1890 1182 2005 1225 Eum

1161 1250 1342 1297 sequuta
1360 1250 1423 1285 est
1447 1251 1587 1286 mater
1611 1242 1827 1301 Eurydice
1849 1244 2010 1289 doloris

1161 1304 1401 1362 impatiens.
1422 1329 1477 1339 —
1501 1306 1595 1363 Ego
1614 1316 1787 1364 poetam
1804 1308 1856 1352 de
1879 1318 2010 1353 utra-

1162 1386 1247 1427 que
1285 1370 1429 1415 fabula
1467 1370 1609 1415 dicere
1651 1372 1832 1418 voluisse
1863 1384 1969 1431 puto
1992 1406 2006 1429 ,

1164 1433 1392 1479 Haemonis
1411 1436 1568 1480 scilicet
1587 1445 1632 1480 et
1649 1437 1880 1481 Alcmenes
1893 1471 1905 1493 ,
1926 1438 2008 1483 nisi

1165 1499 1281 1557 quod
1297 1509 1448 1544 contra
1466 1501 1687 1558 vulgarem
1705 1502 1984 1547 traditionem
1996 1536 2010 1557 ‚

1166 1564 1271 1608 duas
1284 1574 1434 1609 noctes
1447 1581 1526 1622 pro
1540 1565 1675 1610 tribus
1687 1566 1730 1609 in
1748 1583 1880 1610 unam
1894 1569 2018 1612 coiis-

1164 1629 1352 1682 sedicit3
1374 1630 1488 1687 quod
1510 1638 1656 1674 tamen
1676 1640 1718 1674 et
1740 1631 1881 1688 ipsum
1894 1643 2015 1679 certo

1166 1693 1312 1751 aliquo
1325 1703 1498 1739 auctore
1512 1694 1660 1739 fecisse
1673 1695 1858 1740 videtur.
1871 1698 1987 1743 Mic.

1222 1759 1316 1812 403.
1334 1762 1643 1815 Qm'dgenemm
1661 1762 1787 1803 Pelle
1797 1765 1821 1807 ?
1841 1762 1927 1806 Per
1938 1781 2016 1819 ge-

1167 1840 1306 1868 nerum
1320 1827 1467 1874 Pelle.
1491 1825 1730 1869 Admetum
1752 1826 1892 1885 accipe
1906 1860 1918 1882 ,
1941 1829 2018 1886 qni

1173 1887 1376 1933 Alcesten
1387 1920 1401 1942 ,
1417 1888 1548 1932 Pelioe
1563 1888 1695 1932 filiam
1708 1891 1920 1946 majorem
1934 1908 2018 1936 na-

1170 1961 1218 1996 tu
1233 1985 1245 2006 ,
1267 1951 1565 2009 despondente
1590 1953 1751 1998 Jasone
1770 1988 1783 2008 ,
1813 1965 1908 2012 post
1929 1957 2018 2000 Pe-

1170 2018 1272 2062 liam
1311 2018 1483 2062 Medea
1529 2017 1684 2062 fraude
1731 2030 1979 2077 peremtum
2001 2056 2014 2078 ,

1156 2082 1293 2146 ,duxit
1311 2098 1501 2127 uxorem.
1532 2082 1741 2140 Designat
1770 2094 1916 2130 autem
1948 2087 2017 2132 hie

1174 2147 1357 2191 Ovidius
1383 2147 1563 2191 Alcestis
1582 2148 1832 2205 tragoediam
1849 2184 1862 2205 ,
1883 2169 2016 2208 quam

1175 2211 1715 2270 Euripidesscdpsit.(]uid
1724 2218 1765 2258 T
1757 2218 1951 2263 heseass’
1953 2235 2017 2261 ra·

1175 2277 1359 2335 goediam
1393 2278 1447 2322 de
1478 2277 1650 2322 Theseo
1686 2279 1873 2338 intellige
1893 2314 1907 2334 ,
1942 2283 2018 2339 qui

1175 2351 1301 2386 natus
1319 2350 1383 2386 est
1401 2359 1452 2385 ex
1472 2341 1630 2385 AEthra
1652 2343 1812 2388 Pittbei
1832 2345 1945 2400 filia,
1969 2363 2018 2391 ae

1176 2408 1384 2463 Neptuno
1398 2439 1410 2462 ,
1437 2407 1483 2450 in
1499 2408 1539 2451 T
1542 2424 1710 2452 roezene
1728 2410 1918 2470 nutritus
1939 2429 2020 2469 pe-

1175 2489 1254 2516 nes
1268 2473 1493 2517 Pittheam
1513 2482 1762 2518 maternum
1785 2492 1916 2520 avum
1938 2495 1949 2522 z
1972 2494 2021 2523 ac

1176 2537 1296 2594 signa
1317 2537 1370 2581 ab
1390 2538 1531 2596 AEgeo
1555 2539 1634 2582 sub
1660 2555 1759 2582 saxo
1777 2540 1915 2597 posita
1936 2559 2020 2585 re·-

1179 2617 1469 2659 cognoscens‚
1502 2602 1696 2647 Athenas
1715 2604 1846 2648 venit.
1881 2607 1946 2659 Is,
1972 2615 2023 2650 ut

1183 2666 1383 2710 Herculis
1399 2667 1579 2711 virtutes
1601 2667 1845 2712 imitaretur
1860 2703 1872 2724 ,
1894 2670 1950 2713 ad
1969 2688 2022 2714 ea

1180 2730 1417 2775 certamina
1430 2731 1626 2775 animum
1641 2733 1812 2790 adjecit,
1827 2750 1923 2791 que
1937 2736 2023 2779 lau-

1181 2794 1284 2839 dem
1303 2804 1348 2839 et
1361 2795 1541 2853 gloriam
1552 2796 1632 2840 sibi
1651 2807 1792 2841 essent
1812 2799 2023 2842 adlatura.

1188 2862 1346 2914 Quidve
1357 2864 1598 2917 Pelasgum,
1622 2863 1809 2906 Iliacam.
1831 2863 2024 2907 Protesi—

1183 2925 1318 2969 laum.
1336 2928 1557 2982 Pelasgum
1575 2935 1723 2970 autem
1753 2936 1902 2979 vocat,
1925 2928 2026 2983 quia

1187 2990 1416 3036 Thessalus
1427 2990 1524 3035 fuit.
1538 2990 1704 3048 Pelasgi
1716 3000 1864 3035 autem
1883 2991 2023 3035 Thes-

1187 3054 1335 3099 saliam
1357 3069 1383 3097 a
1407 3055 1618 3113 principio
1639 3064 1833 3099 tenuere.

1244 3122 1335 3175 404.
1362 3122 1450 3174 Qui
1460 3127 1550 3164 rate
1559 3125 1717 3175 primus
1727 3122 1905 3163 humum.
1919 3120 2030 3163 Pede

1191 3183 1392 3228 nonnulli
1405 3215 1419 3238 ,
1441 3193 1484 3228 et
1501 3183 1615 3226 sorte
1635 3185 1805 3228 rectius.

1247 3252 1338 3304 405.
1350 3250 1551 3291 HucIole.
1566 3249 1738 3308 Euryti,
1753 3250 1961 3295 OEchaliae
1971 3268 2032 3295 re·

274 3340 334 3383 ρος
351 3322 442 3363 λέων
457 3317 626 3362 dicitur.
636 3318 967 3361 'H.-Haem0na.
980 3316 1051 3359 An
1058 3315 1116 3359 ti-
1195 3313 1256 3371 gis
1276 3314 1364 3356 filia
1379 3347 1391 3369 ‚
1414 3314 1466 3356 ab
1481 3314 1671 3357 Hercule
1684 3324 1836 3359 amata.
1849 3339 1901 3349 -
1913 3318 2031 3377 Pss-

277 3400 389 3443 gone
402 3417 414 3439 ,
426 3391 649 3427 contemto
661 3381 803 3426 edicto
818 3414 830 3436 ,
852 3397 908 3424 ne
924 3381 1018 3438 quis
1029 3381 1114 3424 Po·

278 3449 451 3509 lynicen
481 3458 706 3493 mortuum
735 3447 933 3504 sepeliret
951 3480 964 3503 ,
987 3462 1112 3503 eum,

1194 3382 1502 3435 rbiquepatens.
1516 3377 1761 3434 Deidamia,
1770 3380 1929 3439 Pyrrhi
1946 3397 2032 3423 ma·

1196 3454 1278 3502 ter,
1293 3444 1548 3504 Lycomedis
1561 3445 1796 3503 scyrorum
1808 3446 1919 3503 regis
1928 3446 2030 3502 filia,
