2280 3776
627 286 652 322 Χ

251 316 360 386 420

724 320 782 371 P.
829 318 1121 373 OVIDII
1166 316 1551 374 NASONIS

794 550 1305 656 EPI‘STOLA
1361 588 1466 657 11.

1038 726 1225 740 Μ

912 910 1330 970 *SEVERQ

822 1222 1424 1274 ARGUMENTUM.

247 1359 317 1402 Ad
343 1358 557 1402 Severum
577 1363 752 1411 poetam
768 1352 883 1394 hanc
899 1351 1137 1407 Epistolam
1162 1351 1309 1395 scribit
1331 1350 1516 1396 Ovidius
1532 1384 1545 1406 ‚
1562 1369 1607 1396 se
1622 1353 1769 1398 multis
1782 1353 2020 1399 rationibus

295 1444 499 1474 excusans
515 1460 526 1481 ‚
559 1424 677 1482 quod
710 1422 911 1466 nondum
939 1422 1038 1478 ejus
1063 1438 1230 1465 nomen
1260 1422 1347 1466 suis
1370 1421 1538 1478 scriptis
1554 1422 1803 1479 celebrarit,
1824 1427 2019 1482 quamvis

295 1509 443 1544 tamen
469 1509 699 1552 nunquam
727 1491 955 1537 cessaverit
985 1492 1039 1535 ad
1070 1508 1174 1535 eum
1206 1492 1406 1549 epistolas
1431 1491 1570 1536 soluta
1606 1494 1801 1538 oratione
1838 1495 2018 1551 scriptas

291 1570 481 1613 mittere.

241 1675 471 1780 QUOD
495 1697 631 1776 legis
650 1744 666 1768 ‚
698 1720 732 1756 o
760 1710 909 1756 vates
933 1716 1260 1773 magnorum
1289 1695 1523 1756 maxime
1552 1719 1746 1775 regum
1766 1743 1779 1770 ‚

318 1792 487 1854 Venit
514 1794 583 1854 ab
611 1792 862 1857 intonsis,
881 1815 1086 1875 usque,
1117 1792 1310 1852 Severe
1327 1837 1343 1865 ‚
1375 1791 1547 1852 Getis.

238 1891 411 1972 Cujus
441 1886 621 1948 adhuc
642 1911 843 1948 nomen
874 1895 1100 1948 nostros
1129 1886 1362 1948 tacuisse
1388 1885 1640 1959 libellos,

317 1985 377 2045 Si
406 1984 575 2045 modo
602 1982 879 2067 permittis
908 1983 1088 2044 dicere
1114 2005 1267 2056 vera,
1299 1983 1489 2066 pudet.
1522 2046 1524 2049 ,

239 2085 394 2146 Orba
424 2095 606 2144 tamen
634 2082 878 2142 numeris
909 2082 1138 2142 cessavit
1163 2080 1395 2164 epistola
1424 2105 1709 2164 nunquam
1981 2102 2014 2142 5

314 2184 402 2242 Ire
428 2205 528 2264 per
555 2179 790 2240 alternas
817 2177 1066 2239 officiosa
1093 2179 1252 2239 vices·

239 2278 495 2339 Carmina
522 2275 642 2338 sola
670 2275 775 2335 tibi
803 2295 1098 2335 memorem
1129 2274 1385 2335 testantia
1411 2297 1598 2334 curam

273 2412 294 2435 *
307 2411 502 2454 Sanno.
518 2409 622 2453 Duo
634 2408 817 2452 fuerunt
828 2417 984 2465 poetae,
1000 2423 1080 2451 no—

232 2477 352 2519 mine
367 2474 544 2527 Severi;
560 2475 670 2518 alter
686 2474 860 2517 Cassius
873 2473 1079 2528 Severus,

233 2540 481 2596 Parmensis
502 2539 663 2595 patria,
681 2538 755 2594 qui
783 2538 831 2580 in
849 2537 938 2580 acie
968 2536 1079 2580 Phi—

228 2603 384 2661 lippica
403 2619 483 2659 pro
500 2602 652 2645 Cassio
669 2617 721 2645 ac
740 2603 882 2645 Bruto
898 2616 1080 2658 pugna-

231 2671 317 2713 vit:
334 2684 436 2711 mox
456 2668 652 2711 Athenas
662 2684 753 2711 sese
768 2666 952 2710 contulit
966 2700 980 2721 ,
1003 2666 1080 2709 ubi

233 2752 257 2778 a
269 2734 416 2784 Vario,
427 2733 606 2777 consilio
624 2742 753 2789 atque
766 2732 976 2776 instinctu
991 2732 1083 2775 Au-

233 2802 362 2858 gusti,
382 2801 544 2844 occisus
558 2799 718 2843 dicitur
731 2816 742 2843 :
756 2800 810 2843 de
828 2799 1081 2856 quo-hoclo-

234 2883 286 2911 co
305 2864 485 2921 intelligi
501 2881 591 2908 non
609 2873 781 2921 potest,
799 2864 1080 2921 quando'haec

234 2932 434 2988 proximo
455 2939 556 2973 ante
571 2931 759 2987 Augusti
780 2930 948 2972 obitum
961 2945 1080 2972 anno

229 2998 386 3053 scripta
411 3005 527 3040 sunt.
547 2997 702 3052 Neque
728 2995 862 3038 etiam
883 2995 1078 3038 celebra·—

234 3072 355 3106 turus
368 3072 496 3120 poeta
511 3061 686 3106 videtur
705 3077 824 3115 eum,
841 3076 973 3117 quem
992 3061 1080 3102 Au-

234 3137 381 3183 gustus
401 3127 573 3171 odisset.
597 3126 722 3169 Alter
740 3125 821 3168 suit
844 3125 1078 3168 Cornelius

236 3193 444 3246 Severus,
466 3201 595 3249 poeta
616 3193 761 3249 epicus
777 3224 788 3245 ,
811 3191 864 3235 de
882 3207 969 3248 quo
983 3206 1078 3233 me-

235 3257 363 3303 minit
384 3257 574 3312 Quintil.
596 3258 733 3301 Instit.
755 3256 880 3301 Orat.
899 3258 970 3301 lib.
987 3265 1035 3301 X.

292 3339 307 3364 1
316 3354 325 3362 .
347 3323 473 3364 Vates
483 3338 718 3376 magnorum
732 3324 913 3365 maxime
922 3329 1078 3364 vatum.

236 3385 371 3428 Multi
396 3401 447 3428 ex
476 3385 660 3440 antiquis
692 3390 872 3428 maxime
905 3399 1073 3440 reguum·

237 3452 371 3509 probe
395 3468 404 3495 :
427 3450 538 3494 infra
565 3451 688 3505 Eleg.
706 3450 783 3493 ult.
805 3468 831 3509 9
851 3467 859 3500 ;
897 3468 918 3488 «
950 3451 1076 3505 Qui-

1161 2424 1246 2465 que
1267 2407 1388 2452 dedit
1409 2407 1535 2451 Latio
1564 2424 1743 2452 carmen
1763 2409 1906 2466 regale
1926 2410 2002 2454 Se·

1160 2490 1302 2517 verus.
1335 2493 1358 2512 »
1391 2474 1723 2532 Tragoediarum
1753 2476 2010 2530 scriptorem

1160 2538 1291 2582 fuisse
1323 2537 1549 2595 designat:
1583 2539 1644 2582 sic
1672 2539 1804 2583 Trist.
1835 2540 1909 2583 lib.
1931 2541 2003 2594 11,

1161 2619 1221 2646 vs.
1237 2604 1317 2646 553
1339 2618 1394 2646 εκ
1409 2603 1470 2646 Et
1489 2602 1690 2646 dedimus
1703 2603 1874 2659 tragicis
1890 2605 2006 2648 scri-

1160 2677 1288 2726 ptum
1303 2669 1445 2726 regale
1462 2669 1701 2713 cothurnis.
1727 2687 1750 2707 »
1771 2670 1832 2712 H.

1218 2751 1256 2775 2.
1285 2734 1358 2776 Ab
1380 2737 1561 2776 intonsis
1584 2735 1720 2777 Gett's.
1742 2733 1811 2776 Ab
1834 2732 2007 2776 incultis

1162 2806 1208 2840 et
1227 2797 1409 2854 impexis
1417 2796 1499 2840 illis
1512 2798 1680 2854 populis
1691 2829 1703 2851 ,
1716 2794 2006 2861 quipapillum

1160 2870 1205 2905 et
1226 2861 1404 2905 barbam
1423 2862 1736 2919 promittebant
1750 2895 1763 2916 ‚
1793 2870 2005 2918 erantque

1161 2936 1336 2984 aspectu
1357 2927 1524 2970 horridi
1539 2937 1584 2971 et
1598 2926 1911 2970 formidabiles.

1216 2995 1254 3035 5.
1289 2993 1404 3034 Orba
1434 2997 1627 3036 numeris.
1664 2992 1840 3048 Quibus
1866 2993 2007 3036 verbis

1159 3074 1203 3099 se
1217 3057 1356 3100 soluta
1375 3056 1574 3101 oratione
1594 3057 1648 3101 ad
1668 3073 1772 3102 eum
1789 3057 2006 3114 scripsisse.

1160 3123 1375 3178 exprimit.

1215 3207 1252 3246 7.
1272 3191 1424 3232 Curam
1443 3204 1671 3232 memorem.
1692 3188 1906 3232 Amorem
1919 3188 2002 3231 ho-

1158 3255 1288 3297 minis
1321 3255 1530 3297 memoris
1551 3259 1628 3298 tui.
1659 3254 1791 3297 MER.
1815 3254 1900 3297 Vel
1923 3268 2001 3296 ar-

1158 3330 1419 3377 gumentum
1443 3321 1652 3364 memoris
1675 3321 1838 3374 animi,
1869 3333 2000 3375 quem

1159 3394 1376 3429 testantur
1392 3386 1509 3430 inter
1522 3386 1718 3433 absentes
1732 3418 1744 3439 ,
1761 3385 1876 3429 dona
1893 3392 1938 3426 et
1956 3381 2000 3423 li-

1124 3458 1274 3492 qerae.
1291 3451 1341 3493 P.
