2280 3776
558 255 999 315 TRISTIUM
1040 258 1201 314 LIB.
1247 260 1320 315 V.
1367 261 1606 318 ELEG.
1651 267 1807 323 XII.

1954 272 2055 343 241

391 371 714 434 Carceribus
743 373 940 434 missos
968 371 1196 434 ultimus
1222 374 1328 435 ibit
1357 399 1558 460 equos:

292 466 553 528 «Vertitur
578 468 635 530 in
665 473 900 530 teneram
930 469 1154 542 cariem,
1183 470 1443 555 rimisque
1473 473 1737 550 dehiscit,

387 566 447 625 Si
473 591 581 650 qua
609 566 704 628 diu
733 565 913 629 solitis
943 566 1135 651 cymba
1160 569 1361 630 vacarit
1388 573 1576 655 aquis:

305 663 400 725 Me
431 689 651 748 quoque
683 665 942 748 despero,
972 664 1167 726 fuerim
1199 690 1368 750 quum
1397 693 1594 752 parvus
1623 687 1677 733 et
1702 688 1825 735 ante
1843 722 1858 749 ,

384 759 474 827 Illi
493 774 523 835 ,”
538 760 635 845 qui
661 761 865 823 fueram
882 808 898 834 ,
928 785 1090 845 posse
1115 761 1288 823 redire
1316 788 1514 847 parem.
2013 792 2066 836 30

304 857 572 919 Contudit
599 859 877 938 ingenium
906 858 1170 943 patientia
1198 858 1359 938 longa
1390 859 1667 938 laborum,

381 954 456 1013 Et
483 977 609 1036 pars
638 954 849 1036 antiqui
878 971 1075 1036 mma
1100 954 1304 1034 vigoris
1333 956 1502 1017 abest.

302 1049 455 1132 Saepe
486 1065 664 1111 tamen
690 1051 884 1124 nobis,
914 1067 979 1112 ut
1008 1074 1155 1112 nunc
1185 1076 1438 1136 quoque,
1468 1071 1646 1117 sumta
1674 1058 1871 1121 tabella
1895 1077 2002 1135 est,

382 1148 558 1229 Inque
585 1171 713 1208 suos
740 1148 890 1209 volui
920 1171 1111 1227 cogere
1139 1149 1305 1209 verba
1330 1150 1527 1233 pedes:

301 1241 554 1304 Carmina
580 1244 782 1327 scripta
805 1244 940 1304 mihi
967 1259 1098 1305 sunt
1118 1243 1297 1318 nulla,
1330 1261 1426 1306 aut
1450 1247 1628 1329 qualia
1653 1251 1855 1323 εει-υἷες
2015 1276 2070 1317 35

379 1339 560 1419 Digna
589 1341 674 1402 sui
699 1340 910 1401 domini
942 1355 1220 1425 tempore,
1253 1341 1419 1420 digna
1444 1342 1581 1405 loco.

298 1432 549 1517 Denique
578 1458 692 1495 non
719 1458 910 1519 parvas
941 1435 1121 1495 animo
1154 1435 1246 1497 dat
1273 1435 1449 1516 gloria
1476 1438 1649 1511 vires;

379 1532 454 1593 Et
481 1533 729 1595 foecunda
758 1534 888 1595 facit
912 1550 1133 1618 pectora
1160 1533 1336 1595 laudis
1365 1559 1533 1596 amor.

296 1626 549 1688 Nominis
579 1643 634 1690 et
662 1629 815 1690 famae
845 1629 1122 1712 quondam
1150 1628 1362 1709 fulgore
1396 1631 1675 1702 trahebar,

375 1723 526 1785 Dum
554 1723 682 1784 tulit
709 1739 970 1786 antennas
995 1748 1125 1786 aura
1154 1725 1389 1786 secunda
1417 1749 1580 1788 meas.
2012 1748 2067 1802 42

294 1821 422 1881 Non
453 1821 587 1882 adeo
614 1838 696 1883 est
724 1822 865 1883 bene
896 1847 1071 1894 nunc,
1105 1837 1168 1882 ut
1196 1823 1270 1882 sit
1294 1823 1428 1882 mihi
1459 1823 1631 1901 gloria
1657 1848 1828 1886 curae:

374 1915 434 1975 Si
461 1915 648 1990 liceat,
676 1917 814 1977 nulli
842 1918 1096 1996 cognitus
1126 1939 1242 1978 esse
1270 1915 1447 1977 velim.

291 2015 409 2088 An,
442 2015 569 2098 quia
597 2030 876 2077 cesserunt
905 2013 1085 2097 primo
1110 2014 1252 2075 bene
1277 2013 1538 2084 carmina,
1570 2014 1763 2076 suades

372 2110 621 2172 Scribere
639 2157 654 2183 ,
686 2133 968 2172 successus
997 2125 1061 2171 ut
1090 2133 1288 2193 sequar
1317 2110 1434 2192 ipse
1460 2111 1660 2170 meos?

290 2207 461 2281 Pace,
489 2231 715 2279 novem,
747 2222 922 2266 vestra
950 2207 1108 2266 liceat
1139 2207 1367 2278 dixisse,
1399 2207 1663 2278 Sorores,
2004 2229 2057 2281 4⁵

369 2305 488 2364 Vos
519 2304 648 2366 estis
674 2318 876 2364 nostrae
904 2303 1136 2364 maxima
1166 2327 1325 2363 causa
1353 2302 1511 2381 fugae.

290 2401 478 2482 thue
506 2398 659 2459 dedit
681 2399 853 2479 justas
881 2398 1023 2458 tauri
1050 2397 1345 2457 fabricator
1373 2396 1563 2468 aheni,

371 2496 460 2558 Sic
489 2520 588 2576 ego
617 2497 688 2558 do
719 2518 908 2579 poenas
932 2495 1141 2555 artibus
1170 2495 1290 2577 ipse
1316 2495 1468 2553 meis.

343 2675 409 2719 26.
435 2676 615 2719 Ultimus
631 2676 711 2717 ibit
724 2687 863 2729 equus.
881 2671 1026 2727 Equos
1046 2685 1128 2713 re·-

286 2741 395 2786 ctius
415 2738 629 2784 nonnulli.
650 2738 711 2781 H.

1262 2685 1327 2728 ²9·
1361 2670 1436 2712 Mc
1468 2684 1622 2726 quoqne
1651 2672 1832 2725 despera.
1864 2673 2049 2727 Despem

1207 2749 1309 2778 cum
1336 2734 1463 2790 prim.
1485 2733 1620 2777 Palat.
1639 2743 1685 2778 et
1714 2744 1901 2791 quatuor
1928 2737 2047 2781 aliis:

342 2823 407 2862 ²7·
426 2807 478 2848 In
492 2812 669 2847 teneram
687 2804 851 2845 cariem.
869 2800 972 2844 Non
991 2799 1129 2856 placet
1207 2809 1252 2844 et
1279 2816 1382 2843 mox
1403 2803 1588 2844 laborum
1615 2817 1695 2858 pro
1719 2805 1903 2845 dolorum
1931 2819 2046 2847 non—

284 2870 370 2915 hoc
388 2869 615 2926 epitheton
637 2884 647 2911 ε
670 2875 816 2911 tetram
840 2866 1124 2922 conjecerunt

288 2935 497 2978 Heinsius
511 2942 556 2977 et
567 2932 798 2976 Francius:
822 2947 904 2988 ego
917 2929 1033 2973 aliud
1053 2929 1123 2972 ad-

287 2998 375 3042 huc
404 3012 578 3055 qum-03
611 3013 667 3041 an
696 3004 852 3040 tenuem
868 2997 894 3039 ,θ
917 3010 1013 3052 quae
1042 3010 1123 3037 vox

288 3077 399 3120 saepe
427 3078 529 3106 cum
554 3061 634 3104 alia
660 3069 925 3105 commutata
955 3059 1124 3116 reperi-

287 3134 372 3169 tur.
386 3126 546 3169 Bunu.
795 3120 802 3134 ⁵

343 3192 408 3235 28.
431 3193 590 3250 Cymba
602 3194 771 3234 meavit
783 3194 917 3246 aquis.
937 3189 988 3233 Si
1006 3189 1050 3231 in
1067 3188 1124 3231 ri-

289 3271 391 3313 pam
408 3255 619 3299 subducta
631 3287 642 3308 ,
661 3255 737 3297 diu
756 3254 878 3298 haesit
898 3254 945 3296 in
969 3253 1123 3296 arenis.

295 3323 489 3375 Vacabit,
506 3319 707 3363 meliores
721 3336 731 3371 ;
746 3318 988 3375 Hamburg.
999 3334 1123 3361 vaca·

285 3391 369 3442 τίη
387 3395 517 3431 recte.
538 3386 786 3430 Puteaneus
802 3393 975 3441 negatur
988 3388 1121 3440 aquis.

494 3473 644 3531 VII.

1207 2865 1327 2908 nulli.
1345 2866 1405 2908 H.

1259 2933 1326 2975 33.
1354 2933 1417 2974 Ut
1427 2948 1537 2976 nunc
1555 2947 1711 2988 quoque
1728 2941 1877 2975 sumta.
1906 2932 2043 2976 Nihi-

1204 2996 1393 3040 lominus
1411 2997 1626 3054 imperare
1644 2997 1754 3040 mihi
1779 3013 1870 3040 non
1890 2998 2010 3054 potui
2028 3032 2042 3054 ,

1206 3063 1313 3120 quin
1331 3062 1577 3106 scriberem.
1597 3063 1650 3105 P.

1259 3127 1312 3170 38
1332 3129 1550 3170 Fecunda.
1570 3127 1774 3168 Facunda
1800 3124 1940 3168 multi.

1246 3194 1311 3246 44.
1327 3193 1565 3235 Successus.
1581 3190 1700 3246 Quia
1714 3189 1822 3232 mihi
1834 3189 1945 3233 male
1952 3206 2041 3234 suc-

1204 3264 1340 3299 cessit.

1237 3323 1262 3375 4
1268 3338 1301 3375 7.
1322 3321 1364 3362 T
1358 3324 1454 3363 auri
1447 3319 1824 3375 fabricatorabeni.
1834 3319 2017 3363 Pet-illus
2028 3337 2039 3363 z

1204 3384 1258 3427 de
1280 3385 1468 3440 quoiam
1489 3383 1655 3428 dictum
1675 3392 1750 3428 est.
1776 3384 1906 3428 Mna.

1753 3469 1817 3523 16
