2280 3776
448 303 896 363 TRISTIUM
934 274 1251 359 21n.1v.
1297 304 1547 360 ELEG.
1593 306 1710 363 1v.

1887 308 1986 384 175

222 414 336 483 Nec
363 421 559 505 procul
587 447 617 484 a
645 421 808 483 nobis
835 418 989 482 locus
1018 434 1128 492 eat,
1161 419 1259 482 ubi
1285 420 1517 483 Taurica
1544 420 1662 482 dira

303 520 462 580 Caede
485 520 805 603 pharetratae
833 517 1077 601 pascitur
1104 543 1195 580 ara
1227 519 1370 579 Deae.

224 615 353 676 Haec
384 616 538 699 prius
557 662 571 689 ,
599 630 663 676 ut
690 629 1021 688 memorant,
1052 639 1166 676 non
1196 615 1465 677 invidiosa
1494 615 1769 690 nefandis,
1939 635 1996 677 65

303 713 416 773 Nec
444 711 711 796 cupienda
739 711 934 785 bonis,
967 735 1130 791 regna
1160 711 1430 773 Thoantis
1460 726 1629 772 erant.

224 807 330 868 Hic
357 832 460 891 pro
490 807 779 892 subposita
804 807 956 888 virgo
985 806 1245 892 Pelopeia
1277 831 1429 870 cerva

303 903 466 964 Sacra
496 904 625 964 Deae
654 901 826 964 coluit
857 901 1274 987 qualiacumque
1301 927 1428 965 suae.

224 997 356 1077 Quo
386 1012 708 1086 postquam,
742 998 974 1060 dubium
1004 999 1131 1084 pius
1160 1023 1229 1060 an
1256 997 1578 1072 sceleratuS,
1611 1001 1837 1062 Orestes

302 1095 542 1156 Exactus
570 1087 728 1157 furiis
758 1111 975 1158 venerat
1004 1097 1121 1180 ipse
1151 1096 1294 1168 sui8‚
1574 1154 1578 1158 ,
1943 1124 1997 1169 7⁰

220 1192 297 1251 Et
324 1215 503 1253 comes
529 1192 838 1277 exemplum
865 1193 975 1254 veri
1007 1194 1272 1255 Phocaeus
1299 1192 1553 1262 amoriS,.

303 1288 419 1368 Qui
450 1287 560 1349 duo
593 1290 920 1373 corporibus
939 1336 954 1363 ,
986 1289 1266 1352 mentibus
1297 1312 1441 1350 unus
1476 1302 1667 1360 erant:

220 1385 483 1448 Protinus
510 1387 709 1449 evincti
736 1388 933 1450 Triviae
965 1388 1242 1450 ducuntur
1268 1387 1337 1448 ad
1364 1409 1512 1447 aram
1529 1434 1544 1459 ,

303 1485 444 1566 Quae
475 1482 655 1547 stabat
679 1487 920 1565 geminas
949 1501 1075 1548 ante
1107 1500 1330 1548 cruenta
1356 1485 1535 1546 sores:

223 1582 336 1643 Nec
366 1598 543 1645 tamen
562 1583 714 1645 hunc
743 1608 839 1645 sua
869 1609 1043 1657 mors,
1071 1607 1172 1645 nec
1204 1607 1355 1645 mors
1381 1606 1481 1644 sua
1510 1582 1705 1643 terruit
1733 1581 1916 1654 illum;
1948 1602 2001 1660 7³³

264 1748 332 1792 63.
351 1748 440 1795 Ubi
453 1751 641 1795 Taun‘ca.
657 1750 746 1795 Ubi
761 1752 881 1808 regio
893 1751 962 1795 illa
975 1767 1069 1795 cru-

222 1812 330 1857 delis
344 1846 355 1867 ,
378 1812 431 1858 de
447 1830 530 1871 qua
546 1815 800 1859 Herodotus
814 1816 921 1859 libro
936 1831 1069 1872 quar-

1151 1749 1359 1802 stlopeea.
1395 1747 1620 1806 Iphigenia
1637 1780 1650 1802 ,
1690 1748 1778 1791 filia
1811 1749 2003 1806 Agame-

1150 1811 1341 1864 mnonis,
1355 1827 1406 1854 ex
1424 1811 1596 1868 Pelopis
1610 1828 1783 1869 genere.
1798 1815 1882 1856 Pm
1901 1819 2002 1857 sub-

224 1888 291 1931 to;
312 1886 356 1922 et
376 1879 444 1922 lib.
466 1879 535 1924 ΙΙΙ
552 1913 564 1933 ,
590 1879 642 1924 de
662 1882 806 1924 Ponto
824 1880 889 1924 El.
911 1894 946 1923 11
961 1914 973 1935 ‚
1000 1883 1066 1925 80.
1141 1880 1288 1931 posita
1309 1892 1441 1919 cerae.
1468 1877 1557 1920 Pro
1578 1893 1727 1931 cerva,
1750 1893 1880 1934 quam
1907 1878 2002 1922 loco

274 1943 341 1998 64.
367 1942 488 1987 Cede
499 1945 751 1998 pharetrate
768 1949 979 1999 spargitur
992 1961 1069 1987 ara

221 2006 336 2051 Dee.
349 2006 549 2049 Pascitur
558 2007 685 2063 prim.
707 2008 848 2051 Vatic.
863 2023 926 2064 pr.
942 2007 1067 2050 Polit.

221 2079 309 2129 opt.
321 2070 484 2114 Medic.
502 2079 547 2115 et
566 2071 730 2116 Moreti
749 2071 885 2116 codex
901 2087 979 2130 pro
1000 2072 1070 2115 di-

223 2153 342 2185 versa
355 2137 539 2182 lectione
554 2154 564 2183 :
581 2138 688 2182 nihil
704 2140 848 2183 verius
865 2156 874 2183 t
891 2139 951 2184 sic
964 2148 1006 2183 et
1022 2140 1067 2184 in

223 2200 461 2258 virgiliana
489 2201 700 2246 AEneidns
720 2203 993 2248 dedicatione
1011 2237 1022 2258 ,
1043 2221 1067 2248 e

222 2265 435 2310 catal-ictis
454 2265 507 2310 ud
529 2267 755 2311 Venerem
769 2301 780 2323 ,
798 2285 906 2313 vers.
929 2286 967 2326 7,
995 2269 1069 2312 ubi

224 2346 342 2375 nunc
361 2330 689 2376 circumfertur:
705 2352 726 2371 «
753 2332 970 2392 Corniger
991 2334 1070 2377 hos

223 2397 332 2441 aries
350 2396 534 2442 humiles
554 2407 599 2442 et
621 2399 805 2443 maxima
828 2410 976 2444 taurus
992 2401 1071 2443 Vi—

223 2462 353 2507 ctima
365 2472 529 2507 sacrato
547 2463 686 2520 tinget
697 2463 866 2508 honore
881 2466 1002 2509 focos
1016 2482 1028 2516 ;
1047 2483 1068 2503 ›-

225 2543 362 2586 quum
380 2528 424 2572 in
448 2529 584 2572 veteri
610 2529 755 2573 codice
783 2530 1070 2586 Neapolitano

225 2594 473 2638 Sannasarii
491 2628 503 2648 ,
526 2594 693 2651 legatur
704 2603 871 2650 sparget
888 2598 1040 2638 honore
1055 2629 1067 2647 ,

225 2659 293 2702 vix
307 2658 459 2702 dubito
473 2658 577 2715 quin
593 2659 900 2716 reponendum
924 2660 978 2703 sit
993 2675 1072 2713 pa-

225 2731 314 2767 scet
335 2723 604 2766 bonamvat.
629 2723 765 2768 Flacc.
781 2743 800 2760 «
829 2725 946 2767 Tum
963 2741 1073 2780 quo-

228 2803 415 2846 cumque
444 2790 539 2833 loco
557 2791 734 2833 meritas
753 2791 830 2834 tibi
859 2791 1072 2847 plurimus

229 2869 321 2897 aras
332 2855 487 2899 Pascet
506 2854 658 2898 honos.
678 2874 700 2893 »
712 2858 902 2899 —Ca-de.
922 2856 1070 2900 Morte

229 2918 460 2976 hospitum.
485 2924 587 2966 Dee
603 2926 856 2977 pharetrata·
872 2929 1071 2977 pascitur.

230 2982 338 3031 Dea
362 2984 542 3039 Dianae,
568 3003 664 3044 quae
693 2997 903 3043 tanquam
928 3004 1071 3030 vena-

230 3046 360 3092 tionis
374 3049 469 3092 Dea
488 3052 648 3108 sagittis
663 3054 813 3095 utitur.
836 3054 943 3096 Haec
965 3052 1074 3095 retia

233 3113 284 3155 ad
316 3113 566 3156 venandum
594 3116 761 3159 invenit
776 3149 788 3168 ,
825 3133 874 3159 ex
907 3133 995 3172 quo
1030 3125 1073 3159 et

230 3179 533 3238 Dictynnaest
553 3181 871 3236 cognominata.
889 3180 1075 3223 Colcha-

231 3253 302 3287 tur
314 3254 460 3287 autem
474 3243 584 3287 circa
601 3244 840 3299 Ephesum,
858 3245 1071 3299 Pontum,

233 3309 485 3363 Persidem,
506 3318 550 3351 et
571 3307 774 3351 Cretam:
792 3309 909 3351 unde
926 3309 1076 3364 Ephe-

233 3377 293 3420 sia
307 3410 319 3431 ,
343 3375 487 3419 Ctesia
501 3408 513 3429 ‚
538 3375 801 3431 Tauropolia
812 3409 824 3429 ,
843 3391 890 3417 ac
905 3377 1073 3420 Persea.

285 3440 350 3496 67.
367 3442 463 3482 Hic.
476 3440 528 3483 In
545 3439 729 3483 Taurica
742 3439 932 3494 regione.
949 3443 1074 3496 Virgo

1152 1940 1389 1997 Iphigeniae
1411 1941 1593 1996 subjecit
1616 1941 1784 1996 Diana,
1809 1951 1856 1985 ut
1874 1941 2003 1986 docet

1151 2003 1327 2047 Servius
1349 2004 1392 2047 in
1412 2006 1691 2049 enarratione
1713 2007 1808 2064 ejus
1827 2022 2001 2060 versus,

1152 2089 1174 2108 κ
1191 2070 1414 2128 Sanguine
1430 2070 1624 2127 placastis
1643 2080 1797 2115 ventos
1810 2104 1823 2126 ,
1845 2080 1889 2115 et
1904 2072 2002 2114 vir-

1152 2136 1250 2194 gine
1265 2151 1382 2179 caesa.
1411 2153 1432 2173 ι»

1204 2201 1269 2259 69
1279 2202 1384 2243 Pius
1393 2216 1452 2243 an
1459 2204 1696 2245 sceleratus.
1712 2200 1755 2244 U
1762 2199 1847 2243 nde
1861 2216 2000 2256 quum

1151 2265 1517 2323 Areopagitarum
1537 2263 1748 2323 judicium
1774 2264 1998 2318 subiisset,

1151 2333 1323 2375 variatis
1358 2331 1590 2375 hominum
1618 2332 1846 2375 sententiis
1861 2364 1872 2384 ,
1909 2348 2002 2375 non

1151 2397 1292 2441 solum
1308 2397 1470 2449 divina,
1480 2396 1555 2440 sed
1568 2398 1700 2440 etiam
1718 2396 1823 2439 Deae
1834 2398 2004 2454 sapien·

1154 2464 1327 2506 tissimae
1346 2463 1562 2506 sententia
1582 2462 1802 2506 absolutus
1822 2462 1929 2517 suit,
1952 2473 2002 2506 ut

1153 2527 1278 2571 docet
1292 2527 1450 2571 Cicero
1462 2528 1508 2570 in
1516 2528 1714 2571 oratione
1726 2543 1806 2583 pro
1818 2527 2002 2571 Milone.

1211 2609 1272 2649 70·
1295 2593 1502 2635 Exactus.
1533 2595 1721 2635 Ventus
1740 2592 1952 2636 Bernens.

1209 2674 1272 2713 71.
1285 2659 1497 2700 Phoceus.
1515 2657 1698 2717 Pylades
1713 2690 1724 2712 ,
1739 2673 1791 2700 ex
1807 2657 2001 2701 Phocide

1154 2724 1332 2779 regione
1346 2756 1356 2775 ,
1382 2722 1495 2766 filius
1516 2722 1711 2779 Strophii
1734 2739 1744 2765 :
1767 2721 2002 2765 fidissimus

1155 2789 1248 2846 ejus
1269 2796 1312 2830 et
1327 2786 1578 2830 individuus
1597 2803 1757 2831 comes.

1210 2870 1229 2907 7
1236 2853 1273 2895 3.
1292 2854 1467 2895 Tristem
1477 2855 1748 2895 ducuntumd
1754 2869 1885 2895 aran.
1896 2854 2003 2896 Bar-

1155 2916 1294 2960 berin.
1319 2926 1363 2959 et
1380 2916 1678 2973 fragmentum
1693 2917 1828 2960 Vatic.
1843 2933 1923 2974 pro
1942 2917 2004 2958 di·

1155 2997 1277 3024 versa
1291 2981 1491 3036 lectione,
1511 2984 1659 3025 Ttivt'e
1668 2986 1874 3032 adaram:
1884 2981 2005 3038 quod

1158 3055 1200 3089 et
1212 3046 1450 3089 Vossianus
1461 3047 1716 3090 confirmat:
1731 3056 1861 3089 recte.
1873 3048 2003 3089 Pont-

1158 3111 1226 3155 ΙΙΙ
1241 3143 1252 3164 ,
1278 3110 1399 3167 Eleg.
1424 3124 1459 3152 11
1476 3144 1489 3165 ,
1512 3113 1628 3154 locus
1651 3111 1751 3153 huic
1775 3112 2002 3166 geminus,

1162 3197 1206 3236 71
1226 3195 1236 3221 ε
1256 3198 1276 3215 «
1299 3180 1504 3222 Protinus
1522 3179 1738 3221 immitem
1756 3179 1915 3221 Triviae
1929 3179 2005 3221 du-

1159 3255 1319 3288 cuntur
1334 3244 1387 3286 ad
1404 3260 1541 3296 aram,
1558 3243 1728 3286 Evincti
1745 3244 1936 3299 geminas
1951 3242 2006 3285 ad

1160 3327 1235 3354 sua
1264 3319 1381 3365 terga
1403 3325 1570 3352 manus.
1595 3329 1615 3346 υ
1639 3310 1852 3352 H.—Ad
1874 3326 2006 3351 aram.

1162 3375 1230 3418 Ad
1277 3391 1394 3417 aram
1425 3375 1578 3417 Diauae
1620 3375 1839 3430 Taurieae,
1873 3384 1923 3419 ut
1953 3374 2008 3417 de

1163 3456 1283 3483 more
1308 3440 1415 3485 Deae
1445 3439 1804 3485 sacrificarentur.
